1971 3272
77 140 131 182 ix.
156 155 217 185 12.
323 143 396 184 IN
438 144 482 184 S.
515 143 854 185 JOANNEM.
916 143 1040 183 LIB.
1064 144 1143 185 VI.
1205 144 1340 184 CAP.
1376 144 1411 184 I.
1582 145 1657 184 161

76 249 281 314 λημένης
319 254 400 314 τῆς
437 253 506 303 ἐπ’
545 253 671 320 αὐτῷ
709 256 882 305 λαλιᾶς
919 255 1156 319 πανταχῇ.
1215 252 1379 305 ἄλλως
1413 275 1462 302 τε
1497 253 1572 301 καὶ
1610 252 1662 300 οὐ

75 331 270 399 σφόδρα
315 332 390 383 διὰ
434 337 648 397 σπουδῆς
690 332 901 400 ὑπάρχον
941 335 1120 400 ὁρῶμεν
1159 339 1255 386 τοῖς
1300 336 1375 383 καὶ
1420 332 1473 383 τὸ
1518 337 1662 394 σῶμα

76 413 425 476 λελωβημένοις
452 418 526 466 καὶ
552 415 740 485 ἀκράτῳ
767 416 1049 483 μαχομένοις
1077 417 1237 484 ἐνδείᾳ,
1265 414 1318 466 τὸ
1346 417 1450 481 περὶ
1481 419 1662 480 γνῶσιν
1681 436 1701 461 e

75 496 395 562 ἀσχολεῖσθαι
430 496 516 560 τὴν
546 502 698 559 τινῶν,
727 499 1014 561 δαπανώσης
1048 498 1212 563 ὥσπερ
1247 497 1366 561 ὅλην
1397 497 1550 547 αὐτῶν
1577 495 1663 559 τὴν

32 590 55 629 5
77 579 306 645 φροντίδα
343 582 424 642 τῆς
463 579 748 645 ἀγοητεύτου
786 580 963 632 πενίας.
1022 580 1355 645 ἁπλούστερον
1393 579 1550 629 τοίνυν
1588 579 1664 628 καὶ

76 659 327 726 ἄνθρωπον
364 663 607 722 ἀποκαλεῖ,
636 662 712 710 καὶ
750 659 833 710 τὸν
868 663 951 724 τῆς
990 659 1159 714 ἰάσεως
1197 661 1430 729 ἐξηγεῖται
1469 659 1661 724 τρόπον.

76 741 165 792 ἔδει
200 741 285 806 μὲν
311 741 405 809 γὰρ
441 746 508 811 τῷ
539 743 723 807 μεγέθει
759 748 843 793 τοῦ
879 741 1114 805 θαύματος
1150 742 1554 806 ἀναπεπεισμένον
1579 741 1665 805 τὴν

77 822 191 890 ὑπὲρ
233 823 497 890 ἀνθρώπων
539 824 689 892 φύσιν
731 825 1007 891 χαρίζεσθαι
1047 823 1194 893 δόξαν
1235 829 1301 893 τῷ
1342 827 1660 892 τερατουργῲ,

75 910 142 974 τῷ
165 904 314 970 γεμὴν
342 906 576 957 δύνασθαι
603 903 709 959 τοῦς
737 908 899 972 ἁγίους
925 908 1125 973 ἐνεργεῖν
1152 905 1227 956 διὰ
1256 910 1382 957 Θεοῦ
1412 905 1470 957 τὰ
1504 905 1658 971 παρά·
1683 922 1704 947 a
1732 914 1818 947 605
1834 912 1885 947 A·

9 1005 56 1030 10
77 988 195 1055 δοξα
243 985 330 1051 τὴν
379 988 543 1039 πίστιν
593 987 836 1049 ἐπιδιδοὺς,
889 987 1245 1054 συναρπάζεταί
1290 1011 1390 1041 πως
1440 987 1558 1054 πρὸς
1609 985 1662 1038 τὸ

77 1069 303 1137 ὑπάρχειν
342 1069 525 1121 ἐκείνων
564 1070 644 1120 ἕνα
684 1070 884 1137 νομίζειν
923 1070 1079 1122 αὐτόν.

211 1263 286 1306 Καὶ
323 1260 444 1307 εἶπον
483 1265 601 1320 αὐτῷ
632 1266 720 1307 Ποῦ
758 1266 872 1309 ἐστιν
910 1263 1100 1319 ὲκεῖνοε;
1150 1266 1263 1313 λέγει
1302 1265 1390 1307 Οὐκ
1428 1260 1539 1306 οἶδα.
1688 1282 1732 1307 12

151 1385 257 1435 Οὐκ
283 1385 332 1435 ἐκ
364 1385 592 1453 φιλοθεόυ
627 1385 817 1451 γνώμης
853 1384 1045 1451 ζητοῦσι
1081 1384 1164 1436 τὸν
1190 1386 1394 1449 Ἰησοῦν,
1422 1385 1532 1434 ἀλλ’
1562 1382 1665 1434 οὐδὲ

77 1465 184 1517 ὅποι
233 1469 308 1517 καὶ
359 1467 491 1533 παρὰ
540 1468 668 1518 τίσιν
718 1469 916 1519 ε’ποιεῖτο
967 1467 1051 1522 τὰς
1102 1467 1346 1533 διατριβὰς
1403 1467 1666 1531 ἐπείγονται

10 1564 56 1604 15
77 1552 256 1611 μαθεῖν,
294 1548 370 1599 ἵνα
411 1571 456 1599 τι
495 1553 590 1599 τῶν
628 1549 987 1600 συντελούντων
1026 1554 1087 1603 εἷς
1134 1549 1300 1614 ὄνησιν
1337 1548 1666 1615 περιτυχόντες

77 1629 329 1694 αἶτήσειαν,
357 1631 682 1697 πεπηρωμένοι
723 1631 771 1682 δὲ
811 1635 892 1696 τῆς
927 1631 1133 1685 διανοίας
1171 1631 1253 1683 τὸν
1288 1630 1558 1699 ὀφθαλμὸν,
1593 1631 1668 1680 καὶ

76 1710 205 1762 πολὺ
242 1713 464 1779 χειρόνως
501 1712 620 1778 ἤπερ
659 1712 827 1767 ἐκεῖνός
866 1737 982 1765 ποτε
1028 1713 1111 1765 τὸν
1149 1720 1231 1765 τοῦ
1274 1714 1511 1777 σώματος,
1550 1710 1712 1777 πρὸςῖ)

78 1793 371 1858 ἀδικωτάτην
396 1793 544 1860 ὀργὴν
570 1796 884 1857 ἀνακαιόνται,
913 1798 987 1846 καὶ
1016 1797 1191 1862 θηρίων
1217 1795 1460 1846 ἀτιθάσων
1487 1796 1669 1856 ἀναπη-

78 1877 200 1926 δῶσι
231 1877 376 1940 δίκην,
411 1876 647 1927 λελύσθαι
688 1878 949 1944 νομίζοντες
987 1877 1118 1944 παρὰ
1156 1883 1239 1928 τοῦ
1275 1879 1496 1943 Σωτῆρος
1535 1876 1669 1939 ἡμῶν

8 1977 58 2002 20
79 1956 273 2021 νομικὴν
298 1956 495 2021 ἐντολὴν
520 1957 607 2021 τὴν
633 1960 706 2009 ἐπὶ
733 1958 788 2009 τὸ
819 1959 992 2026 χρῆναί
1025 1964 1147 2026 φημι
1183 1958 1327 2022 μηδὲν
1354 1960 1401 2007 ἐν
1427 1955 1667 2025 σαββάτῳ

78 2038 133 2089 τὸ
166 2038 392 2105 παράπαν
418 2038 700 2105 ἐργάζεσθαι
738 2040 1115 2107 διηγορευμένην.
1172 2039 1495 2104 λελυττήκασι
1531 2038 1578 2088 δὲ
1614 2038 1667 2088 οὐ

77 2121 288 2186 μετρίως,
316 2120 502 2186 ἐπείπερ
528 2120 653 2175 ὅλως
679 2128 837 2185 πηλοῦ
865 2127 1012 2187 θιγεῖν
1038 2120 1361 2186 ἀπετόλμησε,
1382 2121 1666 2188 περιτρίψας

78 2202 298 2272 δακτύλῳ
336 2201 422 2266 τὴν
446 2205 552 2268 γῆν,
579 2205 653 2253 καὶ
689 2203 889 2269 προσέτι
924 2209 1062 2254 τοῦτο
1098 2205 1173 2253 καὶ
1207 2204 1541 2270 ἀπονίψασθαι
1572 2205 1666 2252 δεῖν

79 2285 128 2334 ἐν
153 2282 390 2354 σαββάτῳ
416 2283 499 2335 τὸν
527 2285 779 2351 ἄνθρωπον
806 2285 1068 2354 διετάξατο.
1125 2283 1274 2335 διάτοι
1307 2290 1447 2335 τοῦτο
1481 2285 1556 2334 καὶ
1583 2282 1665 2334 τὸν
1683 2307 1704 2334 c

9 2379 58 2418 25
80 2365 143 2435 ἐξ
158 2367 303 2433 ὀργῆς
337 2370 413 2417 καὶ
449 2368 673 2421 ἀπονοίας
699 2367 968 2433 ἐρεύγονται
995 2366 1144 2433 λόγον
1170 2365 1224 2418 τό
1253 2368 1344 2417 Ποῦ
1370 2367 1484 2417 ἐστιν
1512 2366 1665 2419 ἐκεῖνος

130 2539 160 2561 1.
187 2525 236 2561 ἐπ’
257 2526 364 2572 αὐτῷ]
383 2541 462 2571 περι
479 2527 583 2562 αυτοῦ
601 2539 632 2562 a.
697 2529 852 2573 πανταχῆ
872 2528 1026 2562 ἀλώσετε
1045 2543 1097 2562 και
1116 2528 1155 2561 οὐ
1175 2527 1218 2562 Β.
1235 2528 1402 2571 πανταχῆ.
1428 2526 1543 2561 ἱίλλως
1560 2540 1596 2560 τε
1613 2526 1668 2559 καὶ

79 2573 119 2607 οὗ
138 2585 168 2608 a.
186 2579 220 2607 et
235 2573 284 2607 ita
300 2573 462 2607 emendat
481 2574 612 2620 Heyse.
630 2589 784 2619 πανταχη
802 2575 985 2609 ἁλώσεται.
1012 2576 1127 2610 ἄλλως
1144 2589 1179 2608 τε
1198 2575 1278 2617 (Sic)
1299 2574 1365 2607 Ed.
1464 2583 1495 2606 2.
1523 2573 1577 2606 διὰ
1595 2583 1664 2605 om.

82 2619 125 2654 Β.
143 2620 334 2663 assumpsit
351 2632 369 2653 e
388 2620 465 2654 Cat.
483 2626 523 2653 ut
538 2620 610 2654 vid.
629 2621 724 2654 Aub.
743 2627 776 2655 et
793 2622 839 2654 ita
857 2633 887 2655 a.
967 2622 1121 2665 ὑπάρχον
1138 2632 1168 2653 a.
1191 2627 1224 2653 et
1246 2621 1293 2653 ita
1318 2618 1516 2653 emendavit
1536 2618 1614 2662 He)
1618 2629 1665 2651 se.

80 2666 243 2711 ὑπάρχων
262 2666 302 2699 Β.
321 2666 486 2711 ὑπάρχειν
504 2666 571 2700 Ed.
715 2668 748 2701 8.
774 2666 1008 2724 τερατουργῲ]
1029 2668 1272 2711 θαυματουργῲ
1292 2677 1322 2699 a.
1458 2676 1490 2709 9.
1518 2664 1666 2708 ἐνεργεῖν

81 2723 112 2747 a.
132 2713 281 2758 ευεργεῖν
300 2712 366 2746 Ed.
502 2721 556 2756 15.
582 2712 772 2747 τελούντων
789 2713 834 2749 εἷς
852 2714 1010 2756 ὀνηοῦσιν
1030 2713 1221 2757 [εἷσονιῶσι
1243 2701 1377 2756 Holst.]
1401 2711 1441 2744 Β.
1460 2709 1665 2745 συντελούν·

81 2773 148 2793 των
165 2759 212 2794 εἷς
230 2759 347 2801 ὄνησιν
364 2770 381 2791 e
401 2757 478 2792 Cat.
499 2758 597 2792 Ha1l.
617 2765 656 2792 ut
673 2759 744 2793 vid.
762 2759 956 2793 emendavit
975 2760 1081 2801 Aub.,
1095 2760 1151 2792 lav
1155 2765 1231 2791 ente
1250 2770 1280 2792 a.
1426 2768 1478 2802 17.
1504 2758 1665 2801 χειρόνως

82 2807 168 2849 ηπερ
186 2817 216 2840 a.
233 2807 348 2850 χεῖρον
365 2806 482 2849 ὥσπερ
503 2804 544 2838 Β.
566 2805 629 2839 Hb.
647 2808 763 2850 χεῖρον
780 2808 864 2850 ἢπερ
883 2817 900 2838 e
920 2806 997 2838 Cat.
1018 2806 1116 2839 Hall.
1137 2812 1175 2838 ut
1192 2804 1262 2838 vid.
1281 2803 1375 2837 Aub.
1488 2814 1543 2837 20.
1569 2806 1614 2848 τῷ
1634 2815 1664 2837 c.

86 2851 194 2886 Cord.
228 2851 345 2885 Verba
362 2857 512 2897 quatuor
530 2851 681 2886 desunt
675 2864 710 2885 in
728 2863 758 2885 a.
857 2863 911 2885 21.
929 2851 1155 2907 λελοιπῂκασι
1175 2851 1216 2884 Β.
1231 2850 1362 2894 λελυπὴ
1366 2864 1445 2883 κασι
1464 2849 1528 2883 Ht.
1542 2851 1665 2883 λελυτ-

84 2897 207 2941 τὴκασι
226 2897 317 2932 Catt.
338 2898 432 2932 Aub.
565 2909 620 2932 22.
648 2898 755 2944 θιγεῖν
773 2898 813 2932 Β.
818 2909 879 2932 {hc-
899 2897 1006 2932 Cold.
1025 2898 1140 2943 θήγειν
1160 2897 1224 2931 Ht.
1244 2897 1311 2930 Ed.
1441 2907 1496 2941 23.
1521 2895 1665 2941 προσέτι

85 2944 190 2979 edidi.
207 2945 293 2989 πρὸς
310 2945 365 2979 ἐπὶ
383 2943 449 2979 Ε(].
467 2945 553 2989 πρὸς
571 2944 677 2979 Cord.
683 2913 975 2988 γκαι-διετάξατο
992 2956 1062 2980 om.
1081 2955 1110 2979 c.
1159 2943 1350 2979 Abbreviat
1367 2954 1398 2977 a.

143 3010 238 3040 VOL.
260 3012 308 3040 ῙῙ.
895 3011 920 3038 Y
