1971 3272
69 135 124 174 xi.
142 148 182 185 4.
315 135 384 176 IN
417 135 460 175 S.
484 135 654 175 JOAN.
718 134 954 174 LIB.V11.
1020 133 1405 174 FRAGMENTA.
1573 135 1654 173 265

70 243 276 297 πίστεως
312 244 395 294 οῦν
427 245 451 294 ὁ
487 245 633 309 λόγος
669 242 845 308 μεστὸς
880 245 955 293 καὶ
994 246 1077 307 τῆς
1116 247 1178 296 εἰς
1210 241 1427 309 Χριστὸν
1457 241 1653 307 γνησιό-

70 347 207 388 τητος
247 325 498 394 ἀπόδειξις.

1675 438 1695 462 ο

66 512 279 555 Ἀκούσας
320 513 364 554 δὲ
403 513 426 556 ὁ
461 513 629 555 ἸΗσοῦε
669 510 787 555 εἶπεν
819 514 872 554 ζΗ
913 514 1112 555 ἀσθένεια
1158 513 1263 553 αὕτΗ
1305 513 1380 553 οὐκ
1420 512 1508 554 ἔστι
1549 510 1697 566 Πρὸε4

142 596 339 648 Θάνατον,
366 597 455 637 ἀλλ’
489 596 596 654 ὑπὲρ
634 602 707 639 τῆς
746 597 873 641 ὃόΕΗε
912 601 984 638 τοῦ
1021 597 1149 648 Θεοῦ,
1176 597 1243 637 ἵνα
1283 596 1470 652 δοξασθῇ
1510 596 1532 636 ‹‘›
1571 592 1657 637 υίὸς

30 683 53 721 5
140 681 213 720 τοῦ
252 679 362 721 Θεοῦ
401 680 447 721 δι’
492 680 640 721 αὐτῆς.

149 805 290 872 Λέγει
328 807 415 870 μέν
453 829 525 857 τοι
563 812 711 858 ταῦτα
750 808 775 857 ὁ
819 806 1005 873 Κύριος,
1045 807 1131 873 οὐχ
1174 806 1249 856 ἵνα
1292 803 1580 856 ἀπελθόντες
1620 806 1661 853 οἱ

74 887 315 954 ἄνθρωποι
359 890 695 954 ἀπαγγείλωσι
732 894 833 942 ταῖς
877 891 1108 956 ἀδελφαῖς
1152 894 1235 938 τοῦ
1275 887 1506 954 Λαζάρου,
1547 887 1658 937 ἀλλ’

75 972 137 1023 ὡς
173 970 294 1024 Θεὸς
332 971 585 1037 προλέγων
617 971 671 1022 τὸ
711 971 951 1034 ἐσόμενον,
980 971 1050 1021 ὅτι
1084 969 1202 1037 πρὸς
1233 967 1367 1039 δοξαν
1394 972 1505 1020 Θεοῦ
1542 968 1662 1033 ἑώρα

75 1051 128 1103 τὸ
155 1058 237 1103 τοῦ
262 1052 544 1119 πράγματος
571 1053 896 1117 ἀποτέλεσμα,
925 1055 977 1103 οὐ
1013 1053 1088 1104 διὰ
1122 1058 1260 1104 τοῦτο
1291 1051 1553 1116 συμβάσης
1580 1054 1662 1114 τῆς

7 1154 56 1179 10
77 1134 236 1198 νόσου,
260 1135 333 1186 ‘im
373 1133 575 1207 δοξασθῇ·
623 1137 782 1199 εὔηθες
821 1135 914 1201 γαρ
953 1141 1092 1186 τοῦτο
1131 1139 1287 1186 εἰπεῖν·
1335 1135 1447 1184 ἀλλ’
1476 1134 1662 1199 ἐπείπερ

75 1218 254 1281 συνέβη
282 1219 356 1268 καὶ
381 1221 443 1272 εἷς
477 1217 755 1281 θαυμαστὸν
781 1218 902 1283 ἑώρα
936 1217 1087 1270 τέλος.
1144 1215 1309 1268 ἑαυτὸν
1336 1217 1391 1267 δέ
1422 1224 1545 1282 φησι
1581 1214 1664 1267 τὸν

79 1298 222 1367 φύσει
250 1298 388 1362 Θεὸν,
415 1301 558 1351 αὐτοῦ
584 1299 678 1366 γὰρ
705 1303 766 1353 εἷς
798 1299 945 1368 δόξαν
971 1300 1137 1365 γέγονε
1171 1300 1225 1350 τὸ
1259 1297 1471 1364 γεγονός.
1525 1297 1665 1348 εἰπὼν
1684 1320 1705 1344 a
1737 1311 1819 1346 677
1834 1309 1884 1343 A.

77 1380 171 1447 γὰρ
198 1380 269 1432 ὅτι
294 1380 398 1451 ὑπὲρ
432 1381 506 1442 τῆς
542 1379 664 1452 δόξης
691 1383 762 1433 τοῦ
788 1383 898 1433 Θεοῦ
924 1381 1115 1447 γέγονεν
1143 1385 1163 1442 ἦ
1191 1380 1402 1442 ἀσθένειαι,
1430 1378 1668 1446 ἐπήγαγεν

67 1461 166 1515 “Im
192 1461 381 1535 δοξασθῇ
405 1470 422 1516 o‘
448 1465 545 1520 Τι”ὶς
573 1466 644 1516 τοῦ
671 1466 782 1516 Θεοῦ
807 1465 844 1515 ἑν
871 1465 993 1535 αὐτῇ,
1019 1466 1123 1531 περὶ
1149 1465 1313 1514 ἑαυτοῦ
1340 1463 1507 1527 λέγων.

10 1561 58 1600 15
135 1549 193 1596 ΕΖ
221 1545 269 1596 δὲ
288 1546 427 1601 αὐτὸς
452 1546 537 1610 μὲν
557 1545 654 1598 εἶπε
680 1546 745 1611 μὴ
772 1544 886 1597 εἶναι
913 1545 1019 1615 προς
1047 1545 1224 1598 θοὶνοιτον
1244 1544 1329 1609 τὴν
1349 1550 1432 1596 τοῦ
1451 1542 1669 1610 Λαζάρου

80 1630 365 1696 ἁῤῥωστιάν,
413 1629 691 1694 συμβέβηκε
742 1628 790 1680 δὲ
840 1629 864 1678 ὁ
917 1628 1129 1690 θάνατος,
1183 1626 1317 1679 οὐδὲν
1369 1625 1664 1691 θαυμαστόν.

79 1711 198 1778 πρὸς
225 1710 319 1777 γὰρ
344 1710 399 1763 τὸ
425 1712 570 1778 πέρας
604 1713 804 1777 ὁρῶντες
841 1716 924 1762 τοῦ
958 1710 1254 1778 πράγματος,
1281 1711 1356 1760 καὶ
1392 1709 1463 1760 ὅτι
1497 1709 1668 1771 ἔμελλε

80 1794 178 1857 μετ’
207 1794 374 1859 ὀλίγον
411 1795 692 1858 ἀναστῆναι·
734 1794 838 1860 οὐχὶ
876 1792 926 1843 τί
960 1793 1266 1857 συμβέβηκεν
1300 1794 1348 1842 ἐν
1382 1795 1449 1860 τῷ
1487 1789 1667 1859 μεταξὺ

82 1881 369 1940 σκοποῦμεν,
403 1876 512 1926 ἀλλ’
543 1880 605 1930 εἷς
642 1881 779 1927 ποῖον
819 1875 973 1939 ἀπέβη
1012 1874 1066 1925 τὸ
1106 1874 1267 1941 πέρας.
1322 1873 1469 1939 ε”κρινε
1509 1871 1602 1937 γὰρ
1642 1873 1710 1923 ‹31›

14 1979 64 2004 20
87 1957 262 2024 Κύριος
297 1959 593 2009 ἀσθενοῦντα
627 1957 774 2025 δεῖξαι
808 1956 892 2007 τὸν
928 1954 1147 2019 θάνατον,
1175 1958 1250 2007 καὶ
1285 1954 1339 2006 τὸ
1375 1953 1571 2018 συμβὰν
1606 1958 1668 2007 εἷς

84 2038 230 2109 δόξαν
257 2043 383 2091 Θεοῦ
410 2039 569 2108 δεῖξαι,
596 2038 839 2090 τουτέστιν
865 2040 1044 2090 ἑαυτοῦ.

132 2213 165 2247 3.
189 2200 358 2237 Ἀκούσας
376 2201 543 2246 δὲ-αῧτη
562 2202 631 2236 a-k.
650 2201 740 2246 Αὕτη
759 2201 777 2245 ἡ
796 2201 955 2236 ἀσθένεια
975 2200 1042 2235 Ed.
1170 2213 1204 2243 4,
1223 2208 1255 2245 5·
1281 2199 1360 2234 ἀλλ’
1378 2198 1553 2244 ὑπὲρ-δι’
1573 2199 1672 2242 αὐτῆς

84 2248 121 2282 k.
139 2249 276 2282 favente
293 2260 324 2282 a.
343 2249 396 2282 καὶ
413 2249 455 2283 τὰ
473 2251 549 2294 ἑξῆς
568 2249 634 2284 Ed.
849 2248 882 2283 6.
905 2247 976 2293 τοι]
995 2263 1027 2282 τι
1046 2259 1093 2282 m.
1323 2256 1354 2291 7.
1381 2245 1604 2291 ἀπαγγέλωσι
1622 2257 1671 2279 m.

89 2307 142 2340 13.
168 2295 251 2340 γὰρ]
272 2295 330 2330 οῦν
347 2307 378 2330 a.
381 2296 417 2329 k.
436 2296 472 2329 δε
490 2308 536 2330 m.
695 2295 748 2330 16.
775 2295 902 2338 συνέβη
922 2307 968 2329 m.
1125 2306 1178 2339 19.
1205 2293 1308 2336 ἀνεβη
1327 2293 1420 2327 Aub.
1489 2292 1615 2326 Statim
1632 2293 1670 2325 τὸ

83 2350 155 2400 pm.
175 2353 204 2376 a.
209 2343 243 2376 k.
249 2354 296 2376 m.
507 2353 563 2376 21.
589 2343 724 2386 ποιῆται
742 2354 805 2387 pro
825 2342 933 2385 δεῖξαι
951 2353 998 2376 m.
1120 2341 1309 2387 Sequitur
1303 2352 1338 2374 m
1358 2339 1424 2373 Ed.
1442 2339 1581 2384 Ἠγάπα
1599 2339 1669 2373 δέ(
1653 2354 1670 2372 ο

83 2387 229 2431 Ἰησοῦς,
242 2403 295 2422 και
312 2389 352 2423 τὰ
371 2389 458 2432 ἑξῆς.
485 2388 682 2432 Καταλέξας
701 2389 771 2423 δέ
755 2404 772 2422 ο
790 2388 1038 2434 εὐαγγελιστὴς
1055 2388 1114 2432 τὴν
1131 2391 1197 2422 τῶν
1209 2390 1374 2433 γυιιιικῶν
1391 2387 1523 2430 ἀρετὴν,
1538 2386 1673 2420 εἰκότως

85 2435 187 2471 αὐτὰς
213 2435 412 2480 ἀγαπᾶσθαι
440 2437 531 2480 παρὰ
557 2438 617 2470 τοῦ
647 2437 801 2479 σωτῆρος
829 2436 895 2491 ἔφη
925 2435 1054 2480 [ἔφησε
1080 2433 1181 2479 aMk]
1208 2435 1261 2468 καὶ
1287 2434 1384 2468 ουδέν
1410 2433 1616 2476 θαυμαστὸν,
1644 2432 1672 2465 εἶ

86 2483 189 2516 νόσος
211 2496 265 2515 και
288 2482 428 2518 θάνατος
454 2482 581 2525 συνέβη
607 2485 654 2528 τῷ
680 2483 715 2516 ἐκ
734 2485 822 2516 Θεοῦ
840 2480 1054 2540 ἢγαπημενῳ.
1089 2483 1181 2515 κοινὰ
1198 2482 1264 2526 γὰρ
1285 2480 1342 2526 [4-
1365 2482 1451 2514 πᾶσι
1469 2492 1499 2514 a.
1502 2480 1536 2512 k.
1541 2478 1556 2524 ]
1576 2480 1616 2512 τὰ
1634 2478 1672 2520 ἐξ

85 2527 263 2563 ἀσθενείας
291 2530 441 2573 φυσικῆς
470 2529 701 2572 συμβαινοντα
729 2529 831 2572 πάθη,
857 2529 886 2562 εἶ
911 2529 964 2562 καὶ
992 2518 1077 2571 ἷὸικὴ
1103 2529 1202 2573 χάρις
1227 2529 1297 2562 τοῖς
1321 2527 1481 2572 ἀγαπῶσι
1506 2527 1564 2559 τὸν
1587 2527 1673 2558 Θεὸν

86 2574 232 2613 δέδοται,
250 2575 288 2608 τὸ
305 2575 349 2618 μὴ
366 2574 497 2619 βαρέως
515 2575 633 2620 φέρειν
650 2576 691 2609 τὰ
707 2576 855 2619 λυπηρὰ,
875 2587 963 2620 quae
980 2574 1131 2621 ἀρχιερει
1148 2574 1271 2608 tribuit
1291 2574 1383 2608 Mac.
1404 2572 1532 2617 Chrys
1583 2571 1672 2609 Quis

88 2621 132 2655 sit
149 2620 241 2655 hic'
223 2621 399 2666 αρχιέρευς
416 2633 518 2666 saepe
534 2634 553 2656 a
572 2622 667 2657 Mac.
684 2622 821 2663 citatus,
840 2622 969 2656 nescio.

149 3001 241 3029 VOL.
266 3002 314 3029 Π.
835 3003 865 3028 Μ
888 3004 930 3029 nl
