2022 3272
146 124 230 165 xiii.
253 136 318 178 27,
340 128 405 169 28.
524 127 593 167 IN
635 127 678 167 S.
713 128 1051 168 ιΪΟΑΝΝΕΜ.
1116 129 1242 168 Llss.
1279 130 1354 169 IX.
1647 132 1728 170 373

146 234 195 285 δὲ
246 240 435 299 μᾶλλον
486 238 639 287 ἐλθεῖν
689 241 751 290 εἰς
802 237 884 288 τὸν
934 236 1221 304 τριπόθητον
1272 238 1434 304 καιρὸν
1479 242 1560 302 τῆς
1611 241 1731 289 οὕτω

146 323 372 384 λαμπρᾶς
409 321 606 384 ἑορτῆς;

221 399 327 450 Οὐκ
365 400 505 451 εἰδότι
543 405 795 466 τοιγαροῦν
821 405 887 469 τῷ
922 407 1124 470 σατανᾷ,
1151 401 1222 452 ὅτι
1259 405 1342 466 τῆς
1383 403 1549 452 ἑαυτοῦ
1587 423 1729 451 κατα·
1752 421 1772 445 C

146 482 452 547 στρατεύεται
498 486 725 551 κεφαλῆς,
767 482 1065 548 ἀγνοήσαντί
1104 507 1154 534 τε
1198 488 1460 546 παντελῶς,
1503 483 1573 534 ὅτι
1616 482 1735 534 κατὰ

104 570 354 630 5κρημνοῦ
399 563 566 632 τρέχει,
607 563 689 615 τὸν
729 566 803 615 ἐπὶ
849 571 932 615 τοῦ
977 571 1188 632 σταυροῦ
1233 565 1467 634 διαπήξας
1512 565 1734 624 θάνατον,

146 645 357 714 ἔφασκεν
384 647 408 697 ὁ
437 646 605 713 Σωτήρ
622 645 688 697 ΔΟ
717 650 856 702 ποιεῖς
883 649 1057 708 ποίησον
1085 647 1253 711 τάχιον·
1306 650 1610 701 ἀπειλοῦντος
1644 647 1737 713 γὰρ

145 732 340 792 μᾶλλον
365 727 394 793 ἢ
424 725 773 796 προτρέποντος
800 730 824 779 ὁ
852 728 999 795 λόγος
1026 731 1175 780 ἐστίν.
1232 728 1396 796 ὥσπερ
1427 729 1520 795 γάρ
1557 730 1737 782 νεανίας

146 810 240 876 πρὸ
287 810 406 875 ἥβης
448 814 523 861 καὶ
560 810 707 864 καλὸς
752 813 828 862 καὶ
867 815 1162 879 σφριγῶσαν
1199 812 1320 879 ἔχων
1358 813 1405 862 ἐν
1444 816 1510 879 τῶ
1549 811 1738 874 σώματι

148 893 358 956 δύναμιν,
398 894 487 961 ὁρᾷ
528 893 613 955 μὲν
652 894 723 961 ἐφ’
764 893 913 962 ἑαυτῷ
957 896 1181 960 δρομαῖον
1224 893 1353 944 ἰόντα
1397 894 1513 956 τινὰ,
1555 894 1657 962 ὀξεῖ
1690 892 1738 944 δὲ

81 998 128 1023 10
147 974 332 1027 πελέκει
377 974 463 1038 τὴν
509 972 667 1043 δεξιὰν
713 974 993 1041 ἐναρμόσας,
1039 977 1116 1026 καὶ
1162 975 1292 1030 εἰδὼς
1344 975 1415 1026 ὅτι
1466 974 1741 1043 τεθνήξεται

147 1056 337 1110 πάντως
371 1056 539 1119 ἐλθὼν,
567 1056 918 1125 ἀναφθέγγοιτο
953 1055 1099 1124 τυχόν
1121 1055 1192 1108 ὓΟ
1219 1062 1365 1111 ποιεῖς
1399 1059 1519 1108 ποίει
1554 1057 1734 1124 τάχιον·
1758 1062 1785 1102 d

149 1139 260 1208 ὄψει
310 1138 405 1205 γὰρ
455 1142 538 1202 τῆς
589 1141 700 1202 ἐμῆς
751 1139 907 1207 δεξιᾶς
956 1138 1042 1203 τὴν
1085 1139 1298 1203 δύναμιν·
1359 1142 1434 1190 καὶ
1485 1141 1538 1190 οὐ
1590 1138 1741 1203 δήπου

147 1220 366 1273 τεθνάναι
416 1220 767 1286 σπουδάζοντος
818 1222 913 1287 ε’ρεῖ
956 1244 1026 1275 τις
1077 1221 1132 1272 τὸ
1183 1224 1324 1288 ῥῆμα,
1372 1221 1642 1287 προειδότος
1693 1221 1741 1272 δὲ

148 1307 340 1367 μᾶλλον
385 1303 456 1354 ὅτι
502 1301 682 1367 νικήσει
727 1304 803 1353 καὶ
853 1302 1096 1369 περιέσται
1146 1309 1229 1353 τοῦ
1280 1309 1453 1353 κακοῦν
1497 1301 1742 1357 ἐθέλοντος

83 1401 130 1440 15
151 1385 307 1436 αὐτόν·
362 1387 508 1439 οὕτως
547 1386 572 1435 ὁ
615 1384 789 1451 Κύριος
827 1385 959 1448 ἡμῶν
985 1386 1174 1449 Ἰησοῦς
1214 1386 1238 1435 ὁ
1279 1384 1506 1452 Χριστὸς,
1534 1385 1740 1454 ὀξυτέρῳ

149 1466 328 1533 τρόπον
364 1466 468 1518 τινὰ
503 1469 764 1534 κεχρῆσθαι
802 1466 978 1517 κελεύει
1019 1466 1178 1537 δρόμῳ
1217 1465 1299 1517 τὸν
1334 1471 1549 1517 σατανᾶν
1582 1471 1644 1520 εἰς
1682 1466 1742 1517 τὰ

150 1551 218 1600 ἐπ’
247 1550 372 1619 αὐτῷ
398 1549 700 1613 τολμήματα.
756 1548 896 1617 δείξει
923 1548 1016 1615 γὰρ
1040 1550 1129 1614 ἤδη
1155 1549 1369 1601 πεσόντα
1395 1553 1634 1614 γελᾶσθαι
1659 1549 1742 1600 τὸν

150 1631 408 1698 ἀλιτήριον,
452 1630 700 1698 ἐλευθέραν
750 1653 799 1681 τε
850 1630 936 1695 τὴν
982 1631 1254 1695 οἰκουμένην
1301 1633 1412 1682 ἰδεῖν
1456 1637 1539 1682 τοῦ
1590 1631 1779 1682 πάλαιε

153 1713 478 1779 κρατήσαντος
513 1715 562 1764 ἐκ
596 1713 873 1781 πλεονεξίας
907 1714 984 1764 καὶ
1018 1713 1320 1778 νενικηκότος,
1349 1715 1411 1767 ὡς
1446 1714 1504 1782 ἐξ
1534 1712 1738 1777 ἀπάτης,

83 1817 131 1841 20
153 1797 215 1849 ὡς
253 1799 328 1847 καὶ
366 1799 448 1860 τῆς
487 1799 548 1849 εἰς
582 1794 708 1845 Θεὸν
738 1796 1016 1856 ἀποστῆσαι
1049 1796 1271 1849 πίστεως.
1324 1798 1553 1861 ἀγνοοῦσι
1593 1795 1742 1860 γεμὴν

153 1881 194 1928 οἱ
233 1881 440 1942 μαθηταὶ
477 1883 560 1928 τοῦ
598 1875 748 1942 λόγου
786 1876 872 1940 τὴν
911 1876 1118 1939 δύναμιν,
1151 1881 1467 1941 οἰκονομικῶς,
1499 1879 1560 1931 ὡς
1599 1876 1738 1939 εἰκὸς,

153 1960 236 2009 οὐκ
262 1958 665 2026 ἀποκαλύψαντος
700 1959 854 2011 αὐτοῖς
889 1964 972 2008 τοῦ
998 1962 1229 2025 Χριστοῦ,
1257 1961 1353 2009 ἐπεὶ
1389 1961 1464 2009 καὶ
1499 1961 1548 2009 ἐν
1574 1958 1743 2024 ἑτέροις

155 2042 371 2109 φαίνεται
414 2039 751 2107 προδιδάσκων
790 2039 889 2103 μὲν,
931 2039 1002 2090 ὅτι
1048 2040 1434 2107 παραδοθήσεται
1477 2045 1539 2093 εἰς
1586 2045 1743 2107 χεῖρας
1804 2050 1968 2123 Ξνξὶῖἢξὲὒ·

155 2123 466 2189 ἁμαρτωλῶν,
508 2124 583 2173 καὶ
628 2121 699 2172 ὅτι
742 2121 1147 2188 σταυρωθήσεται,
1190 2125 1267 2173 καὶ
1306 2121 1739 2186 ἀποκτανθήσεται,
1808 2116 1955 2191 23;⁰xx.'

85 2220 134 2259 25
156 2209 231 2255 καὶ
274 2205 597 2269 ἀναστήσεται
640 2207 699 2271 τῇ
742 2202 890 2272 ἡμέρᾳ
934 2208 993 2271 τῇ
1037 2205 1189 2272 τρίτῃ·
1260 2204 1655 2270 παρεγγυώμενος
1698 2203 1744 2254 δὲ
1806 2183 1931 2272 ὲδὶῐυῖ.

154 2289 316 2352 μηδενὶ
355 2287 409 2338 τὸ
446 2286 675 2353 παράπαν
705 2291 896 2336 τοιαῦτα
935 2291 1119 2338 λαλεῖν.
1174 2285 1356 2340 σκοπὸς
1394 2286 1489 2353 γὰρ
1528 2286 1586 2351 ἧν
1621 2287 1746 2354 αὐτῷ
1807 2275 1923 2296 lx.21.

145 2366 320 2420 ’λαθεῖν
360 2367 443 2419 τὸν
481 2368 691 2436 ἄρχοντα
728 2373 810 2418 τοῦ
850 2371 1017 2422 αἰῶνος
1053 2368 1238 2431 τούτου,
1274 2368 1344 2422 τίς
1387 2370 1580 2433 ἀληθῶς
1627 2366 1785 2419 mnia
1815 2380 1898 2415 742
1914 2378 1967 2413 A.

158 2450 308 2519 φύσιν
359 2452 503 2512 ἐστὶν,
553 2451 630 2501 ἵνα
680 2452 755 2500 καὶ
804 2449 958 2500 ἐλθὼν
1007 2455 1278 2518 σταυρωθῇ,
1330 2453 1406 2501 καὶ
1456 2452 1747 2516 σταυρωθείς

157 2531 304 2599 ἀνέλῃ
342 2531 425 2582 τὸν
463 2531 680 2594 θάνατον,
719 2532 794 2581 καὶ
832 2536 928 2584 τοῖς
969 2536 1032 2585 εἰς
1073 2532 1215 2582 αὐτὸν
1256 2531 1537 2583 πιστεύουσι
1579 2553 1747 2595 κατορ-

90 2630 138 2666 30
159 2613 296 2681 θώσῃ
340 2612 426 2676 τὴν
471 2613 729 2678 σωτηρίαν.
797 2613 1110 2679 κατακρύπτει
1155 2618 1405 2678 τοιγαροῦν
1447 2616 1747 2675 οἰκονομικῶς

159 2694 218 2745 τὰ
260 2700 471 2746 πλεῖστα
519 2698 613 2744 τῶν
657 2693 943 2759 λεγομένων·
1011 2693 1167 2744 πάντα
1212 2693 1306 2759 γὰρ
1351 2692 1473 2744 οἶδεν
1517 2696 1579 2747 ὡς
1625 2691 1747 2746 Θεὸς

160 2775 219 2828 τὰ
257 2775 578 2844 συμφέροντα.

255 2938 289 2973 5.
316 2927 500 2971 διαπτήξας
519 2927 558 2961 Ε.
782 2928 814 2960 8.
842 2926 993 2971 προήβης
1012 2925 1053 2959 Ε.
1278 2937 1309 2969 9.
1336 2927 1397 2969 ὁρᾷ
1419 2924 1459 2959 E.
1479 2926 1566 2969 ὁρῶν
1585 2924 1650 2959 Ed.
