2001 3231
321 114 376 152 28
725 116 774 155 B.
809 115 1086 157 CYRILLI
1129 118 1510 161 ALEXANDR.
1736 120 1824 162 viii.
1843 129 1911 173 27.

98 229 179 259 Mal.
201 230 242 259 iv.
323 223 611 285 σεβομένους
646 224 788 275 αὐτόν
815 232 841 255 “
866 227 959 276 Καὶ
995 228 1213 278 ἀνατελεῖ
1244 229 1350 291 ὑμῖν
1375 233 1470 283 τοῖς
1507 228 1819 298 φοβουμένοις
1856 228 1911 280 τὸ

323 311 349 333 “
376 304 525 368 ὄνομά
560 329 651 369 μου
686 307 820 371 ἥλιος
856 308 1171 372 δικαιοσύνης,
1199 311 1275 360 καὶ
1311 311 1437 365 ἰἀσις
1472 313 1520 362 ἐν
1555 317 1654 366 ταῖς
1689 311 1912 380 πτέρυξιν

97 375 154 450 (ξδ’
171 375 252 407 xhx.
323 395 349 417 ‘⁶
375 389 557 439 αὑτοῦ·”
599 388 718 454 πρὸς
745 388 821 452 ἐμὲ
849 388 905 453 δή
934 396 1099 457 φησιν,
1128 389 1181 442 ὃν
1208 393 1291 442 οὐκ
1318 392 1484 447 εἰδότες
1513 394 1718 460 ὑβρίζετε
1744 401 1771 423 “
1789 392 1911 444 Ἰδοὺ

322 477 349 499 “
374 470 551 520 δέδωκά
585 494 642 522 σε
674 476 736 525 εἰς
770 470 996 535 διαθήκην
1024 473 1203 537 γε’νους,
1233 478 1296 527 εἰς
1333 479 1435 542 φῶς
1470 475 1657 528 ἐθνῶν.”
1699 474 1811 526 ἀλλ’
1840 474 1912 525 ὅτι

96 549 248 583 Ib.1x.1.
321 554 396 602 καὶ
442 556 546 620 φῶς
591 556 679 615 εἶμι
724 553 843 619 πρὸς
890 555 1009 616 ὑμᾶς
1060 555 1253 620 ἐλέγετο
1302 558 1411 622 παρ’
1459 558 1602 608 αὐτοῦ
1647 565 1674 587 “
1702 556 1952 623 Φωτίζῖὶυ5

321 640 347 662 “
376 634 580 701 φωτίζου
617 634 710 700 γάρ
746 640 912 703 φησιν,
939 636 1270 702 Ἰερουσαλὴμ,
1303 638 1401 701 ἥκει
1438 637 1531 706 γάρ
1567 663 1659 691 σου
1694 639 1748 691 τὸ
1785 644 1907 708 φῶς,

281 721 347 747 ‘³⁶‘
375 719 448 766 καὶ
486 717 513 780 ἡ
550 715 669 786 δόξα
699 718 877 783 Κυρίου
916 719 990 768 ἐπὶ
1027 718 1085 769 σε
1121 720 1458 770 ἀνατέταλκε.”
1502 727 1650 772 ταῦτα
1687 722 1911 788 λέγοντος

319 798 504 861 ἤκουσα
537 803 643 866 περὶ
678 801 790 863 ἐμοῦ
826 806 910 850 τοῦ
944 801 1322 855 ἀποστείλαντος
1356 826 1414 866 με
1443 803 1647 869 Πατρὸς,
1675 803 1806 869 κάγὼ
1834 805 1911 854 διὰ

318 886 457 931 τοῦτο
505 885 607 950 φῶς
652 881 852 945 ἐμαυτὸν
890 880 1006 933 εἶναι
1050 888 1133 934 τοῦ
1174 882 1359 947 κόσμου
1400 888 1535 953 φημὶ,
1578 887 1703 950 ὑμεῖς
1745 885 1792 937 δὲ
1835 884 1911 937 διὰ

319 962 468 1027 μόνην
492 963 578 1028 τὴν
607 964 767 1030 σάρκα
803 965 1204 1029 κατεσμικρύνατε
1239 967 1477 1032 κρίναντες
1514 969 1598 1018 οὐκ
1631 969 1802 1034 ὀρθῶς,
1833 969 1908 1019 καὶ
1930 991 1980 1018 10

94 1045 229 1128 ῗὲξπῗῧ
321 1045 396 1096 διὰ
436 1052 575 1098 τοῦτο
619 1047 776 1112 λέγειν
817 1048 1121 1110 ἁποτολμᾶτε
1165 1053 1357 1115 συχνῶς
1398 1048 1514 1100 “Σὺ
1555 1052 1660 1116 περὶ
1706 1056 1909 1101 σεαυτοῦ

321 1135 350 1156 “
376 1134 636 1194 μαρτυρεῖς·
678 1130 705 1192 ἡ
732 1130 963 1195 μαρτυρία
989 1152 1082 1180 σου
1109 1130 1192 1180 οὐκ
1218 1130 1349 1181 ε”στιν
1377 1131 1597 1195 ἀληθής.”

392 1212 596 1261 Οὐκοῦν·
647 1211 1172 1279 ἀνακεφαλαιώσασθαι
1217 1211 1311 1278 γὰρ
1358 1213 1478 1278 ὅλην
1518 1213 1782 1265 ἀκόλουθον
1823 1213 1909 1276 τὴν

316 1294 365 1343 ἐν
406 1297 473 1362 τῷ
513 1293 801 1362 προκειμένῳ
844 1293 1068 1344 διάνοιαν·
1128 1299 1478 1362 θεομαχοῦντας
1522 1294 1738 1362 ἀντικρὺς
1782 1298 1903 1347 ἀπο-

317 1375 471 1443 φαίνει
498 1374 606 1429 τους
632 1376 900 1437 Ἰουδαίους,
928 1378 1003 1426 καὶ
1039 1377 1093 1426 οὐ
1126 1376 1273 1440 μόνον
1299 1383 1400 1431 ταῖς
1433 1379 1542 1444 παρ’
1571 1379 1713 1429 αὐτοῦ
1748 1401 1902 1446 μαχο·
1930 1398 1977 1436 15

94 1476 172 1510 515
188 1475 236 1510 A.
278 1485 299 1509 a
316 1456 481 1520 με’νους
508 1462 701 1525 φωναῖς,
729 1457 861 1508 ἀλλὰ
887 1460 962 1508 καὶ
989 1457 1144 1528 ψήφῳ
1170 1463 1227 1526 τῇ
1253 1459 1383 1524 παρὰ
1409 1465 1492 1510 τοῦ
1520 1460 1723 1527 Πατρός·
1766 1463 1790 1512 ὁ
1821 1460 1908 1524 μὲν

317 1538 410 1605 γὰρ
438 1544 540 1607 φῶς
567 1537 688 1590 οἶδεν
715 1539 828 1590 ὅντα
855 1539 973 1590 κατὰ
1001 1541 1150 1608 φύσιν
1170 1540 1253 1591 τὸν
1273 1542 1389 1592 ’ίδιον
1406 1541 1538 1604 Υὶὸν,
1566 1544 1642 1592 καὶ
1669 1542 1908 1607 ἀνατολὴν

316 1624 391 1672 καὶ
427 1623 562 1687 ἥλιον
590 1622 890 1686 δικαιοσύνης
930 1622 1005 1673 διὰ
1043 1629 1182 1674 τοῦτο
1220 1628 1370 1674 καλεῖ·
1413 1627 1455 1675 οἱ
1493 1623 1540 1675 δὲ
1576 1624 1658 1675 τὸν
1685 1625 1741 1693 ἐξ
1772 1626 1904 1676 ἀπει-

316 1705 441 1758 θείας
480 1703 679 1769 ὅλεθρον
715 1709 816 1757 ταῖς
856 1706 1032 1755 ἑαυτῶν
1071 1705 1376 1770 ἐπισύροντες
1416 1711 1646 1773 κεφαλαῖς
1685 1708 1906 1758 ἀποδοκι-

93 1799 147 1830 Ε
162 1809 192 1830 v.
207 1809 254 1831 20
314 1785 514 1852 μάζουσι
553 1786 639 1850 τὴν
678 1786 917 1851 ἀλήθειαν,
952 1794 978 1816 “
1005 1786 1058 1838 τὸ
1098 1787 1247 1838 καλὸν
1287 1788 1504 1853 λέγοντες
1541 1788 1794 1854 πονηρὸν,”
1829 1790 1904 1840 καὶ
1927 1813 1977 1838 20

315 1868 391 1919 διά
418 1892 489 1920 τοι
516 1875 655 1920 τοῦτο
684 1869 869 1923 δικαίως
896 1871 1051 1922 αὐτοῖς
1076 1869 1393 1934 ἀκολουθήσει
1420 1870 1473 1920 τό
1501 1871 1641 1921 Οὐαί.

250 2040 294 2077 27
563 2024 650 2065 Οὐκ
689 2025 880 2072 ἔΓνωσαν
919 2027 982 2067 ὅτι
1020 2025 1092 2067 τὸν
1131 2026 1305 2083 Πατέρα
1344 2024 1489 2068 αὐτοῖς
1525 2026 1661 2074 ἕλεΓε.

390 2142 789 2207 Καταπλήττεται
826 2142 975 2194 πάλιν
1009 2142 1094 2207 τὴν
1128 2148 1223 2194 τῶν
1249 2145 1489 2195 Ἰουδαίων
1524 2144 1843 2208 ἀναισθησίαν
1878 2145 1904 2196 ὃ

268 2223 713 2292 1)πνευματοφόρος,
748 2229 823 2275 καὶ
861 2223 995 2288 μάλα
1034 2225 1236 2279 εἰκότως·
1283 2226 1332 2276 τί
1365 2225 1458 2291 γὰρ
1498 2225 1554 2276 ἂν
1591 2226 1771 2290 γένοιτο
1811 2230 1905 2277 τῶν

312 2305 535 2357 τοιούτων
579 2306 898 2372 ἀνοητότερον,
946 2307 992 2357 οἵ
1037 2330 1092 2372 γε
1143 2309 1217 2357 καὶ
1264 2313 1446 2373 μακροῦ
1496 2307 1733 2361 πολλάκις
1783 2307 1903 2372 πρὸς
1926 2332 1973 2371 25

314 2387 480 2442 αὐτοὺς
518 2388 768 2454 γεγονότος
807 2388 955 2453 λόγου
993 2390 1099 2454 περὶ
1137 2394 1220 2439 τοῦ
1253 2392 1379 2439 Θεοῦ
1417 2391 1491 2439 καὶ
1530 2388 1735 2455 Πατρὸς,
1771 2388 1904 2439 οὐδὲν

91 2534 112 2565 S
314 2472 527 2521 ε’ννοοῦσι
553 2472 658 2536 περὶ
685 2472 828 2521 αὐτοῦ
854 2476 937 2521 τοῦ
966 2474 1184 2536 Σωτῆρος
1210 2471 1342 2534 ἡμῶν
1368 2470 1653 2536 ἀκροώμενοι
1680 2469 1903 2535 λέγοντος

90 2536 198 2574 Cupra

89 2588 156 2609 ver.
179 2577 227 2609 26.
313 2559 339 2581 ‘⁶
366 2553 508 2603 Ἀλλ’
537 2554 562 2603 ὁ
601 2553 798 2621 πέμψας
835 2576 893 2615 με
932 2551 1113 2616 ἀληθής
1152 2553 1301 2603 ἐστι.”
1345 2553 1414 2606 τίς
1452 2553 1534 2602 οὖν
1571 2553 1597 2616 ἡ
1636 2552 1899 2620 πρόφασις,

358 2707 391 2740 3.
417 2695 457 2739 δὴ
478 2696 596 2730 Holst.
616 2696 666 2729 δεῖ
686 2695 726 2729 Β.
746 2695 784 2729 δέ
803 2695 870 2729 Ed.
1097 2694 1259 2729 .δέδωκά
1277 2710 1319 2730 σε
1337 2695 1536 2730 emendavit
1554 2707 1571 2729 e
1590 2695 1680 2738 Cat„
1698 2701 1738 2729 ut
1755 2694 1903 2729 adnotat

310 2742 383 2785 ipse
401 2742 495 2775 Aub
515 2742 661 2778 δέδωκας
680 2743 721 2777 Β.
745 2742 806 2776 Ht.
999 2751 1031 2784 5.
1059 2741 1199 2787 ελέγετο
1217 2742 1416 2776 emendant
1434 2754 1451 2776 e
1470 2742 1547 2777 Cat.
1566 2750 1605 2776 ut
1622 2743 1692 2775 vid.
1713 2741 1806 2775 Aub.
1824 2740 1900 2775 ἐλέ-

309 2802 386 2833 γετε
405 2790 443 2821 τὸ
465 2788 504 2821 1)).
528 2789 590 2823 Ht.
752 2798 782 2834 7.
810 2792 937 2833 ἤκουσα
955 2788 1142 2833 λεγοντος
1136 2800 1274 2822 mverso
1292 2788 1414 2822 Oldine
1432 2800 1462 2823 a.
1614 2800 1646 2832 9.
1673 2787 1726 2832 δὲ]
1753 2792 1787 2828 -ἱ-
1808 2802 1850 2831 με
1867 2799 1898 2822 a.

313 2835 366 2867 16.
395 2834 507 2879 ψήφῳ
535 2850 574 2877 τῃ
605 2847 635 2868 a.
665 2836 802 2880 ψηφοῖς
831 2838 870 2879 τῇ
903 2835 983 2879 (Sic)
1015 2835 1054 2869 Β.
1082 2834 1219 2880 ψήφοις
1244 2837 1316 2870 ταῖς
1344 2835 1410 2869 Ed.
1486 2837 1547 2869 τοῦ
1572 2846 1641 2869 om.
1670 2835 1709 2867 B.
1737 2833 1842 2867 habet
1867 2845 1898 2868 a.

313 2890 365 2925 17.
390 2880 473 2925 γαρ]
500 2885 536 2921 -1-
558 2881 735 2925 (zm-tamus«
728 2894 758 2915 a.
930 2884 983 2916 18.
1009 2883 1062 2915 καὶ
1080 2881 1193 2928 ηλιον]
1221 2890 1254 2923 —†-
1277 2883 1330 2915 κιιὶ
1349 2880 1429 2926 (Slc)
1451 2881 1491 2915 B.
1661 2892 1715 2926 25.
1743 2879 1776 2914 οἵ
1791 2879 1848 2926 γε]
1869 2879 1902 2915 εἴ

308 2941 347 2971 γε
368 2928 443 2960 Cat.
467 2927 564 2960 Hml.
585 2934 671 2961 teste
690 2928 784 2962 Aul).
