2037 3266
334 134 419 175 524
737 136 785 176 B.
819 136 1098 177 CYRILLI
1141 135 1523 177 ALEXANDR.
1746 131 1829 172 xiv.
1851 128 1917 170 28.

334 264 384 292 τε
419 241 610 309 Πατρὸς
635 249 710 295 καὶ
736 249 854 296 Υἱοῦ
879 249 961 310 τῆς
989 244 1259 310 θεότητος’
1236 268 1360 312 ορου,
1386 244 1415 310 ἢ
1444 244 1570 298 ὅπως
1595 243 1651 294 ἄν
1676 265 1744 296 τις
1778 239 1920 292 εἰπὼν

115 338 267 373 850A.
296 326 418 375 αοὺκ
469 325 527 376 ἂν
577 332 660 377 τοῦ
711 328 992 432 πρέποντος
1022 328 1268 397 ἐξοιχοιτο·
1331 327 1663 393 συγκρίνονται
1713 323 1806 390 γὰρ
1857 325 1920 377 ὡς

112 389 219 427 &mmlx

112 431 213 471 846e‚

110 1496 160 1528 DL

114 2142 125 2163 1
142 2133 214 2164 Cor.

108 2177 216 2217 vfihff

335 407 584 472 ὁμογενεῖς,
618 409 910 476 κεχρήσομαι
945 408 992 460 δὲ
1032 409 1107 460 διὰ
1148 409 1233 474 τὴν
1264 408 1474 475 ἀνάγκην
1503 413 1586 459 τοῦ
1621 404 1920 472 θεωρήματος

335 489 410 538 καὶ
458 494 554 543 τοῖς
605 491 747 541 αὐτοῦ
799 489 976 556 λόγοις·
1039 489 1362 542 διδασκόντων
1406 494 1448 541 οἱ
1493 489 1691 542 τάλανες
1733 487 1782 538 τί
1827 486 1920 552 ἄρα

335 569 576 636 νομίζουσι
620 577 986 638 παρασκευᾶσαι
1027 572 1109 623 τὸν
1144 571 1261 624 Υὶὸν
1299 575 1347 623 ἐν
1388 571 1640 623 ἐλάττοσιν
1680 567 1792 620 εἶναι
1836 573 1919 620 τοῦ
1939 575 1960 614 5

336 655 461 703 Θεοῦ
499 654 574 703 καὶ
615 653 836 719 Πατρός;
890 652 981 719 ἆρα
1022 652 1187 717 πάθος,
1226 653 1254 719 ἢ
1298 655 1503 723 ῥᾳθυμία
1542 655 1617 704 καὶ
1661 652 1756 703 ὅσα
1795 673 1919 714 συμ-

333 735 513 793 βαίνειν
539 733 630 785 οἶδε
666 740 762 788 τοῖς
795 736 996 801 γενητὴν
1023 737 1186 804 ε”χουσι
1217 735 1305 800 τὴν
1332 736 1512 805 φύσιν;
1555 733 1653 786 εἶτα
1690 733 1759 787 τίς
1797 734 1919 784 οὕτω

333 815 535 882 ληρήσει
571 818 646 867 καὶ
679 819 961 869 διακείσεται
995 818 1300 885 παραλόγως,
1330 821 1391 871 ὡς
1425 820 1501 869 καὶ
1535 817 1680 881 μόνον
1712 813 1916 882 ἀνασχέ-

331 903 448 950 σθαι
504 898 592 950 κᾶν
641 905 758 965 γοῦν
808 904 871 954 εἷς
921 902 1001 954 οὖς
1050 903 1245 952 ἑλέσθαι
1297 899 1381 964 τὴν
1430 899 1781 968 βλασφημίανς
1843 896 1919 948 ὅτε

332 981 501 1044 τοίνυν,
541 983 602 1036 ὡς
648 982 875 1048 ὁμογενὴς
921 982 1146 1051 ὑπάρχων
1185 986 1251 1052 τῷ
1290 981 1409 1033 κατὰ
1448 981 1597 1051 φύσιν
1636 984 1759 1050 Θεῷ,
1798 978 1919 1033 Θεός
1941 993 1990 1019 10

288 1070 314 1111 b
332 1064 435 1113 ἐστι
474 1063 691 1128 δηλονότι
731 1063 851 1115 κατὰ
890 1064 1041 1133 φύσιν
1078 1067 1152 1116 καὶ
1192 1064 1342 1118 αὐτός
1383 1064 1683 1130 συγκρίνεται
1721 1060 1815 1127 γὰρ
1852 1065 1919 1129 τῷ

335 1146 507 1211 Πατρί·
550 1145 835 1197 διακωλυσει
871 1145 919 1197 δε
956 1146 1089 1198 ουδεν
1113 1147 1166 1198 τὸ
1200 1146 1427 1200 ὡσαυτως
1453 1169 1572 1213 εχειν
1598 1149 1665 1196 τῶ
1689 1144 1915 1213 φύσαντι·

330 1231 431 1280 πῶς
457 1227 667 1279 ἐλάττων
693 1228 854 1279 ἐστιν·
844 1270 855 1290 ,

406 1309 599 1374 Ἐπειδὴ
645 1309 692 1361 δὲ
738 1313 812 1360 καὶ
855 1311 1162 1375 ἀμαθεστατά
1199 1333 1248 1362 τε
1292 1334 1367 1361 και
1412 1309 1698 1375 ἀλογώτατα
1738 1308 1786 1358 ἐν
1823 1310 1919 1360 τοῖς

332 1391 649 1457 προκειμένοις
689 1391 884 1460 διεξιὼν,
925 1394 978 1443 οὐ
1022 1393 1285 1444 κατέδεισεν
1323 1397 1464 1443 εἰπεῖν
1503 1393 1528 1442 ὁ
1571 1393 1653 1454 τῆς
1698 1390 1918 1453 ἀληθείας
1941 1402 1987 1441 15

334 1460 516 1540 ε’χθρδς,
545 1513 572 1535 ,,
591 1473 661 1524 ὅτι
686 1473 852 1540 μείζων
879 1475 903 1525 ὁ
933 1472 1101 1540 Πατὴρ
1133 1478 1216 1538 τῆς
1246 1473 1464 1538 θεότητος
1490 1478 1572 1524 τοῦ
1598 1471 1762 1523 Υἱοῦ·”
1804 1472 1918 1539 φέρε

332 1558 414 1618 τῆς
451 1555 569 1619 μετὰ
605 1555 783 1621 σαρκὸς
818 1557 1082 1619 οἰκονομίας
1117 1557 1200 1608 τὸν
1232 1556 1379 1622 λόγον
1404 1555 1564 1623 βραχύ
1599 1578 1644 1606 τι
1683 1555 1919 1621 περιστεί-

331 1644 512 1700 λαντες,
544 1639 620 1688 καὶ
658 1641 739 1701 τῆς
778 1642 873 1689 τῶν
909 1639 1224 1705 προκειμένων
1262 1639 1437 1692 ἐννοίας
1476 1636 1804 1690 ἀποδιελόντες
1842 1635 1918 1687 διὰ

330 1718 412 1769 τὸν
439 1717 654 1787 ἔλεγχον,
681 1718 767 1784 τὴν
794 1719 994 1784 θεότητα
1025 1727 1107 1772 τοῦ
1134 1724 1250 1772 Υἱοῦ
1285 1724 1343 1788 τῇ
1380 1725 1462 1771 τοῦ
1489 1718 1679 1785 Πατρὸς
1715 1718 1913 1785 συγκρί-

294 1828 314 1854 c
333 1823 483 1864 νωμεν
516 1801 635 1852 κατά
672 1824 726 1867 γε
761 1800 844 1852 τὸν
875 1803 1059 1854 ἐκείνων
1085 1801 1254 1868 λόγον,
1285 1804 1428 1853 ἐκεῖνο
1464 1802 1520 1865 δὴ
1555 1805 1742 1867 πρῶτον
1775 1804 1917 1852 εἰπεῖν
1938 1818 1987 1843 20

331 1882 678 1946 ἀπαιτήσαντες
717 1883 799 1934 τὸν
837 1889 976 1935 τοῦτο
1015 1883 1161 1952 φάναι
1200 1884 1532 1948 τολμήσαντα,
1567 1882 1766 1949 πότερόν
1803 1906 1918 1934 ποτε

331 1963 456 2015 Θεὸν
491 1964 604 2016 ὅντα
643 1965 762 2016 κατὰ
800 1965 950 2034 φύσιν
983 1966 1207 2033 ὑπάρχειν
1242 1965 1383 2017 οἴεται
1421 1964 1503 2016 τὸν
1531 1963 1725 2029 Θεὸν,ἢ
1763 1966 1917 2031 ἕτερον

329 2047 415 2109 μέν
456 2070 501 2098 τι
550 2047 681 2114 παρὰ
730 2054 882 2111 τοῦτο,
930 2050 1211 2112 τετιμῆσθαι
1259 2047 1409 2114 γεμὴν
1456 2051 1514 2115 τῇ
1565 2049 1649 2110 τῆς
1700 2046 1917 2110 θεότητος

330 2128 513 2193 κλήσει,
559 2129 771 2196 καθάπερ
824 2131 905 2180 οὖν
945 2130 1104 2193 ἀμέλει
1148 2131 1324 2181 πολλοὶ
1374 2128 1459 2192 μὲν
1499 2131 1547 2180 ἐν
1591 2129 1773 2198 οὐρανῷ
1821 2130 1916 2179 θεοὶ

330 2213 405 2260 καὶ
437 2211 597 2277 κύριοι,
623 2214 801 2263 πολλοὶ
837 2212 884 2262 δὲ
919 2214 993 2262 καὶ
1030 2214 1103 2262 ἐπὶ
1137 2215 1220 2275 τῆς
1254 2215 1342 2275 γῆς
1376 2209 1490 2262 εἶναι
1524 2211 1761 2277 λε’γονται.
1816 2213 1915 2261 δια-
1936 2224 1983 2262 25

329 2293 670 2356 βεβαιουμένου
696 2293 780 2356 μὲν
807 2292 900 2359 γὰρ
927 2297 1053 2361 ψιλῇ
1081 2293 1367 2362 δεδοξάσθαι
1401 2292 1702 2360 προσηγορίᾳ
1736 2297 1794 2360 τῇ
1829 2295 1913 2355 τῆς

330 2372 547 2438 θεότητός
586 2379 708 2442 φημι
746 2374 829 2425 τὸν
852 2374 982 2437 Υὶὸν,
1008 2373 1074 2438 μὴ
1112 2374 1206 2438 μὴν
1236 2376 1312 2425 καὶ
1351 2373 1576 2441 ὑπάρχειν
1606 2372 1726 2424 κατὰ
1764 2373 1913 2441 φύσιν

286 2455 472 2511 (Ιαύτὸν
497 2458 688 2521 άληθῶς
722 2452 854 2508 τοῦθ’
883 2456 996 2523 ὅπερ
1031 2454 1145 2507 εἶναι
1178 2459 1254 2507 καὶ
1290 2455 1485 2522 λέγεται,
1513 2454 1573 2506 τὰ
1605 2454 1759 2506 εἰκότα
1795 2459 1913 2522 φρο-

329 2543 514 2591 νοῦντες
541 2538 887 2603 ὑπαντήσομεν,
915 2537 1166 2605 διαῤῥήδην
1192 2536 1558 2605 ἀνακεκραγότες
1575 2535 1642 2588 ςΩ
1668 2542 1766 2599 τᾶν,
1789 2539 1850 2591 ὡς
1876 2540 1912 2588 εἰ

327 2618 393 2683 μὴ
433 2620 576 2689 φύσει
609 2618 730 2674 Θεός
767 2622 884 2682 ἐστι,
910 2622 1133 2684 κτίσματι
1171 2625 1529 2686 προσκυνοῦμεν
1560 2619 1626 2670 ε”τι
1663 2618 1793 2685 παρὰ
1830 2617 1912 2670 τὸν
1932 2634 1982 2669 30

328 2702 573 2764 κτίσαντα,
624 2704 700 2752 καὶ
748 2703 851 2769 οὐχὶ
901 2702 1045 2765 μόνον
1093 2703 1222 2766 ἡμεῖς
1272 2705 1315 2753 οἱ
1364 2701 1497 2752 τόνδε
1547 2700 1629 2753 τὸν
1677 2701 1912 2768 περίγειον

375 2889 408 2923 6.
432 2890 597 2934 ῥᾳθυμιαν
615 2891 656 2926 Ε.
793 2903 845 2935 14.
873 2893 927 2926 καὶ
944 2893 1041 2936 prius
1060 2897 1282 2937 assumptum
1300 2903 1341 2925 ex
1361 2892 1401 2926 E.
1535 2902 1590 2926 21.
1616 2889 1849 2935 τολμήσαντες
1867 2889 1909 2925 Ε.

328 2935 383 2969 26.
409 2938 448 2979 τῇ
467 2944 690 2983 assumptum
709 2950 750 2973 ex
771 2939 811 2973 E.
956 2950 1012 2983 31.
1039 2940 1098 2972 τὸν
1115 2950 1185 2973 om.
1207 2939 1339 2983 Migne.
