2037 3266
322 139 408 178 488
727 137 775 177 Β.
811 136 1089 177 CYRILLI
1132 135 1512 176 ALEXANDR.
1738 134 1823 175 xiv.
1844 146 1910 175 20.

324 251 352 275 “
380 246 457 295 καὶ
492 248 554 298 εἷς
591 243 673 296 τὸν
705 250 820 312 χοῦν
852 246 1005 295 αὐτῶν
1034 244 1429 311 ἐπιστρέφουσιν.
1484 242 1822 311 ἐξαποστελεῖς
1861 240 1915 291 τὸ

328 334 355 357 “
376 326 574 390 Πνεῦμά
599 350 691 379 σου
712 330 787 378 καὶ
808 326 1166 390 κτισθήσονται,
1185 327 1259 376 καὶ
1283 327 1560 378 ἁνακαινιεῖς
1579 323 1633 375 τὸ
1654 322 1916 390 πρόσωπον

283 416 355 459 (1“
381 412 463 473 τῆς
505 410 634 475 γῆς.”
694 409 873 463 ἀκούεις
918 409 1044 461 ὅπως
1090 408 1348 476 συνέταξεν
1387 408 1496 471 ἡμῖν
1538 405 1624 470 τὴν
1667 405 1917 471 ἀνθρώπου

328 492 478 561 φύσιν
505 493 533 556 ἡ
559 490 835 558 παράβασις
861 492 888 554 ἡ
915 493 964 541 ἐν
989 489 1148 554 Ἀδὰμ
1184 492 1259 540 καὶ
1292 491 1429 540 οἱονεὶ
1461 493 1554 539 τῶν
1581 489 1717 539 θείων
1743 490 1911 538 ἐνταλ-

327 575 490 639 μάτων
530 575 556 638 ἡ
601 572 905 641 ἀποστροφὴ,
948 575 1025 623 καὶ
1071 575 1132 625 εἷς
1172 571 1258 635 τὴν
1297 572 1416 622 ἰδίαν
1454 574 1545 636 γῆν
1591 571 1958 633 ὑπονοστῆσαι5

327 657 716 723 παρεσκεύασεν;
773 655 849 706 ὅτε
900 655 948 706 δὲ
999 653 1334 722 ἐξαπέστειλεν
1379 655 1403 704 ὁ
1450 653 1572 706 Θεὸς
1621 651 1674 703 τὸ
1722 655 1919 713 Πνεῦμα

329 741 484 800 αὐτοῦ,
524 741 599 789 καὶ
637 735 865 804 μετόχους
904 737 1024 800 ἡμᾶς
1063 735 1275 804 ἀπέδειξε
1314 737 1397 798 τῆς
1436 736 1552 788 ἰδίας
1598 733 1802 802 φύσεως,
1843 734 1919 782 καὶ

330 820 385 871 δι’
422 822 564 871 αὐτοῦ
603 819 907 883 ἀνεκαινίσθη
946 817 1000 869 τὸ
1038 817 1303 884 πρόσωπον
1342 820 1423 880 τῆς
1463 819 1565 882 γῆς,
1604 814 1913 882 μετεμορφώ-

331 908 477 968 θημεν
504 906 566 956 εἷς
602 901 855 966 καινότητα
881 901 1011 968 ζωῆς,
1039 899 1125 964 τὴν
1149 902 1198 950 ἐκ
1224 902 1307 963 τῆς
1334 899 1562 965 ἁμαρτίας
1590 895 1920 957 ἀποβαλόντες

331 984 531 1055 φθορὰν,
568 987 643 1035 καὶ
682 987 766 1047 τῆς
804 984 990 1034 αἰωνίου
1029 985 1147 1049 ζωῆς
1185 985 1393 1035 εἰσαῦθις
1433 979 1806 1048 ἐπιδραξάμενοι,
1844 977 1920 1029 διὰ
1941 998 1991 1023 10

330 1070 414 1131 τῆς
458 1066 647 1134 χάριτος
692 1067 768 1116 καὶ
814 1065 1176 1133 φιλανθρωπίας
1222 1068 1305 1114 τοῦ
1354 1063 1531 1128 Κυρίου
1582 1063 1713 1126 ἡμῶν
1756 1062 1919 1125 Ἰησοῦ

291 1173 313 1199 e
332 1153 568 1215 Χριστοῦ,
600 1149 654 1198 δι’
685 1149 739 1198 οῦ
766 1149 840 1198 καὶ
867 1147 972 1211 μεθ’
1002 1147 1055 1196 οῦ
1082 1149 1149 1215 τῷ
1176 1148 1283 1213 Θεῷ
1317 1146 1392 1194 καὶ
1420 1146 1577 1210 Πατρὶ
1613 1144 1640 1208 ἡ
1677 1142 1795 1212 δόξα
1829 1141 1921 1193 σὺν

331 1232 483 1301 ιΑγίερ
513 1229 752 1293 Πνεύματι
780 1233 842 1284 εἷς
868 1229 975 1282 τοῦς
1002 1232 1186 1290 αἰῶνας,
1207 1224 1376 1290 Ἀμήν.

790 1397 931 1426 ΤΕΛΟΣ
957 1396 1041 1425 ΤΟΥ
1068 1394 1245 1424 ΕΝΑΤΟΥ
1272 1393 1461 1423 ΒΙΒΛΙΟΥ.

381 1573 413 1606 3.
442 1561 625 1603 συνέταξεν
642 1560 718 1604 p.F.
740 1559 805 1594 Ed.
826 1563 848 1577 “
860 1573 914 1604 γρ.
933 1558 1141 1602 συνέτηξεν”
1156 1556 1221 1591 Ed.
1238 1569 1311 1602 mg.
1325 1555 1553 1601 συνετάραξεν
1571 1552 1768 1588 emendavit
1787 1553 1922 1598 Migne.

335 1618 367 1655 7.
394 1608 485 1643 θείας
502 1620 566 1653 pro
585 1607 671 1643 ἰδίεις
689 1619 722 1652 p.
871 1617 924 1649 14.
952 1605 1005 1639 lta
1024 1605 1065 1639 E.
