2011 3266
285 139 369 179 272
678 136 727 177 Β.
762 133 1037 176 CYRILLI
1078 132 1462 174 ALEXANDR.
1643 130 1698 172 xi.
1719 141 1871 180 20—24.

287 246 474 312 ἐπείπερ
518 243 812 314 ἐξάκουστον
849 243 1015 310 γε’γονε
1059 241 1114 293 τὸ
1162 246 1320 304 θαῦμα
1360 243 1409 292 ἐν
1453 244 1512 308 τῇ
1555 237 1873 305 Ἰερουσαλὴμ

287 327 419 394 παρὰ
461 332 586 379 πᾶσι
630 328 708 377 καὶ
751 327 800 376 ἐν
846 329 904 392 τῇ
948 323 1210 393 περιχώρῳ,
1251 324 1414 387 τίθησι
1461 321 1547 385 τὴν
1589 322 1759 382 αἰτίαν,
1804 318 1874 369 ὅτι

287 413 488 460 πολλῶν
526 408 675 460 ὄντων
710 409 814 470 ἐκεῖ,
853 405 1039 459 εἰκότως
1078 403 1388 472 ἁπανταχόσε
1427 402 1610 467 διεδόθη
1649 404 1674 453 ὁ
1713 400 1873 467 λόγος·

68 501 212 538 681Α·
251 495 384 542 ἃτῶν
420 489 507 555 μὲν
545 488 891 556 θαυμαζόντων,
930 492 1026 539 τῶν
1064 486 1113 538 δὲ
1159 487 1235 538 διὰ
1280 485 1462 553 φθόνον
1501 484 1780 536 λαλούντων
1821 480 1875 534 τὸ

289 572 498 638 γεγονὸς,
525 571 642 638 πρὸς
669 571 723 622 τὸ
748 568 981 634 διαβολὴν
1006 571 1205 633 ποιῆσαι
1242 572 1308 638 τῷ
1343 568 1546 631 θαύματι
1582 565 1658 617 διὰ
1692 567 1872 635 ψευδο·
1896 578 1918 616 5

289 655 586 721 κατηγορίας.

224 840 273 864 ²0
340 829 395 871 ‘H
435 827 509 872 οὖν
545 829 702 886 Μάρθα
740 829 801 870 ὡς
839 829 1020 870 ἤκουσεν
1058 829 1123 871 ὅτι
1154 828 1322 870 ἸΗσοῦε
1359 827 1540 884 ἔρχεται,
1579 826 1822 868 ὑπήντΗσεν

581 913 711 967 αὐτῷ·
763 911 911 969 ΛΛαρία
951 911 997 953 δὲ
1035 912 1080 952 ὲν
1117 913 1179 965 τῷ
1216 908 1326 965 οἷ’κῳ
1360 911 1595 967 ἐκαθέζετο.

365 1022 507 1089 Τάχα
550 1019 599 1072 δὲ
639 1019 898 1087 θερμοτέρα
938 1019 1024 1084 μὲν
1064 1022 1084 1080 ἡ
1128 1018 1293 1089 Μάρθα
1333 1018 1451 1085 πρὸς
1493 1018 1547 1069 τὸ
1586 1019 1783 1080 ποιῆσαι
1822 1015 1881 1066 τὰ

291 1102 473 1153 δεόντα·
521 1103 592 1153 διὸ
632 1105 707 1153 καὶ
744 1102 909 1169 πρώτη
945 1103 1170 1162 ὑπήντησε·
1218 1101 1515 1166 συνετωτερα
1554 1099 1602 1150 δὲ
1642 1099 1669 1162 ἡ
1705 1099 1876 1166 Μαρία.
1904 1122 1952 1148 10

248 1190 274 1230 b
294 1184 364 1235 διὸ
404 1187 466 1238 ὡς
504 1185 907 1250 αἰσθητικωτεραν
935 1185 1114 1252 ε”χουσα
1150 1183 1328 1252 ψυχὴν,
1355 1182 1530 1246 ἔμεινεν
1557 1181 1686 1243 οἴκοι,
1714 1180 1798 1234 τὰς
1832 1182 1882 1231 ἐκ

292 1271 387 1317 τῶν
420 1267 856 1333 παραμυθουμένων
891 1265 1116 1333 δεχομένη
1157 1265 1421 1330 θεραπείας,
1451 1265 1478 1328 ἡ
1518 1264 1566 1314 δὲ
1600 1262 1782 1329 Μάρθα
1821 1264 1883 1314 ὡς

293 1349 604 1415 ἁπλουστέρα
645 1348 827 1414 ἔδραμε,
867 1347 1112 1412 μεθύουσα
1151 1346 1235 1411 μὲν
1274 1351 1339 1416 τῷ
1383 1346 1536 1409 πάθει,
1577 1345 1793 1413 φέρουσα
1835 1342 1884 1394 δὲ

294 1429 421 1494 ὅμως
459 1430 807 1495 νεανικώτερον.

229 1628 274 1653 21
302 1614 430 1660 Εἶπεν
464 1616 537 1660 οὖν
571 1619 594 1660 ἡ
629 1617 788 1675 ΛΛάρθα
827 1618 936 1676 Πρὸε
973 1618 1045 1660 τὸν
1072 1618 1239 1660 ἸΗσοΰν
1269 1618 1402 1675 Κύριε,
1430 1615 1466 1659 εἰ
1504 1614 1555 1658 ἧς
1593 1614 1693 1668 ὧδε,
1724 1615 1800 1657 οὐκ
1834 1613 1885 1655 ἂν
1909 1629 1955 1666 15

233 1718 279 1742 22
367 1702 581 1743 ἀπέθανεν
618 1702 641 1744 ὁ
685 1702 878 1758 ἀδελφός
915 1717 1006 1750 μου·
1065 1701 1133 1743 καί
1176 1705 1247 1742 νῦν
1286 1697 1382 1742 οἶδα
1421 1703 1484 1744 ὅτι
1522 1702 1601 1742 ὅσα
1643 1700 1692 1741 ἂν
1731 1697 1886 1756 αἰτήσῌ

233 1799 281 1834 23
370 1785 439 1826 τὸν
466 1784 590 1836 Θεὸν,
625 1784 755 1826 δώσει
793 1800 859 1826 σοι
897 1786 920 1827 ὀ
959 1784 1079 1825 Θεόε.
1130 1784 1244 1831 λετ-ει
1283 1784 1391 1841 αὐτῷ
1431 1784 1453 1826 ὁ
1482 1783 1650 1824 ἸΗσοῡε
1677 1782 1888 1823 Ἀναστι-ἰ-

232 1883 281 1917 24
367 1883 485 1909 σεται
526 1868 548 1909 ὁ
596 1867 786 1923 ἀδελφός
830 1882 919 1909 σου.
986 1866 1196 1924 ἀπεκρίθΗ
1243 1867 1360 1922 αὐτῷ
1410 1867 1433 1908 ἡ
1472 1866 1631 1924 ΛΛάρθα
1670 1861 1779 1907 Οἶδα
1822 1866 1888 1906 ὅτι

369 1951 655 1993 ἀναστήσεται
693 1951 737 1992 ἐν
774 1953 826 2009 τιςῖ
866 1951 1024 2009 ὲσχάτῌ
1064 1950 1218 2009 ἡμέρα.

365 2068 436 2121 ὁΟ
465 2070 592 2136 λέγει
627 2070 655 2134 ἡ
694 2069 888 2137 Μάρθα,
916 2069 1128 2122 τοιοῦτόν
1153 2072 1284 2121 ἐστιν
1313 2070 1389 2120 Οὐ
1424 2068 1500 2120 διὰ
1537 2075 1690 2132 τοῦτο,
1715 2069 1886 2136 φησὶν,
1910 2093 1960 2118 20

302 2151 533 2203 ἀπέθανεν
561 2153 585 2202 ὁ
622 2151 832 2220 ἀδελφός
868 2175 973 2215 μου,
1001 2151 1071 2202 ὅτι
1111 2152 1349 2203 ὑπόκειται
1388 2152 1415 2215 ἡ
1455 2151 1706 2218 ἀνθρώπου
1745 2150 1891 2219 φύσις

263 2237 368 2302 0τῲ
407 2231 609 2303 θανάτῳ,
644 2232 755 2284 ἀλλ’
784 2233 854 2283 ὅτι
889 2233 954 2284 σὺ
994 2234 1048 2283 οὐ
1085 2235 1254 2299 παρῆς,
1288 2234 1312 2283 ὁ
1352 2233 1435 2283 τὸν
1466 2232 1670 2283 θάνατον
1703 2234 1891 2295 νικῆσαι

304 2313 558 2377 δυνάμενος
597 2314 674 2365 διὰ
711 2320 794 2365 τοῦ
832 2314 1218 2380 προστάγματος,
1273 2314 1362 2365 ὑπὸ
1398 2314 1445 2365 δὲ
1484 2317 1567 2378 τῆς
1605 2313 1760 2378 λύπης
1799 2313 1891 2382 ἔξω

303 2401 386 2445 τοῦ
426 2396 756 2461 προσήκοντος
800 2395 1101 2459 πλανωμένη,
1146 2394 1322 2461 ἐνόμιζε
1369 2396 1532 2461 μηκέτι
1573 2395 1809 2447 δύνασθαί
1847 2418 1891 2446 τι

303 2480 500 2541 ποιῆσαι
539 2476 622 2528 τὸν
659 2476 853 2545 Κύριον·
913 2480 974 2531 ὡς
1014 2477 1407 2544 παραδραμόντος
1445 2483 1529 2528 τοῦ
1568 2483 1748 2544 καιροῦ·
1816 2479 1891 2528 καὶ
1912 2500 1961 2540 25

355 2656 385 2679 Ι.
411 2645 446 2679 ἐν
460 2644 715 2690 Ἱεροσολυμοις
733 2660 784 2680 και
803 2646 838 2680 ἐν
853 2647 948 2690 πάσῃ
967 2648 1006 2690 τῇ
1026 2648 1205 2693 περιχώρῳ
1223 2646 1339 2690 τίθησι
1357 2658 1403 2681 m.
1575 2645 1690 2691 436⁸]
1715 2650 1751 2686 -ξ-
1772 2660 1826 2679 και
1843 2656 1892 2679 m.

333 2693 421 2726 ,διὰ
438 2692 771 2738 ψευδοκατηγορίας]
792 2708 845 2726 και
863 2694 975 2738 ψευδῆ
995 2694 1197 2738 κατηγορίαν
1213 2705 1261 2728 m.
1360 2702 1391 2738 7.
1417 2691 1485 2738 ὅτι]
1510 2697 1548 2733 4-
1569 2695 1587 2726 ὁ
1575 2658 1639 2726 4k.
1740 2703 1794 2727 11.
1820 2690 1890 2736 διὸ]

309 2743 346 2779 -Ι-
365 2740 419 2772 καὶ
435 2751 483 2772 m.
548 2738 650 2784 οἴκοι]
670 2740 705 2772 ἐν
722 2742 768 2773 τῶ
786 2739 866 2786 οἴκῳ
884 2751 931 2773 m.
997 2739 1033 2773 ἐκ
1051 2751 1121 2774 om.
1132 2752 1181 2774 m.
1283 2750 1335 2774 12.
1355 2740 1478 2790 Μάρθα
1496 2739 1555 2773 δὲ
1548 2751 1607 2773 mv
1610 2750 1687 2773 erso
1705 2738 1827 2772 ordine
1843 2749 1891 2772 m.

309 2796 362 2826 Ι4.
390 2787 624 2830 νεανικώτερον
641 2798 670 2820 a.
674 2786 708 2819 k.
713 2798 760 2821 m.
779 2789 934 2821 νεανικῶς
952 2785 1018 2820 Ed.
1257 2796 1311 2829 15.
1338 2784 1496 2820 Εἰπεν-’
1502 2788 1623 2830 Ιησοῦν
1640 2785 1805 2819 exhibent
1821 2784 1891 2817 a.k.

310 2832 485 2887 16-193V
488 2843 535 2865 er.
550 2843 664 2874 22-24
682 2832 802 2866 addidi
819 2844 836 2866 e
854 2833 902 2873 k.,
921 2833 1057 2866 favente
1075 2844 1105 2866 a.
1249 2844 1302 2877 19.
1328 2832 1576 2878 ἀναστήσεται]
1596 2843 1666 2866 non
1685 2831 1781 2864 addit
1799 2831 1834 2864 ἐν
1850 2832 1891 2873 τῇ

306 2877 493 2911 ἀναστάσει
511 2879 546 2912 k.
566 2879 635 2912 cf.
628 2891 664 2912 ln
683 2890 810 2913 comm.
829 2879 896 2913 682
915 2879 990 2913 init.
1135 2889 1190 2913 20.
1206 2877 1272 2924 ⁶0]
1297 2883 1331 2919 4
1355 2879 1391 2912 δέ
1409 2880 1478 2913 a.k.
1629 2888 1684 2911 22.
1711 2877 1891 2921 δυνάμενος

306 2925 439 2966 νικῆσαι
456 2924 595 2959 inverso
613 2924 734 2959 ordine
751 2926 821 2960 a.k.
968 2937 1023 2970 ²3·
1049 2927 1108 2959 τοῦ
1127 2937 1196 2960 om.
1215 2926 1284 2961 a.k.
