2022 3272
114 117 354 160 xv.12‚13.
402 107 475 147 IN
517 109 559 150 S.
594 108 931 149 JOANNEM.
996 108 1118 149 LIB.
1155 109 1206 149 X.
1270 109 1403 149 CAP.
1440 109 1497 148 Il.
1617 107 1698 147 575

113 217 188 265 καὶ
207 220 342 269 σκιᾶς
367 216 610 285 ἐξίπταται
637 218 785 281 δίκην.
829 217 993 282 ὥσπερ
1020 218 1198 268 τέλειον
1224 222 1366 281 μῖσος
1393 216 1510 267 εἶναι’
1528 221 1698 286 φαμεν,

114 295 168 346 τὸ
211 298 396 351 δικαίως
437 322 486 350 τε
531 302 607 350 καὶ
652 301 804 365 ὀρθῶς
844 301 922 350 ἐπί
964 322 1063 349 τισι
1112 303 1221 365 παρ’
1261 300 1393 363 ἡμῶν
1434 298 1695 364 γινόμενον·
1719 308 1745 348 d

114 375 277 445 ὥσπερ
304 381 386 430 οὖν
410 381 573 443 ἀμέλει
605 384 678 432 καὶ
707 383 731 432 ὁ
758 381 984 447 μακάριος
1013 383 1188 431 Δαυεὶδ
1214 385 1318 446 περὶ
1345 385 1439 432 τῶν
1466 383 1697 445 ἀνθεστη-
1783 443 1789 455 )

115 459 265 510 κότων
309 465 368 529 τῇ
413 463 530 531 δόξῃ
574 469 657 514 τοῦ
703 468 828 514 Θεοῦ
871 468 995 532 φησι
1041 463 1279 514 “Τε’λειον
1322 468 1464 527 μῖσος
1507 464 1700 525 ἐμίσουν
1763 442 1918 514 jsxslxxiii.

71 548 141 592 5⁶⁴
1766 538 1814 558 22.

169 543 385 597 αὐτούς””
439 545 622 595 τελειάν
661 544 707 596 δὲ
748 545 950 610 ἀγάπην,
987 545 1072 610 τὴν
1111 545 1386 611 ὁλοκλήρως
1426 548 1700 595 ἀνακεῖσθαι

115 627 223 692 Θεῷ
259 626 716 691 παρασκευάζουσαν
741 627 848 681 τοὺς
887 627 1082 681 ἑλόντας
1121 627 1266 691 αὐτὴν
1292 629 1339 677 ἐν
1367 631 1477 696 Θεῷ
1517 629 1592 678 καὶ
1625 626 1701 677 διὰ

116 706 256 765 Θεὸν,
286 708 339 757 οὐ
377 707 463 772 τὴν
502 710 580 760 ἐπί
614 732 740 760 τισιν
773 710 991 775 ἐπιγείοις
1027 712 1102 761 καὶ
1140 708 1289 776 λόγου
1324 710 1520 775 μηδενὸς
1553 710 1701 778 ἀξίοις

114 786 412 854 πράγμασιν.

114 962 225 1004 ΑὕτΗ
259 963 373 1006 ἐστὶν
401 964 424 1005 εἰ
453 965 607 1007 ἐντολή
638 967 660 1008 ἡ
689 966 785 1018 ἐμὴ,
812 967 881 1008 ἵνα
917 968 1111 1015 ἀΓαΠᾱτε
1143 967 1375 1018 ἀλλήλους,
1404 966 1547 1008 καθὼς
1583 966 1700 1014 «th-d>
1727 986 1768 1009 12

47 1043 95 1068 ¹0
182 1047 380 1093 ιῖιΓάΠΗσα
422 1048 545 1097 ὑμᾶς·
604 1049 771 1107 μείζονα
811 1052 967 1092 ταύτΗε
1005 1051 1174 1099 ἀΓάΠΗν
1213 1051 1355 1092 οὐδεὶς
1392 1051 1492 1106 ἔχει,
1529 1050 1597 1092 ἵνα
1636 1066 1697 1092 τις
1724 1073 1769 1107 13

181 1128 258 1171 τήν
295 1131 434 1187 ψυχὴν
472 1133 601 1173 αὐτοῦ
641 1137 691 1190 θεῖε
731 1133 836 1191 ὑπὲρ
874 1134 960 1175 τῶν
999 1133 1139 1189 φίλων
1178 1135 1322 1175 αὐτοῦ.
1718 1128 1739 1153 e

188 1245 584 1313 Ἐμφανεστέραν
615 1247 702 1311 ἤδη
730 1249 988 1312 καθίστησι
1015 1247 1091 1299 διὰ
1123 1250 1205 1311 τῆς
1231 1247 1409 1298 τούτων
1435 1249 1699 1312 ἐπαγωγῆς,

117 1330 210 1376 τῶν
236 1327 323 1391 ἤδη
348 1329 693 1395 προειρημένων
717 1328 802 1393 τὴν
828 1329 1044 1394 δύναμιν,
1068 1329 1299 1392 τουτέστι,
1317 1329 1371 1380 τὸ
1398 1332 1566 1396 χρῆναι
1593 1329 1701 1382 τοὺς

117 1409 330 1473 μαθητὰς
367 1408 453 1473 τὴν
480 1411 621 1462 αὑτοῦ
655 1410 807 1478 χαρὰν
835 1412 956 1480 ἔχειν
996 1414 1043 1462 ἐν
1085 1413 1281 1465 ἑαυτοῖς·
1336 1411 1610 1478 ἀναφανδὸν
1650 1413 1704 1462 δέ

50 1514 96 1552 15
119 1494 282 1558 φησιν,
323 1491 393 1542 ὅτι
428 1498 567 1543 τοῦτο
606 1492 902 1556 ἐντέλλομαι,
944 1495 1020 1544 καὶ
1062 1499 1200 1544 τοῦτο
1244 1493 1453 1544 διδάσκω
1494 1495 1610 1559 δρᾶν
1649 1517 1699 1544 τε

118 1575 193 1623 καὶ
220 1577 410 1641 φρονεῖν
435 1580 543 1628 τοῦς
577 1575 775 1626 ἕπεσθαι
813 1579 906 1626 δεῖν
932 1575 1163 1639 οἰομένους
1199 1577 1313 1640 ἐμοὶ,
1339 1573 1700 1641 τοιουτότροπον

117 1658 180 1708 εἰς
218 1655 464 1720 ἀλλήλους
502 1659 755 1721 ἐκμελετᾶν
795 1655 882 1721 τὴν
923 1658 1127 1723 ἀγάπην,
1168 1659 1334 1709 ὁποίαν
1371 1656 1464 1723 ἐγὼ
1504 1657 1699 1725 φθάσας

117 1737 423 1806 ἐπεδειξάμην
449 1741 523 1789 καὶ
554 1739 861 1806 πεπλήρωκα.
916 1745 1052 1792 ποῖον
1079 1741 1161 1791 οὖν
1187 1740 1278 1806 ἄρα
1304 1738 1357 1790 τὸ
1383 1738 1551 1805 μέτρον
1577 1744 1693 1790 θεω-

115 1818 262 1886 ρήσαι
299 1843 367 1874 τις
405 1819 462 1870 ἂν
500 1825 583 1885 τῆς
621 1821 809 1886 ἀγάπης
851 1827 934 1872 τοῦ
960 1825 1190 1888 Χριστοῦ,
1217 1820 1365 1872 πάλιν
1404 1820 1542 1875 αὐτὸς
1582 1821 1691 1872 ὑπέ-
1715 1852 1737 1877 a
1767 1843 1853 1880 887
1869 1842 1922 1879 Α,

48 1920 97 1945 20
119 1905 279 1969 φηνεν,
314 1902 468 1965 εἰπὼν,
508 1903 562 1953 τὸ
600 1903 754 1969 μεῖζον
793 1901 906 1953 εἶναι
943 1903 1088 1967 μηδὲν
1125 1906 1207 1967 τῆς
1240 1902 1455 1967 τοιαύτης
1495 1903 1697 1969 ἀγάπης,

117 1983 146 2048 ἢ
185 1987 261 2036 καὶ
305 1985 449 2049 αὐτὴν
489 1985 720 2051 προέσθαι
759 1983 844 2048 τὴν
883 1985 1048 2054 ψυχὴν
1088 1984 1203 2051 ὑπὲρ
1242 1990 1336 2036 τῶν
1375 1986 1700 2051 ἀγαπωμένων

118 2067 443 2119 διακελεύεται.
495 2069 545 2118 ἐκ
584 2067 640 2131 δὴ
680 2066 858 2118 τούτων
890 2067 1111 2118 ἁπάντων
1148 2069 1398 2134 μονονουχὶ
1437 2072 1532 2121 τοῖς
1572 2069 1700 2121 ἰδίοις

117 2149 430 2200 διακελεύεται
481 2153 724 2214 μαθηταῖς,
771 2148 842 2199 ὅτι
884 2148 1115 2216 προσήκει
1160 2154 1390 2200 τοσοῦτον
1433 2147 1700 2217 ἀφεστάναι

117 2236 200 2281 τοῦ
242 2231 433 2282 δεδιέναι
469 2236 627 2300 φιλεῖν
665 2231 771 2284 τοὺς
811 2229 925 2296 ὑπὲρ
961 2236 1055 2281 τῶν
1087 2230 1366 2296 σωζομένων
1397 2232 1596 2296 ἀγῶνας,
1624 2233 1700 2282 καὶ

49 2330 95 2367 25
119 2312 259 2363 αὐτὸν
285 2313 545 2364 ἀοκνότατα
583 2315 657 2364 καὶ
694 2314 803 2363 λιάν
834 2313 1027 2377 ἑτοίμως
1066 2313 1183 2381 ἔχειν
1216 2315 1477 2377 ὑποστῆναι
1510 2313 1592 2365 τὸν
1616 2317 1700 2378 τῆς

117 2393 295 2460 σαρκὸς
323 2394 542 2446 θάνατον·
598 2396 812 2446 καθίκετο
839 2393 931 2461 γὰρ
958 2396 1033 2446 καὶ
1071 2395 1208 2462 μέχρι
1239 2399 1372 2446 τοῦδε
1399 2402 1481 2446 τοῦ
1507 2396 1694 2462 μέτρου,

117 2479 200 2540 τῆς
240 2482 322 2527 τοῦ
364 2480 583 2543 Σωτῆρος
625 2477 756 2541 ἡμῶν
798 2476 986 2542 ἀγάπης
1027 2477 1054 2540 ἡ
1097 2477 1306 2540 δύναμις.
1361 2477 1415 2528 τὸ
1456 2477 1504 2528 δὲ
1549 2484 1695 2529 ταῦτα
1715 2492 1741 2531 b

118 2559 274 2624 λέγειν
313 2558 468 2624 ἕτερον
506 2558 564 2623 ἦν
603 2561 805 2623 δρῶντος
845 2557 990 2620 οὐδὲν,
1030 2556 1059 2622 ἢ
1106 2559 1464 2625 παραθήγοντος
1506 2558 1590 2622 μὲν
1636 2564 1697 2614 εἷς

119 2642 336 2709 ὑπερφυᾶ
372 2663 420 2690 τε
456 2642 531 2690 καὶ
563 2640 799 2708 ἐξαίρετον
825 2641 1038 2706 ἀνδρείαν
1064 2638 1171 2693 τοὺς
1207 2639 1431 2703 μαθητὰς,
1459 2641 1698 2692 διανιστά-

51 2743 99 2778 30
121 2745 280 2775 νοντος
320 2722 367 2773 δὲ
406 2722 515 2772 λίαν
541 2725 602 2774 εἰς
641 2721 956 2786 ἀκμαιοτάτην
994 2722 1335 2790 φιλαδελφίαν,
1363 2724 1436 2772 καὶ
1476 2722 1698 2791 φρόνημα

171 2875 200 2898 1.
226 2863 307 2898 εῖναι
326 2870 358 2899 et
377 2870 455 2899 ante
474 2870 506 2899 et
525 2869 604 2909 post
622 2865 723 2906 μῖσος
740 2863 879 2897 exhibet
897 2863 939 2897 E.
1300 2863 1353 2898 16.
1378 2866 1640 2909 τοιοῦτότροπον
1658 2866 1701 2901 Ε.

123 2922 176 2945 21.
204 2910 239 2956 ἦ]
259 2910 277 2955 ἢ
298 2911 338 2945 Ε.
581 2911 635 2944 28.
662 2910 917 2956 παραθήγοντος
936 2910 1018 2945 EF.
1042 2909 1107 2946 Ed.
1127 2922 1197 2956 mg.
1218 2910 1476 2955 παραθήσοντος
1496 2911 1561 2947 Ed.
