2022 3272
109 138 191 179 xiv.
212 152 276 190 24.
503 138 570 178 IN
615 137 657 177 S.
693 136 1032 178 JOANNEM.
1099 136 1225 177 Lm.
1261 137 1312 176 X.
1619 134 1697 172 501

110 250 475 299 συνδιαιτᾶσθαι
520 252 712 311 μᾶλλον
751 248 899 312 ἤγουν
938 252 1035 300 τοῖς
1078 247 1250 312 ἑτέροις
1291 246 1436 297 παντί
1473 268 1539 314 τῳ
1583 244 1702 294 τετί-

110 353 283 395 μηται,
339 332 487 381 καίτοι
526 338 553 360 “
573 335 669 381 πᾶν
708 330 826 399 ζῷον
865 331 1031 398 ἀγαπᾷ
1074 327 1127 379 τὸ
1170 329 1331 392 ὅμοιον
1370 326 1546 396 αὐτῴ,”
1585 325 1704 377 κατὰ
1767 321 1912 352 Sinxffi·

112 412 167 464 τὸ
214 414 560 479 γεγραμμένον,
587 414 709 462 “καῖ
753 416 820 481 τῷ
860 413 1005 481 ὁμοίῳ
1047 413 1174 480 αὐτῷ
1215 409 1705 477 προσκολληθήσεται

113 502 141 526 “
167 495 330 561 ἀνήρ·”
372 499 408 545 εὶ
447 493 494 546 δὲ
534 497 609 545 καὶ
649 496 696 545 ἐν
729 495 838 559 ἡμῖν
873 495 1029 547 αὐτοῖς
1068 493 1298 558 ὁμοήθεσι
1337 497 1546 544 συνεῖναι
1586 490 1707 541 κατὰ

71 590 93 628 5
113 576 285 629 ταύτὸν
310 581 404 628 τῶν
437 576 507 627 ὅτι
543 576 759 641 μάλιστα
794 575 870 626 διὰ
903 579 1116 640 σπουδῆς
1152 574 1266 626 εἶναι
1302 579 1440 633 δοκεῖ,
1468 578 1569 628 πῶς
1605 574 1707 639 οὐχὶ

113 663 305 724 μᾶλλον
355 660 502 713 οὕτως
552 659 673 726 ἔχειν
717 661 792 710 ἐπὶ
838 662 961 709 Θεοῦ
1008 658 1328 724 λογιούμεθα;
1387 656 1565 724 ἀγαθὸς
1614 655 1709 721 γὰρ

117 741 343 809 ὑπάρχων
381 745 439 810 τῇ
479 741 636 810 φύσει,
673 743 748 792 καὶ
787 743 954 807 ἀρετῆς
993 740 1186 804 ἁπάσης
1225 739 1348 808 ἀρχὴ
1387 742 1462 790 καὶ
1502 739 1706 804 γε’νεσις,
1729 747 1757 788 (1

117 825 219 892 οὐχὶ
259 829 354 878 τοῖς
391 824 692 893 φαυλότητος
730 825 964 890 ἐρασταῖς,
997 823 1129 874 ἀλλὰ
1166 826 1249 887 τῆς
1288 825 1454 889 ἀρετῆς
1494 821 1712 888 ἐργάταις

117 906 414 973 ἐναυλίζεται,
439 912 731 973 παραιτεῖται
771 905 820 957 δὲ
859 904 942 956 τὸν
977 905 1259 972 ἀκάθαρτον,
1295 907 1371 956 καὶ
1410 905 1519 954 λίαν
1546 905 1710 970 ὀρθῶς.

51 1010 99 1036 10
119 988 331 1056 καθάπερ
359 989 440 1040 οὖν
466 988 629 1052 ἀμέλει
655 992 732 1039 καὶ
763 989 891 1053 ἡμεῖς
928 989 1057 1039 αὐτοὶ
1091 987 1332 1054 ,Βορβόρου
1366 989 1441 1038 καὶ
1477 987 1713 1039 δυσωδίας

119 1070 433 1139 ἀπηλλάχθαι
471 1070 556 1125 τὰς
593 1071 771 1122 ἑαυτῶν
805 1071 950 1124 οἰκίας
989 1070 1333 1135 σπουδάζομεν,
1369 1070 1497 1136 ε’ίπερ
1536 1092 1581 1119 τι
1619 1073 1713 1120 τῶν

119 1153 343 1205 τοιούτων
371 1153 496 1208 ὅλως
523 1153 639 1222 ἔχοι,
670 1153 724 1205 τὸ
751 1155 799 1205 ἐν
826 1155 986 1207 αὐταῖς
1021 1153 1296 1220 αὐλίζεσθαι
1329 1151 1709 1218 παραιτούμενοι·

122 1234 193 1303 ἆρ’
223 1237 306 1287 οὖν
332 1237 385 1286 οὐ
420 1234 641 1303 μειζόνως
678 1237 703 1287 ὁ
740 1234 944 1302 καθαρός
979 1258 1029 1286 τε
1060 1237 1136 1286 καὶ
1169 1233 1399 1301 πανάγιος
1433 1235 1566 1298 ἡμῶν
1593 1232 1716 1287 Θεὸς

121 1317 207 1383 τὴν
233 1319 601 1383 μεμολυσμενην
626 1318 791 1387 ψυχὴν
817 1318 1176 1384 παραιτήσεται,
1202 1319 1278 1368 καὶ
1306 1315 1716 1379 καταμυσάττεται

56 1413 103 1453 15
125 1400 317 1466 καρδίαν
350 1405 416 1470 τῷ
455 1404 536 1465 τῆς
575 1402 805 1468 ἁμαρτίας
841 1400 1066 1469 βορβόρω
1106 1399 1555 1468 κατηφανισμενην,
1602 1399 1712 1448 ἀλλ’
1733 1417 1755 1443 e

123 1505 255 1533 εστιν
295 1484 379 1534 οὐκ
420 1484 711 1553 ἀμφίβολον.
766 1506 838 1534 οτι
883 1482 976 1549 γὰρ
1021 1483 1069 1533 ἐν
1107 1482 1289 1535 τούτοις
1333 1481 1469 1532 ἐσται
1513 1503 1588 1531 και
1630 1481 1717 1547 οὐχ

124 1565 296 1632 ἕτεροις
339 1567 364 1617 ὁ
407 1565 473 1631 μὴ
522 1565 735 1633 τηρήσας
779 1564 866 1630 τὴν
910 1564 1127 1629 ἐντολήν
1188 1564 1453 1630 ἀκάθαρτος
1497 1585 1590 1629 γαρ
1642 1565 1718 1613 καὶ

126 1647 497 1717 φιλοβόρβορος·
550 1647 667 1712 αὐτή
710 1671 769 1699 σε
809 1648 959 1700 πάλιν
997 1648 1025 1712 ἡ
1071 1653 1154 1698 τοῦ
1199 1646 1500 1713 θεωρήματος
1541 1644 1719 1714 διδάξει

127 1731 334 1794 δύναμις.
395 1733 444 1781 ἐν
474 1729 567 1798 γὰρ
599 1735 665 1800 τῷ
699 1729 764 1795 μὴ
803 1733 1009 1797 τηρῆσαι
1047 1730 1131 1784 τὰς
1170 1731 1296 1784 θείας
1333 1727 1529 1782 ἐντολὰς
1567 1728 1596 1792 ἡ
1635 1730 1719 1791 τῆς

59 1834 107 1859 20
129 1813 357 1880 ἁμαρτίας
392 1813 653 1879 εὑρίσκεται
683 1812 882 1878 γένεσις.

194 1895 384 1961 ’Ὀνπερ
418 1894 513 1960 γὰρ
543 1894 720 1961 τρόπον
746 1896 774 1959 ἡ
800 1901 884 1946 τοῦ
911 1893 1071 1962 φωτὸς
1097 1893 1324 1960 στέρησις
1349 1891 1629 1959 παρεισάγει
1664 1889 1718 1941 τὸ

129 1979 351 2040 ἐναντίον,
379 1980 501 2044 φημὶ
534 1977 582 2028 δὲ
616 1977 699 2028 τὸν
725 1977 918 2035 σκότον,
948 1978 1068 2028 οὕτω
1104 1976 1158 2027 τὸ
1192 1975 1257 2040 μὴ
1295 1978 1410 2041 δρᾶν
1435 1974 1610 2025 ἐθέλειν
1635 1971 1721 2037 τὴν

130 2059 312 2126 ἀρετὴν,
351 2059 438 2124 τὴν
477 2062 559 2123 τῆς
602 2058 902 2128 φαυλότητος
938 2058 1218 2125 παρεισάγει
1265 2059 1469 2123 γε’νεσιν·
1523 2057 1630 2107 καθ’
1673 2055 1722 2106 ἓν

131 2141 225 2208 γάρ
258 2165 302 2193 τι
338 2141 391 2193 τὸ
427 2143 705 2193 ὑποκεῖσθαι
741 2142 1006 2206 νοούμενον,
1035 2143 1118 2192 οὐκ
1153 2140 1211 2192 ἂν
1236 2139 1363 2203 οἶμαι
1398 2138 1517 2189 κατὰ
1551 2137 1722 2189 ταύτὸν

61 2237 111 2276 25
132 2225 347 2288 συμβαίη
373 2224 488 2276 ποτὲ
522 2223 582 2274 τὰ
615 2227 698 2288 τῆς
733 2223 966 2288 ἀλλήλων
993 2223 1278 2290 διωρισμένα
1303 2221 1571 2286 ποιότητος,
1603 2220 1761 2272 nomia
1793 2231 1879 2265 834
1893 2228 1944 2264 A·

132 2329 188 2373 γε
214 2305 296 2358 τὸν
322 2305 471 2372 λόγον
497 2312 579 2357 τοῦ
605 2305 822 2360 ἐναντίως
853 2307 991 2374 ἔχειν·
1035 2306 1173 2357 κακία
1206 2307 1280 2356 καὶ
1310 2304 1450 2371 ἀρετὴ
1479 2303 1728 2369 διώρισταί

132 2411 182 2439 τε
217 2390 294 2439 καὶ
329 2387 457 2439 πολὺ
492 2387 708 2453 διέστηκε
741 2387 862 2454 πρὸς
893 2387 948 2439 τὸ
983 2388 1192 2439 ἐναντίον
1218 2390 1300 2451 τῆς
1327 2386 1560 2451 ἀλλήλων
1584 2386 1720 2437 ποιό-

132 2492 286 2534 τητος,
314 2468 343 2534 ὴ
371 2469 497 2524 ὅπως
532 2470 590 2521 ἄν
615 2493 686 2525 τις
718 2469 860 2522 εἰπὼν
887 2472 971 2522 οὐκ
1004 2469 1062 2521 ἂν
1088 2469 1289 2535 ἁμάρτοι
1314 2468 1473 2536 τυχὸν,
1501 2469 1614 2519 ἀλλ’
1642 2469 1725 2518 οὐκ

134 2551 192 2602 ἄν
218 2574 307 2603 τινι
334 2557 428 2602 τῶν
454 2551 603 2603 ὅντων
629 2554 736 2603 καθ’
766 2553 888 2616 ἡμᾶς
912 2551 1162 2618 προσόντα
1192 2551 1363 2619 φανείη
1399 2549 1520 2601 κατὰ
1554 2548 1725 2600 ταύτὸν

65 2660 116 2696 30
135 2634 383 2704 ἀμφότερα
409 2635 485 2684 καὶ
512 2634 568 2685 δι’
596 2635 828 2701 ἐνεργείας
853 2634 1174 2700 πληρούμενα.
1221 2632 1249 2698 ἢ
1285 2631 1379 2699 γὰρ
1415 2629 1621 2698 πονηρός
1655 2653 1726 2684 τις

188 2820 218 2843 1.
244 2809 416 2853 τετίμηται
435 2809 476 2843 Ε.
481 2808 517 2843 F.
536 2807 603 2841 Ed.
623 2819 694 2853 mg.
713 2807 904 2851 τετίμηνται
922 2805 989 2840 Ed.
1194 2816 1226 2840 2.
1252 2804 1360 2851 αὐτῷ]
1380 2805 1483 2838 αὐτοῦ
1501 2807 1535 2839 et
1552 2803 1594 2838 ad
1613 2819 1724 2849 προσ-

138 2855 388 2899 κολληθήσεται
406 2854 556 2889 transilit
574 2855 616 2889 E.
872 2866 905 2896 4.
932 2853 967 2888 ἐν
985 2864 1055 2886 om.
1076 2852 1117 2886 Ε.
1371 2852 1405 2886 8.
1430 2853 1501 2887 τοῖς
1519 2852 1561 2886 Ε.
1579 2853 1637 2895 τῆς
1656 2851 1725 2886 Ed.

138 2914 172 2947 9.
197 2903 256 2936 τὸν
274 2902 358 2937 E.F.
375 2902 436 2944 τὴν
453 2901 520 2936 Ed.
537 2915 594 2946 γρ.
612 2901 650 2935 τὸ
669 2900 736 2935 Ed.
754 2912 826 2944 mg.
994 2910 1046 2934 ΙΙ.
1072 2899 1177 2934 οικίας
1196 2898 1238 2933 Ε.
1257 2905 1290 2934 et
1307 2899 1355 2933 ita
1371 2898 1570 2933 emendavit
1588 2898 1724 2944 Migne.

139 2948 261 2984 οἶκεὶας
279 2949 346 2984 Ed.
490 2959 615 2993 29—p.
628 2958 709 2992 502,
727 2959 756 2982 1.
781 2946 1053 2993 φανείη-ἄκρον
1070 2957 1140 2980 om.
1159 2946 1201 2980 E.
