<?xml version="1.0" encoding="UTF-8"?>
<!DOCTYPE html PUBLIC "-//W3C//DTD XHTML 1.0 Transitional//EN"
    "http://www.w3.org/TR/xhtml1/DTD/xhtml1-transitional.dtd">
<html xmlns="http://www.w3.org/1999/xhtml" xml:lang="en" lang="en">
 <head>
  <title>
</title>
<meta http-equiv="Content-Type" content="text/html;charset=utf-8" />
  <meta name='ocr-system' content='tesseract 3.04.00' />
  <meta name='ocr-capabilities' content='ocr_page ocr_carea ocr_par ocr_line ocrx_word'/>
</head>
<body>
  <div class='ocr_page' id='page_1' title='image "./operacyrilli04cyriuoft/operacyrilli04cyriuoft_0076.png"; bbox 0 0 2001 3231; ppageno 0'>
   <div class='ocr_carea' id='block_1_1' title="bbox 53 544 188 628">
    <p class='ocr_par' dir='ltr' id='par_1_1' title="bbox 53 544 188 628">
     <span class='ocr_line' id='line_1_1' title="bbox 55 544 163 584; baseline 0 -10"><span class='ocrx_word' id='word_1_1' title='bbox 55 544 163 584; x_wconf 82' lang='lat' dir='ltr'><strong>Supra</strong></span> 
     </span>
     <span class='ocr_line' id='line_1_2' title="bbox 53 597 188 628; baseline 0 -10"><span class='ocrx_word' id='word_1_2' title='bbox 53 598 121 618; x_wconf 88' lang='lat' dir='ltr'><strong>ver.</strong></span> <span class='ocrx_word' id='word_1_3' title='bbox 137 597 154 628; x_wconf 88' lang='lat'>3</span> <span class='ocrx_word' id='word_1_4' title='bbox 159 597 188 628; x_wconf 79' lang='lat'>3.</span> 
     </span>
    </p>
   </div>
   <div class='ocr_carea' id='block_1_2' title="bbox 275 114 1862 169">
    <p class='ocr_par' dir='ltr' id='par_1_2' title="bbox 275 114 1862 169">
     <span class='ocr_line' id='line_1_3' title="bbox 275 114 1862 169; baseline 0.001 -16"><span class='ocrx_word' id='word_1_5' title='bbox 275 114 332 153; x_wconf 77' lang='lat'>64</span> <span class='ocrx_word' id='word_1_6' title='bbox 675 114 725 155; x_wconf 91' lang='lat' dir='ltr'>B.</span> <span class='ocrx_word' id='word_1_7' title='bbox 759 114 1037 156; x_wconf 90' lang='lat' dir='ltr'>CYRILLI</span> <span class='ocrx_word' id='word_1_8' title='bbox 1078 114 1456 156; x_wconf 87' lang='lat' dir='ltr'><strong>ALEXANDR.</strong></span> <span class='ocrx_word' id='word_1_9' title='bbox 1689 114 1775 155; x_wconf 87' lang='lat' dir='ltr'>viii.</span> <span class='ocrx_word' id='word_1_10' title='bbox 1795 127 1862 169; x_wconf 86' lang='lat'>34.</span> 
     </span>
    </p>
   </div>
   <div class='ocr_carea' id='block_1_3' title="bbox 277 221 1866 618">
    <p class='ocr_par' dir='ltr' id='par_1_3' title="bbox 277 221 1866 618">
     <span class='ocr_line' id='line_1_4' title="bbox 278 221 1866 293; baseline 0.004 -23"><span class='ocrx_word' id='word_1_11' title='bbox 278 221 541 285; x_wconf 83' lang='grc' dir='ltr'>σωματικὰ,</span> <span class='ocrx_word' id='word_1_12' title='bbox 573 225 657 287; x_wconf 82' lang='grc' dir='ltr'>τῆς</span> <span class='ocrx_word' id='word_1_13' title='bbox 694 223 779 287; x_wconf 79' lang='grc' dir='ltr'>μὲν</span> <span class='ocrx_word' id='word_1_14' title='bbox 818 223 1015 288; x_wconf 80' lang='grc' dir='ltr'>ἐνούσης</span> <span class='ocrx_word' id='word_1_15' title='bbox 1055 225 1258 288; x_wconf 79' lang='grc' dir='ltr'>ἀμαθίας</span> <span class='ocrx_word' id='word_1_16' title='bbox 1296 225 1532 293; x_wconf 78' lang='grc' dir='ltr'>ἐξίστησι,</span> <span class='ocrx_word' id='word_1_17' title='bbox 1563 224 1866 291; x_wconf 76' lang='grc' dir='ltr'>μεταβιβάζει</span> 
     </span>
     <span class='ocr_line' id='line_1_5' title="bbox 277 303 1865 374; baseline 0.003 -20"><span class='ocrx_word' id='word_1_18' title='bbox 277 303 334 354; x_wconf 77' lang='grc' dir='ltr'>δέ</span> <span class='ocrx_word' id='word_1_19' title='bbox 366 327 467 358; x_wconf 89' lang='grc' dir='ltr'>πως</span> <span class='ocrx_word' id='word_1_20' title='bbox 507 306 580 356; x_wconf 80' lang='grc' dir='ltr'>ἐπὶ</span> <span class='ocrx_word' id='word_1_21' title='bbox 622 305 682 356; x_wconf 83' lang='grc' dir='ltr'>τὰ</span> <span class='ocrx_word' id='word_1_22' title='bbox 719 306 1144 372; x_wconf 82' lang='grc' dir='ltr'>πνευματικώτερα,</span> <span class='ocrx_word' id='word_1_23' title='bbox 1184 308 1260 356; x_wconf 82' lang='grc' dir='ltr'>καὶ</span> <span class='ocrx_word' id='word_1_24' title='bbox 1299 306 1461 373; x_wconf 80' lang='grc' dir='ltr'>ὥσπερ</span> <span class='ocrx_word' id='word_1_25' title='bbox 1502 311 1564 361; x_wconf 82' lang='grc' dir='ltr'>εἰς</span> <span class='ocrx_word' id='word_1_26' title='bbox 1606 309 1776 374; x_wconf 79' lang='grc' dir='ltr'>ἀτριβῆ</span> <span class='ocrx_word' id='word_1_27' title='bbox 1814 331 1865 359; x_wconf 90' lang='grc' dir='ltr'>τε</span> 
     </span>
     <span class='ocr_line' id='line_1_6' title="bbox 278 385 1866 456; baseline 0.004 -20"><span class='ocrx_word' id='word_1_28' title='bbox 278 387 354 436; x_wconf 76' lang='grc' dir='ltr'>καὶ</span> <span class='ocrx_word' id='word_1_29' title='bbox 390 385 512 450; x_wconf 88' lang='grc' dir='ltr'>ἀήθη</span> <span class='ocrx_word' id='word_1_30' title='bbox 543 392 791 441; x_wconf 77' lang='grc' dir='ltr'>παντελῶς</span> <span class='ocrx_word' id='word_1_31' title='bbox 826 388 1119 454; x_wconf 73' lang='grc' dir='ltr'>μετακομίζει</span> <span class='ocrx_word' id='word_1_32' title='bbox 1144 390 1404 451; x_wconf 82' lang='grc' dir='ltr'>παίδευσιν,</span> <span class='ocrx_word' id='word_1_33' title='bbox 1432 389 1519 454; x_wconf 86' lang='grc' dir='ltr'>τὴν</span> <span class='ocrx_word' id='word_1_34' title='bbox 1545 391 1866 456; x_wconf 68' lang='grc' dir='ltr'>κεκρυμμένην</span> 
     </span>
     <span class='ocr_line' id='line_1_7' title="bbox 278 467 1866 537; baseline 0.004 -20"><span class='ocrx_word' id='word_1_35' title='bbox 278 467 434 522; x_wconf 81' lang='grc' dir='ltr'>αὐτοῖς</span> <span class='ocrx_word' id='word_1_36' title='bbox 481 471 557 519; x_wconf 80' lang='grc' dir='ltr'>καὶ</span> <span class='ocrx_word' id='word_1_37' title='bbox 601 471 648 519; x_wconf 84' lang='grc' dir='ltr'>ἐν</span> <span class='ocrx_word' id='word_1_38' title='bbox 686 474 887 522; x_wconf 82' lang='grc' dir='ltr'>πολλοῖς</span> <span class='ocrx_word' id='word_1_39' title='bbox 927 471 1244 535; x_wconf 83' lang='grc' dir='ltr'>ἀγνοηθεῖσαν</span> <span class='ocrx_word' id='word_1_40' title='bbox 1283 477 1457 537; x_wconf 81' lang='grc' dir='ltr'>καιροῖς</span> <span class='ocrx_word' id='word_1_41' title='bbox 1495 473 1713 523; x_wconf 87' lang='grc' dir='ltr'>δουλείαν</span> <span class='ocrx_word' id='word_1_42' title='bbox 1752 475 1866 524; x_wconf 85' lang='grc' dir='ltr'>ὑπο-</span> 
     </span>
     <span class='ocr_line' id='line_1_8' title="bbox 279 548 1864 618; baseline 0.003 -18"><span class='ocrx_word' id='word_1_43' title='bbox 279 548 467 612; x_wconf 74' lang='grc' dir='ltr'>δεικνὺς,</span> <span class='ocrx_word' id='word_1_44' title='bbox 495 552 570 600; x_wconf 78' lang='grc' dir='ltr'>καὶ</span> <span class='ocrx_word' id='word_1_45' title='bbox 607 550 677 601; x_wconf 81' lang='grc' dir='ltr'>ὅτι</span> <span class='ocrx_word' id='word_1_46' title='bbox 710 550 795 614; x_wconf 79' lang='grc' dir='ltr'>μὲν</span> <span class='ocrx_word' id='word_1_47' title='bbox 821 551 1105 618; x_wconf 79' lang='grc' dir='ltr'>ψευδόμενοι</span> <span class='ocrx_word' id='word_1_48' title='bbox 1139 550 1353 617; x_wconf 79' lang='grc' dir='ltr'>λέγουσι,</span> <span class='ocrx_word' id='word_1_49' title='bbox 1379 552 1432 603; x_wconf 90' lang='grc' dir='ltr'>τό</span> <span class='ocrx_word' id='word_1_50' title='bbox 1459 560 1486 582; x_wconf 83' lang='grc'><strong>“</strong></span> <span class='ocrx_word' id='word_1_51' title='bbox 1504 555 1676 604; x_wconf 82' lang='grc' dir='ltr'>Οὑδενὶ</span> <span class='ocrx_word' id='word_1_52' title='bbox 1709 556 1864 606; x_wconf 87' lang='grc' dir='ltr'>δεδου-</span> 
     </span>
    </p>
   </div>
   <div class='ocr_carea' id='block_1_4' title="bbox 233 632 1866 703">
    <p class='ocr_par' dir='ltr' id='par_1_4' title="bbox 233 632 1866 703">
     <span class='ocr_line' id='line_1_9' title="bbox 233 632 1866 703; baseline 0.004 -23"><span class='ocrx_word' id='word_1_53' title='bbox 233 632 565 695; x_wconf 65' lang='lat' dir='ltr'>d“&gt;xev&#39;1&lt;a)uev</span> <span class='ocrx_word' id='word_1_54' title='bbox 615 633 849 695; x_wconf 81' lang='grc' dir='ltr'>πώποτε,”</span> <span class='ocrx_word' id='word_1_55' title='bbox 901 634 1102 699; x_wconf 89' lang='grc' dir='ltr'>παρίησι</span> <span class='ocrx_word' id='word_1_56' title='bbox 1151 638 1339 703; x_wconf 83' lang='grc' dir='ltr'>σοφῶς,</span> <span class='ocrx_word' id='word_1_57' title='bbox 1395 636 1504 685; x_wconf 87' lang='grc' dir='ltr'>ἀλλ’</span> <span class='ocrx_word' id='word_1_58' title='bbox 1557 635 1662 687; x_wconf 79' lang='grc' dir='ltr'>οὐδὲ</span> <span class='ocrx_word' id='word_1_59' title='bbox 1711 635 1866 702; x_wconf 87' lang='grc' dir='ltr'>μάτην</span> 
     </span>
    </p>
   </div>
   <div class='ocr_carea' id='block_1_5' title="bbox 276 713 1869 1358">
    <p class='ocr_par' dir='ltr' id='par_1_5' title="bbox 276 713 1869 1358">
     <span class='ocr_line' id='line_1_10' title="bbox 277 713 1867 786; baseline 0.004 -23"><span class='ocrx_word' id='word_1_60' title='bbox 277 713 610 780; x_wconf 75' lang='grc' dir='ltr'>ἐπικομπάζειν</span> <span class='ocrx_word' id='word_1_61' title='bbox 637 714 804 768; x_wconf 77' lang='grc' dir='ltr'>αὐτοὺς</span> <span class='ocrx_word' id='word_1_62' title='bbox 830 717 888 781; x_wconf 87' lang='grc' dir='ltr'>τῇ</span> <span class='ocrx_word' id='word_1_63' title='bbox 923 720 1006 765; x_wconf 86' lang='grc' dir='ltr'>τοῦ</span> <span class='ocrx_word' id='word_1_64' title='bbox 1041 715 1343 782; x_wconf 81' lang='grc' dir='ltr'>προπάτορος</span> <span class='ocrx_word' id='word_1_65' title='bbox 1369 718 1574 786; x_wconf 78' lang='grc' dir='ltr'>εὐγενείᾳ</span> <span class='ocrx_word' id='word_1_66' title='bbox 1600 720 1765 786; x_wconf 72' lang='grc' dir='ltr'>φησὶν,</span> <span class='ocrx_word' id='word_1_67' title='bbox 1791 719 1867 769; x_wconf 84' lang='grc' dir='ltr'>ἵνα</span> 
     </span>
     <span class='ocr_line' id='line_1_11' title="bbox 276 794 1866 868; baseline 0.004 -23"><span class='ocrx_word' id='word_1_68' title='bbox 276 794 342 859; x_wconf 87' lang='grc' dir='ltr'>μὴ</span> <span class='ocrx_word' id='word_1_69' title='bbox 391 795 541 846; x_wconf 87' lang='grc' dir='ltr'>πάλιν</span> <span class='ocrx_word' id='word_1_70' title='bbox 592 794 758 850; x_wconf 74' lang='grc' dir='ltr'>αὐτοὺς</span> <span class='ocrx_word' id='word_1_71' title='bbox 810 795 883 864; x_wconf 87' lang='grc' dir='ltr'>ἐφ’</span> <span class='ocrx_word' id='word_1_72' title='bbox 935 795 966 847; x_wconf 81' lang='grc' dir='ltr'>ἃ</span> <span class='ocrx_word' id='word_1_73' title='bbox 1013 796 1079 860; x_wconf 90' lang='grc' dir='ltr'>μὴ</span> <span class='ocrx_word' id='word_1_74' title='bbox 1129 801 1343 863; x_wconf 81' lang='grc' dir='ltr'>προσῆκε</span> <span class='ocrx_word' id='word_1_75' title='bbox 1392 799 1701 865; x_wconf 86' lang='grc' dir='ltr'>παροτρύνειν</span> <span class='ocrx_word' id='word_1_76' title='bbox 1752 802 1866 868; x_wconf 88' lang='grc' dir='ltr'>δοκῇ</span> 
     </span>
     <span class='ocr_line' id='line_1_12' title="bbox 276 877 1867 946; baseline 0.003 -18"><span class='ocrx_word' id='word_1_77' title='bbox 276 878 574 941; x_wconf 77' lang='grc' dir='ltr'>κεκλιμένους</span> <span class='ocrx_word' id='word_1_78' title='bbox 610 879 698 943; x_wconf 71' lang='grc' dir='ltr'>ἤδη</span> <span class='ocrx_word' id='word_1_79' title='bbox 736 880 811 929; x_wconf 81' lang='grc' dir='ltr'>καὶ</span> <span class='ocrx_word' id='word_1_80' title='bbox 846 877 972 930; x_wconf 76' lang='grc' dir='ltr'>πολὺ</span> <span class='ocrx_word' id='word_1_81' title='bbox 1005 879 1234 946; x_wconf 76' lang='grc' dir='ltr'>ῥέποντας</span> <span class='ocrx_word' id='word_1_82' title='bbox 1270 884 1332 934; x_wconf 85' lang='grc' dir='ltr'>εἰς</span> <span class='ocrx_word' id='word_1_83' title='bbox 1367 880 1532 946; x_wconf 85' lang='grc' dir='ltr'>ὀργήν·</span> <span class='ocrx_word' id='word_1_84' title='bbox 1575 882 1645 932; x_wconf 87' lang='grc' dir='ltr'>ἐπ’</span> <span class='ocrx_word' id='word_1_85' title='bbox 1674 880 1788 932; x_wconf 81' lang='grc' dir='ltr'>αὐτὸ</span> <span class='ocrx_word' id='word_1_86' title='bbox 1819 880 1867 933; x_wconf 82' lang='grc' dir='ltr'>δὲ</span> 
     </span>
     <span class='ocr_line' id='line_1_13' title="bbox 276 959 1863 1027; baseline 0.003 -17"><span class='ocrx_word' id='word_1_87' title='bbox 276 959 442 1026; x_wconf 82' lang='grc' dir='ltr'>ὥσπερ</span> <span class='ocrx_word' id='word_1_88' title='bbox 475 959 701 1027; x_wconf 86' lang='grc' dir='ltr'>χωρήσας</span> <span class='ocrx_word' id='word_1_89' title='bbox 731 959 786 1010; x_wconf 83' lang='grc' dir='ltr'>τὸ</span> <span class='ocrx_word' id='word_1_90' title='bbox 812 962 1084 1026; x_wconf 83' lang='grc' dir='ltr'>ἀναγκαῖον,</span> <span class='ocrx_word' id='word_1_91' title='bbox 1112 963 1188 1011; x_wconf 79' lang='grc' dir='ltr'>καὶ</span> <span class='ocrx_word' id='word_1_92' title='bbox 1224 960 1340 1027; x_wconf 80' lang='grc' dir='ltr'>ὅπερ</span> <span class='ocrx_word' id='word_1_93' title='bbox 1373 962 1519 1016; x_wconf 79' lang='grc' dir='ltr'>ὅντως</span> <span class='ocrx_word' id='word_1_94' title='bbox 1555 963 1644 1014; x_wconf 74' lang='grc' dir='ltr'>ἔδει</span> <span class='ocrx_word' id='word_1_95' title='bbox 1678 968 1863 1027; x_wconf 86' lang='grc' dir='ltr'>μαθεῖν,</span> 
     </span>
     <span class='ocr_line' id='line_1_14' title="bbox 279 1039 1868 1111; baseline 0.003 -20"><span class='ocrx_word' id='word_1_96' title='bbox 279 1039 437 1092; x_wconf 59' lang='grc' dir='ltr'>δοῦλον</span> <span class='ocrx_word' id='word_1_97' title='bbox 470 1039 588 1092; x_wconf 75' lang='grc' dir='ltr'>εἶναί</span> <span class='ocrx_word' id='word_1_98' title='bbox 623 1045 748 1110; x_wconf 90' lang='grc' dir='ltr'>φησι</span> <span class='ocrx_word' id='word_1_99' title='bbox 788 1041 861 1101; x_wconf 63' lang='grc' dir='ltr'>τῆς</span> <span class='ocrx_word' id='word_1_100' title='bbox 899 1045 1131 1111; x_wconf 64' lang='grc' dir='ltr'>ἁμαρτίας</span> <span class='ocrx_word' id='word_1_101' title='bbox 1169 1042 1252 1093; x_wconf 83' lang='grc' dir='ltr'>τὸν</span> <span class='ocrx_word' id='word_1_102' title='bbox 1283 1050 1499 1095; x_wconf 80' lang='grc' dir='ltr'>ποιοῦντα</span> <span class='ocrx_word' id='word_1_103' title='bbox 1538 1044 1695 1108; x_wconf 83' lang='grc' dir='ltr'>αὐτὴν,</span> <span class='ocrx_word' id='word_1_104' title='bbox 1722 1045 1868 1108; x_wconf 90' lang='grc' dir='ltr'>μόνον</span> 
     </span>
     <span class='ocr_line' id='line_1_15' title="bbox 278 1122 1868 1193; baseline 0.003 -20"><span class='ocrx_word' id='word_1_105' title='bbox 278 1122 327 1174; x_wconf 79' lang='grc' dir='ltr'>δὲ</span> <span class='ocrx_word' id='word_1_106' title='bbox 369 1124 471 1190; x_wconf 79' lang='grc' dir='ltr'>οὐχὶ</span> <span class='ocrx_word' id='word_1_107' title='bbox 510 1129 650 1174; x_wconf 86' lang='grc' dir='ltr'>τοῦτο</span> <span class='ocrx_word' id='word_1_108' title='bbox 689 1123 818 1189; x_wconf 68' lang='grc' dir='ltr'>λε’γει</span> <span class='ocrx_word' id='word_1_109' title='bbox 858 1123 1094 1174; x_wconf 81' lang='grc' dir='ltr'>Σύνθετόν</span> <span class='ocrx_word' id='word_1_110' title='bbox 1129 1147 1173 1175; x_wconf 86' lang='grc' dir='ltr'>τι</span> <span class='ocrx_word' id='word_1_111' title='bbox 1212 1125 1344 1193; x_wconf 70' lang='grc' dir='ltr'>ζῷον,</span> <span class='ocrx_word' id='word_1_112' title='bbox 1376 1124 1413 1175; x_wconf 61' lang='lat' dir='ltr'>cf&gt;</span> <span class='ocrx_word' id='word_1_113' title='bbox 1451 1127 1591 1189; x_wconf 73' lang='grc' dir='ltr'>οὗτοι,</span> <span class='ocrx_word' id='word_1_114' title='bbox 1625 1126 1744 1177; x_wconf 81' lang='grc' dir='ltr'>κατὰ</span> <span class='ocrx_word' id='word_1_115' title='bbox 1781 1126 1868 1192; x_wconf 89' lang='grc' dir='ltr'>τὴν</span> 
     </span>
     <span class='ocr_line' id='line_1_16' title="bbox 277 1205 1869 1274; baseline 0.003 -19"><span class='ocrx_word' id='word_1_116' title='bbox 277 1207 368 1271; x_wconf 81' lang='grc' dir='ltr'>γῆν</span> <span class='ocrx_word' id='word_1_117' title='bbox 399 1205 662 1271; x_wconf 77' lang='grc' dir='ltr'>ἄνθρωπος,</span> <span class='ocrx_word' id='word_1_118' title='bbox 687 1206 737 1255; x_wconf 83' lang='grc' dir='ltr'>ἐκ</span> <span class='ocrx_word' id='word_1_119' title='bbox 772 1208 934 1274; x_wconf 81' lang='grc' dir='ltr'>ψυχῆς</span> <span class='ocrx_word' id='word_1_120' title='bbox 975 1206 1197 1269; x_wconf 91' lang='grc' dir='ltr'>δηλονότι</span> <span class='ocrx_word' id='word_1_121' title='bbox 1233 1209 1309 1257; x_wconf 79' lang='grc' dir='ltr'>καὶ</span> <span class='ocrx_word' id='word_1_122' title='bbox 1344 1207 1581 1269; x_wconf 84' lang='grc' dir='ltr'>σώματος,</span> <span class='ocrx_word' id='word_1_123' title='bbox 1608 1212 1682 1258; x_wconf 83' lang='grc' dir='ltr'>καὶ</span> <span class='ocrx_word' id='word_1_124' title='bbox 1721 1209 1748 1272; x_wconf 85' lang='grc' dir='ltr'>ἡ</span> <span class='ocrx_word' id='word_1_125' title='bbox 1783 1207 1869 1272; x_wconf 77' lang='grc' dir='ltr'>μὲν</span> 
     </span>
     <span class='ocr_line' id='line_1_17' title="bbox 278 1286 1869 1358; baseline 0.003 -21"><span class='ocrx_word' id='word_1_126' title='bbox 278 1286 398 1337; x_wconf 81' lang='grc' dir='ltr'>κατὰ</span> <span class='ocrx_word' id='word_1_127' title='bbox 435 1287 594 1353; x_wconf 82' lang='grc' dir='ltr'>σάρκα</span> <span class='ocrx_word' id='word_1_128' title='bbox 633 1288 822 1338; x_wconf 90' lang='grc' dir='ltr'>δουλεία</span> <span class='ocrx_word' id='word_1_129' title='bbox 860 1288 966 1354; x_wconf 76' lang='grc' dir='ltr'>περὶ</span> <span class='ocrx_word' id='word_1_130' title='bbox 1004 1287 1089 1351; x_wconf 84' lang='grc' dir='ltr'>τὴν</span> <span class='ocrx_word' id='word_1_131' title='bbox 1127 1288 1286 1353; x_wconf 88' lang='grc' dir='ltr'>σάρκα</span> <span class='ocrx_word' id='word_1_132' title='bbox 1319 1290 1464 1351; x_wconf 75' lang='grc' dir='ltr'>ἐστὶν,</span> <span class='ocrx_word' id='word_1_133' title='bbox 1497 1290 1524 1352; x_wconf 85' lang='grc' dir='ltr'>ἡ</span> <span class='ocrx_word' id='word_1_134' title='bbox 1564 1290 1612 1340; x_wconf 77' lang='grc' dir='ltr'>δὲ</span> <span class='ocrx_word' id='word_1_135' title='bbox 1650 1291 1699 1340; x_wconf 86' lang='grc' dir='ltr'>ἐν</span> <span class='ocrx_word' id='word_1_136' title='bbox 1731 1293 1869 1358; x_wconf 87' lang='grc' dir='ltr'>ψυχῇ</span> 
     </span>
    </p>
   </div>
   <div class='ocr_carea' id='block_1_6' title="bbox 237 1368 1868 1438">
    <p class='ocr_par' dir='ltr' id='par_1_6' title="bbox 237 1368 1868 1438">
     <span class='ocr_line' id='line_1_18' title="bbox 237 1368 1868 1438; baseline 0.002 -19"><span class='ocrx_word' id='word_1_137' title='bbox 237 1371 354 1420; x_wconf 58' lang='lat' dir='ltr'>exa}</span> <span class='ocrx_word' id='word_1_138' title='bbox 404 1371 510 1435; x_wconf 82' lang='grc' dir='ltr'>περὶ</span> <span class='ocrx_word' id='word_1_139' title='bbox 561 1368 726 1437; x_wconf 82' lang='grc' dir='ltr'>ψυχὴν</span> <span class='ocrx_word' id='word_1_140' title='bbox 775 1370 1046 1434; x_wconf 74' lang='grc' dir='ltr'>τελουμένη,</span> <span class='ocrx_word' id='word_1_141' title='bbox 1097 1369 1347 1436; x_wconf 88' lang='grc' dir='ltr'>βάρβαρον</span> <span class='ocrx_word' id='word_1_142' title='bbox 1397 1371 1491 1438; x_wconf 78' lang='grc' dir='ltr'>ε”χει</span> <span class='ocrx_word' id='word_1_143' title='bbox 1546 1372 1725 1437; x_wconf 75' lang='grc' dir='ltr'>μητέρα</span> <span class='ocrx_word' id='word_1_144' title='bbox 1781 1370 1868 1436; x_wconf 86' lang='grc' dir='ltr'>τὴν</span> 
     </span>
    </p>
   </div>
   <div class='ocr_carea' id='block_1_7' title="bbox 277 1450 1871 2010">
    <p class='ocr_par' dir='ltr' id='par_1_7' title="bbox 277 1450 1871 2010">
     <span class='ocr_line' id='line_1_19' title="bbox 278 1450 1869 1523; baseline 0.001 -22"><span class='ocrx_word' id='word_1_145' title='bbox 278 1452 527 1517; x_wconf 82' lang='grc' dir='ltr'>ἁμαρτίαν.</span> <span class='ocrx_word' id='word_1_146' title='bbox 583 1450 637 1502; x_wconf 81' lang='grc' dir='ltr'>τὸ</span> <span class='ocrx_word' id='word_1_147' title='bbox 664 1451 749 1515; x_wconf 74' lang='grc' dir='ltr'>μὲν</span> <span class='ocrx_word' id='word_1_148' title='bbox 776 1452 859 1502; x_wconf 78' lang='grc' dir='ltr'>οὖν</span> <span class='ocrx_word' id='word_1_149' title='bbox 886 1451 1004 1502; x_wconf 82' lang='grc' dir='ltr'>κατὰ</span> <span class='ocrx_word' id='word_1_150' title='bbox 1031 1452 1191 1518; x_wconf 87' lang='grc' dir='ltr'>σάρκα</span> <span class='ocrx_word' id='word_1_151' title='bbox 1217 1455 1300 1516; x_wconf 79' lang='grc' dir='ltr'>τῆς</span> <span class='ocrx_word' id='word_1_152' title='bbox 1327 1454 1539 1506; x_wconf 90' lang='grc' dir='ltr'>δουλείας</span> <span class='ocrx_word' id='word_1_153' title='bbox 1571 1456 1755 1523; x_wconf 81' lang='grc' dir='ltr'>ἀφεῖναι</span> <span class='ocrx_word' id='word_1_154' title='bbox 1786 1453 1869 1505; x_wconf 80' lang='grc' dir='ltr'>τὸν</span> 
     </span>
     <span class='ocr_line' id='line_1_20' title="bbox 278 1532 1869 1600; baseline 0.002 -17"><span class='ocrx_word' id='word_1_155' title='bbox 278 1533 529 1598; x_wconf 78' lang='grc' dir='ltr'>ἄνθρωπον</span> <span class='ocrx_word' id='word_1_156' title='bbox 559 1534 587 1598; x_wconf 84' lang='grc' dir='ltr'>ἡ</span> <span class='ocrx_word' id='word_1_157' title='bbox 621 1538 716 1584; x_wconf 87' lang='grc' dir='ltr'>τῶν</span> <span class='ocrx_word' id='word_1_158' title='bbox 751 1534 1050 1599; x_wconf 84' lang='grc' dir='ltr'>κρατούντων</span> <span class='ocrx_word' id='word_1_159' title='bbox 1080 1532 1278 1600; x_wconf 75' lang='grc' dir='ltr'>ἐξουσία</span> <span class='ocrx_word' id='word_1_160' title='bbox 1316 1534 1606 1599; x_wconf 87' lang='grc' dir='ltr'>κεκτήσεται,</span> <span class='ocrx_word' id='word_1_161' title='bbox 1639 1535 1693 1586; x_wconf 87' lang='grc' dir='ltr'>τὸ</span> <span class='ocrx_word' id='word_1_162' title='bbox 1733 1534 1781 1586; x_wconf 77' lang='grc' dir='ltr'>δὲ</span> <span class='ocrx_word' id='word_1_163' title='bbox 1819 1536 1869 1586; x_wconf 82' lang='grc' dir='ltr'>ἐκ</span> 
     </span>
     <span class='ocr_line' id='line_1_21' title="bbox 277 1614 1869 1684; baseline 0.003 -20"><span class='ocrx_word' id='word_1_164' title='bbox 277 1617 361 1677; x_wconf 84' lang='grc' dir='ltr'>τῆς</span> <span class='ocrx_word' id='word_1_165' title='bbox 401 1616 630 1682; x_wconf 85' lang='grc' dir='ltr'>ἁμαρτίας</span> <span class='ocrx_word' id='word_1_166' title='bbox 669 1617 956 1681; x_wconf 84' lang='grc' dir='ltr'>ἐλευθεροῦν,</span> <span class='ocrx_word' id='word_1_167' title='bbox 985 1614 1114 1684; x_wconf 74' lang='grc' dir='ltr'>μόνῳ</span> <span class='ocrx_word' id='word_1_168' title='bbox 1150 1615 1236 1680; x_wconf 75' lang='grc' dir='ltr'>μὲν</span> <span class='ocrx_word' id='word_1_169' title='bbox 1268 1614 1325 1666; x_wconf 78' lang='grc' dir='ltr'>ἂν</span> <span class='ocrx_word' id='word_1_170' title='bbox 1357 1616 1526 1683; x_wconf 77' lang='grc' dir='ltr'>πρέποι</span> <span class='ocrx_word' id='word_1_171' title='bbox 1564 1620 1869 1683; x_wconf 87' lang='grc' dir='ltr'>κατειρῆσθαι</span> 
     </span>
     <span class='ocr_line' id='line_1_22' title="bbox 279 1697 1870 1766; baseline 0.001 -18"><span class='ocrx_word' id='word_1_172' title='bbox 279 1701 401 1766; x_wconf 72' lang='grc' dir='ltr'>Θεῷ,</span> <span class='ocrx_word' id='word_1_173' title='bbox 442 1697 642 1763; x_wconf 82' lang='grc' dir='ltr'>ἁρμόσει</span> <span class='ocrx_word' id='word_1_174' title='bbox 681 1698 729 1748; x_wconf 79' lang='grc' dir='ltr'>δὲ</span> <span class='ocrx_word' id='word_1_175' title='bbox 767 1702 862 1748; x_wconf 86' lang='grc' dir='ltr'>τῶν</span> <span class='ocrx_word' id='word_1_176' title='bbox 901 1698 1068 1748; x_wconf 79' lang='grc' dir='ltr'>ἄλλων</span> <span class='ocrx_word' id='word_1_177' title='bbox 1108 1698 1273 1749; x_wconf 81' lang='grc' dir='ltr'>οὐδενί.</span> <span class='ocrx_word' id='word_1_178' title='bbox 1329 1700 1496 1749; x_wconf 82' lang='grc' dir='ltr'>οὐκοῦν</span> <span class='ocrx_word' id='word_1_179' title='bbox 1535 1701 1773 1755; x_wconf 79' lang='grc' dir='ltr'>ἀναπείθει</span> <span class='ocrx_word' id='word_1_180' title='bbox 1809 1698 1870 1750; x_wconf 80' lang='grc' dir='ltr'>τὰ</span> 
     </span>
     <span class='ocr_line' id='line_1_23' title="bbox 279 1779 1870 1848; baseline 0.004 -19"><span class='ocrx_word' id='word_1_181' title='bbox 279 1779 433 1830; x_wconf 77' lang='grc' dir='ltr'>εἰκότα</span> <span class='ocrx_word' id='word_1_182' title='bbox 473 1784 676 1848; x_wconf 84' lang='grc' dir='ltr'>φρονεῖν,</span> <span class='ocrx_word' id='word_1_183' title='bbox 719 1781 795 1830; x_wconf 81' lang='grc' dir='ltr'>καὶ</span> <span class='ocrx_word' id='word_1_184' title='bbox 840 1782 923 1844; x_wconf 82' lang='grc' dir='ltr'>τῆς</span> <span class='ocrx_word' id='word_1_185' title='bbox 965 1779 1110 1833; x_wconf 80' lang='grc' dir='ltr'>ὅντως</span> <span class='ocrx_word' id='word_1_186' title='bbox 1149 1803 1198 1831; x_wconf 91' lang='grc' dir='ltr'>τε</span> <span class='ocrx_word' id='word_1_187' title='bbox 1241 1782 1316 1831; x_wconf 77' lang='grc' dir='ltr'>καὶ</span> <span class='ocrx_word' id='word_1_188' title='bbox 1358 1782 1566 1845; x_wconf 82' lang='grc' dir='ltr'>ἀληθοῦς</span> <span class='ocrx_word' id='word_1_189' title='bbox 1607 1782 1870 1848; x_wconf 85' lang='grc' dir='ltr'>ἐλευθερίας</span> 
     </span>
     <span class='ocr_line' id='line_1_24' title="bbox 280 1861 1871 1929; baseline 0.003 -18"><span class='ocrx_word' id='word_1_190' title='bbox 280 1861 511 1928; x_wconf 84' lang='grc' dir='ltr'>ἐφίεσθαι,</span> <span class='ocrx_word' id='word_1_191' title='bbox 558 1861 708 1928; x_wconf 71' lang='grc' dir='ltr'>ζητεῖν</span> <span class='ocrx_word' id='word_1_192' title='bbox 753 1861 801 1912; x_wconf 79' lang='grc' dir='ltr'>δὲ</span> <span class='ocrx_word' id='word_1_193' title='bbox 855 1864 977 1913; x_wconf 79' lang='grc' dir='ltr'>οὕτω</span> <span class='ocrx_word' id='word_1_194' title='bbox 1029 1861 1201 1913; x_wconf 78' lang='grc' dir='ltr'>λοιπὸν</span> <span class='ocrx_word' id='word_1_195' title='bbox 1253 1863 1305 1913; x_wconf 81' lang='grc' dir='ltr'>οὐ</span> <span class='ocrx_word' id='word_1_196' title='bbox 1355 1862 1440 1926; x_wconf 89' lang='grc' dir='ltr'>τὴν</span> <span class='ocrx_word' id='word_1_197' title='bbox 1483 1867 1579 1913; x_wconf 87' lang='grc' dir='ltr'>τῶν</span> <span class='ocrx_word' id='word_1_198' title='bbox 1621 1863 1871 1929; x_wconf 86' lang='grc' dir='ltr'>προγόνων</span> 
     </span>
     <span class='ocr_line' id='line_1_25' title="bbox 282 1942 1867 2010; baseline 0.002 -18"><span class='ocrx_word' id='word_1_199' title='bbox 282 1943 598 2010; x_wconf 89' lang='grc' dir='ltr'>λαμπρότητα</span> <span class='ocrx_word' id='word_1_200' title='bbox 634 1942 754 2010; x_wconf 74' lang='grc' dir='ltr'>πρὸς</span> <span class='ocrx_word' id='word_1_201' title='bbox 793 1944 927 1994; x_wconf 75' lang='grc' dir='ltr'>οὐδὲν</span> <span class='ocrx_word' id='word_1_202' title='bbox 965 1945 1116 1994; x_wconf 78' lang='grc' dir='ltr'>οὖσαν</span> <span class='ocrx_word' id='word_1_203' title='bbox 1146 1945 1302 1998; x_wconf 80' lang='grc' dir='ltr'>αὐτοῖς</span> <span class='ocrx_word' id='word_1_204' title='bbox 1338 1948 1399 1998; x_wconf 91' lang='grc' dir='ltr'>εἰς</span> <span class='ocrx_word' id='word_1_205' title='bbox 1437 1950 1575 1995; x_wconf 83' lang='grc' dir='ltr'>τοῦτο</span> <span class='ocrx_word' id='word_1_206' title='bbox 1614 1948 1867 2009; x_wconf 84' lang='grc' dir='ltr'>λυσιτελῆ,</span> 
     </span>
    </p>
   </div>
   <div class='ocr_carea' id='block_1_8' title="bbox 58 2024 1870 2095">
    <p class='ocr_par' dir='ltr' id='par_1_8' title="bbox 58 2024 1870 2095">
     <span class='ocr_line' id='line_1_26' title="bbox 58 2024 1870 2095; baseline 0.002 -21"><span class='ocrx_word' id='word_1_207' title='bbox 58 2040 144 2075; x_wconf 88' lang='lat'>539</span> <span class='ocrx_word' id='word_1_208' title='bbox 160 2038 212 2075; x_wconf 79' lang='lat' dir='ltr'>A.</span> <span class='ocrx_word' id='word_1_209' title='bbox 243 2048 264 2072; x_wconf 81' lang='lat' dir='ltr'>a</span> <span class='ocrx_word' id='word_1_210' title='bbox 280 2024 426 2089; x_wconf 86' lang='grc' dir='ltr'>μόνον</span> <span class='ocrx_word' id='word_1_211' title='bbox 461 2024 510 2076; x_wconf 75' lang='grc' dir='ltr'>δὲ</span> <span class='ocrx_word' id='word_1_212' title='bbox 548 2024 631 2076; x_wconf 80' lang='grc' dir='ltr'>τὸν</span> <span class='ocrx_word' id='word_1_213' title='bbox 662 2030 757 2076; x_wconf 87' lang='grc' dir='ltr'>τῶν</span> <span class='ocrx_word' id='word_1_214' title='bbox 793 2027 920 2076; x_wconf 80' lang='grc' dir='ltr'>ἰδίων</span> <span class='ocrx_word' id='word_1_215' title='bbox 953 2024 1108 2088; x_wconf 90' lang='grc' dir='ltr'>νόμων</span> <span class='ocrx_word' id='word_1_216' title='bbox 1134 2025 1560 2095; x_wconf 71' lang='grc' dir='ltr'>κατεξουσιάζοντα</span> <span class='ocrx_word' id='word_1_217' title='bbox 1588 2026 1727 2089; x_wconf 77' lang='grc' dir='ltr'>Θεὸν,</span> <span class='ocrx_word' id='word_1_218' title='bbox 1752 2025 1817 2078; x_wconf 77' lang='grc' dir='ltr'>ῶν</span> <span class='ocrx_word' id='word_1_219' title='bbox 1842 2027 1870 2091; x_wconf 85' lang='grc' dir='ltr'>ἡ</span> 
     </span>
    </p>
   </div>
   <div class='ocr_carea' id='block_1_9' title="bbox 278 2105 1871 2736">
    <p class='ocr_par' dir='ltr' id='par_1_9' title="bbox 278 2105 1871 2584">
     <span class='ocr_line' id='line_1_27' title="bbox 281 2105 1871 2176; baseline 0.002 -19"><span class='ocrx_word' id='word_1_220' title='bbox 281 2105 558 2172; x_wconf 85' lang='grc' dir='ltr'>παράβασις</span> <span class='ocrx_word' id='word_1_221' title='bbox 592 2106 678 2171; x_wconf 88' lang='grc' dir='ltr'>τὴν</span> <span class='ocrx_word' id='word_1_222' title='bbox 713 2109 947 2173; x_wconf 85' lang='grc' dir='ltr'>ἁμαρτίαν</span> <span class='ocrx_word' id='word_1_223' title='bbox 983 2111 1259 2173; x_wconf 83' lang='grc' dir='ltr'>δημιουργεῖ</span> <span class='ocrx_word' id='word_1_224' title='bbox 1292 2111 1375 2170; x_wconf 79' lang='grc' dir='ltr'>τῆς</span> <span class='ocrx_word' id='word_1_225' title='bbox 1414 2110 1462 2158; x_wconf 76' lang='grc' dir='ltr'>ἐν</span> <span class='ocrx_word' id='word_1_226' title='bbox 1493 2113 1550 2176; x_wconf 84' lang='grc' dir='ltr'>τῇ</span> <span class='ocrx_word' id='word_1_227' title='bbox 1589 2110 1725 2176; x_wconf 87' lang='grc' dir='ltr'>ψυχῇ</span> <span class='ocrx_word' id='word_1_228' title='bbox 1765 2111 1871 2160; x_wconf 89' lang='grc' dir='ltr'>δου-</span> 
     </span>
     <span class='ocr_line' id='line_1_28' title="bbox 280 2188 1870 2256; baseline 0.004 -18"><span class='ocrx_word' id='word_1_229' title='bbox 280 2189 410 2241; x_wconf 87' lang='grc' dir='ltr'>λείας</span> <span class='ocrx_word' id='word_1_230' title='bbox 447 2188 533 2252; x_wconf 87' lang='grc' dir='ltr'>τὴν</span> <span class='ocrx_word' id='word_1_231' title='bbox 571 2188 767 2256; x_wconf 89' lang='grc' dir='ltr'>τροφόν.</span> <span class='ocrx_word' id='word_1_232' title='bbox 836 2189 951 2239; x_wconf 76' lang='grc' dir='ltr'>ε”οικε</span> <span class='ocrx_word' id='word_1_233' title='bbox 997 2190 1057 2239; x_wconf 66' lang='grc' dir='ltr'>δέ</span> <span class='ocrx_word' id='word_1_234' title='bbox 1085 2213 1185 2243; x_wconf 90' lang='grc' dir='ltr'>πως</span> <span class='ocrx_word' id='word_1_235' title='bbox 1227 2190 1251 2239; x_wconf 85' lang='grc' dir='ltr'><em>ὁ</em></span> <span class='ocrx_word' id='word_1_236' title='bbox 1295 2189 1469 2256; x_wconf 81' lang='grc' dir='ltr'>Κύριος</span> <span class='ocrx_word' id='word_1_237' title='bbox 1513 2191 1643 2253; x_wconf 83' lang='grc' dir='ltr'>ἡμῶν</span> <span class='ocrx_word' id='word_1_238' title='bbox 1683 2191 1870 2254; x_wconf 76' lang='grc' dir='ltr'>Ἰησοῦς</span> 
     </span>
     <span class='ocr_line' id='line_1_29' title="bbox 280 2268 1871 2339; baseline 0.003 -20"><span class='ocrx_word' id='word_1_239' title='bbox 280 2268 495 2335; x_wconf 82' lang='grc' dir='ltr'>Χριστὸς</span> <span class='ocrx_word' id='word_1_240' title='bbox 532 2269 805 2333; x_wconf 91' lang='grc' dir='ltr'>λεληθότως</span> <span class='ocrx_word' id='word_1_241' title='bbox 837 2271 902 2320; x_wconf 74' lang='grc' dir='ltr'>ε”τι</span> <span class='ocrx_word' id='word_1_242' title='bbox 942 2273 1018 2321; x_wconf 80' lang='grc' dir='ltr'>καὶ</span> <span class='ocrx_word' id='word_1_243' title='bbox 1052 2271 1180 2322; x_wconf 76' lang='grc' dir='ltr'>πολὺ</span> <span class='ocrx_word' id='word_1_244' title='bbox 1213 2271 1627 2334; x_wconf 80' lang='grc' dir='ltr'>κατεσκιασμένως</span> <span class='ocrx_word' id='word_1_245' title='bbox 1660 2272 1871 2339; x_wconf 80' lang='grc' dir='ltr'>ἐλέγχειν</span> 
     </span>
     <span class='ocr_line' id='line_1_30' title="bbox 281 2350 1871 2421; baseline 0.002 -20"><span class='ocrx_word' id='word_1_246' title='bbox 281 2350 461 2413; x_wconf 76' lang='grc' dir='ltr'>αὐτοὺς,</span> <span class='ocrx_word' id='word_1_247' title='bbox 484 2353 658 2401; x_wconf 80' lang='grc' dir='ltr'>ὡσανεὶ</span> <span class='ocrx_word' id='word_1_248' title='bbox 684 2351 838 2416; x_wconf 88' lang='grc' dir='ltr'>μάτην</span> <span class='ocrx_word' id='word_1_249' title='bbox 866 2353 934 2403; x_wconf 83' lang='grc' dir='ltr'>ἐπ’</span> <span class='ocrx_word' id='word_1_250' title='bbox 953 2352 1187 2421; x_wconf 79' lang='grc' dir='ltr'>ἀνθρώπῳ</span> <span class='ocrx_word' id='word_1_251' title='bbox 1214 2356 1507 2421; x_wconf 79' lang='grc' dir='ltr'>φρονοῦντας</span> <span class='ocrx_word' id='word_1_252' title='bbox 1532 2353 1666 2418; x_wconf 77' lang='grc' dir='ltr'>μέγα,</span> <span class='ocrx_word' id='word_1_253' title='bbox 1686 2353 1871 2404; x_wconf 82' lang='grc' dir='ltr'>ἐλεύθε-</span> 
     </span>
     <span class='ocr_line' id='line_1_31' title="bbox 278 2432 1864 2501; baseline 0.002 -19"><span class='ocrx_word' id='word_1_254' title='bbox 278 2432 365 2499; x_wconf 91' lang='grc' dir='ltr'>ρόν</span> <span class='ocrx_word' id='word_1_255' title='bbox 389 2455 439 2483; x_wconf 89' lang='grc' dir='ltr'>τε</span> <span class='ocrx_word' id='word_1_256' title='bbox 465 2432 691 2500; x_wconf 85' lang='grc' dir='ltr'>ὑπάρχειν</span> <span class='ocrx_word' id='word_1_257' title='bbox 716 2438 963 2488; x_wconf 83' lang='grc' dir='ltr'>παντελῶς</span> <span class='ocrx_word' id='word_1_258' title='bbox 993 2434 1228 2496; x_wconf 76' lang='grc' dir='ltr'>οἰομένους</span> <span class='ocrx_word' id='word_1_259' title='bbox 1261 2433 1343 2484; x_wconf 80' lang='grc' dir='ltr'>τὸν</span> <span class='ocrx_word' id='word_1_260' title='bbox 1369 2434 1599 2500; x_wconf 89' lang='grc' dir='ltr'>μακάριον</span> <span class='ocrx_word' id='word_1_261' title='bbox 1622 2433 1864 2501; x_wconf 75' lang='grc' dir='ltr'>Ἀβραάμ.</span> 
     </span>
     <span class='ocr_line' id='line_1_32' title="bbox 280 2513 1870 2584; baseline 0.002 -20"><span class='ocrx_word' id='word_1_262' title='bbox 280 2518 347 2583; x_wconf 70' lang='grc' dir='ltr'>τῷ</span> <span class='ocrx_word' id='word_1_263' title='bbox 383 2513 479 2580; x_wconf 77' lang='grc' dir='ltr'>γὰρ</span> <span class='ocrx_word' id='word_1_264' title='bbox 518 2514 824 2581; x_wconf 84' lang='grc' dir='ltr'>γενικώτερον</span> <span class='ocrx_word' id='word_1_265' title='bbox 859 2515 1203 2584; x_wconf 85' lang='grc' dir='ltr'>ἀποφήνασθαι</span> <span class='ocrx_word' id='word_1_266' title='bbox 1241 2515 1398 2567; x_wconf 88' lang='grc' dir='ltr'>πάντα</span> <span class='ocrx_word' id='word_1_267' title='bbox 1438 2516 1520 2567; x_wconf 80' lang='grc' dir='ltr'>τὸν</span> <span class='ocrx_word' id='word_1_268' title='bbox 1552 2522 1768 2567; x_wconf 80' lang='grc' dir='ltr'>ποιοῦντα</span> <span class='ocrx_word' id='word_1_269' title='bbox 1802 2515 1870 2577; x_wconf 62' lang='grc' dir='ltr'>τὴν</span> 
     </span>
    </p>

    <p class='ocr_par' dir='ltr' id='par_1_10' title="bbox 285 2643 1868 2736">
     <span class='ocr_line' id='line_1_33' title="bbox 330 2643 1868 2690; baseline 0.003 -14"><span class='ocrx_word' id='word_1_270' title='bbox 330 2654 361 2677; x_wconf 87' lang='grc'>2.</span> <span class='ocrx_word' id='word_1_271' title='bbox 386 2644 426 2677; x_wconf 88' lang='grc' dir='ltr'>τὰ</span> <span class='ocrx_word' id='word_1_272' title='bbox 445 2655 515 2677; x_wconf 87' lang='lat' dir='ltr'>om.</span> <span class='ocrx_word' id='word_1_273' title='bbox 534 2643 627 2678; x_wconf 88' lang='lat' dir='ltr'><strong>Aub.</strong></span> <span class='ocrx_word' id='word_1_274' title='bbox 725 2643 757 2678; x_wconf 88' lang='lat'>6.</span> <span class='ocrx_word' id='word_1_275' title='bbox 785 2645 908 2689; x_wconf 85' lang='grc' dir='ltr'>σοφῶς</span> <span class='ocrx_word' id='word_1_276' title='bbox 927 2645 1003 2679; x_wconf 86' lang='lat' dir='ltr'><strong>B.a.</strong></span> <span class='ocrx_word' id='word_1_277' title='bbox 1023 2646 1148 2690; x_wconf 85' lang='grc' dir='ltr'>σαφῶς</span> <span class='ocrx_word' id='word_1_278' title='bbox 1167 2644 1286 2680; x_wconf 73' lang='lat' dir='ltr'><strong>Holst.</strong></span> <span class='ocrx_word' id='word_1_279' title='bbox 1302 2644 1368 2679; x_wconf 82' lang='lat' dir='ltr'>Ed.</span> <span class='ocrx_word' id='word_1_280' title='bbox 1468 2656 1521 2679; x_wconf 86' lang='lat'>10.</span> <span class='ocrx_word' id='word_1_281' title='bbox 1547 2644 1667 2690; x_wconf 84' lang='grc' dir='ltr'>ὅντως]</span> <span class='ocrx_word' id='word_1_282' title='bbox 1685 2646 1821 2689; x_wconf 79' lang='grc' dir='ltr'>μᾶλλον</span> <span class='ocrx_word' id='word_1_283' title='bbox 1836 2657 1868 2680; x_wconf 86' lang='lat' dir='ltr'>a.</span> 
     </span>
     <span class='ocr_line' id='line_1_34' title="bbox 285 2689 1868 2736; baseline 0.003 -14"><span class='ocrx_word' id='word_1_284' title='bbox 285 2698 337 2734; x_wconf 88' lang='lat'>17.</span> <span class='ocrx_word' id='word_1_285' title='bbox 365 2689 562 2733; x_wconf 78' lang='grc' dir='ltr'>κεκτήσεται</span> <span class='ocrx_word' id='word_1_286' title='bbox 581 2702 610 2723; x_wconf 87' lang='lat' dir='ltr'>a.</span> <span class='ocrx_word' id='word_1_287' title='bbox 632 2690 708 2725; x_wconf 87' lang='lat' dir='ltr'>Cat.</span> <span class='ocrx_word' id='word_1_288' title='bbox 731 2690 830 2725; x_wconf 77' lang='lat' dir='ltr'>Harl.</span> <span class='ocrx_word' id='word_1_289' title='bbox 851 2691 1003 2734; x_wconf 81' lang='grc' dir='ltr'>κέκτηται</span> <span class='ocrx_word' id='word_1_290' title='bbox 1023 2691 1089 2725; x_wconf 90' lang='lat' dir='ltr'>Ed.</span> <span class='ocrx_word' id='word_1_291' title='bbox 1310 2693 1363 2725; x_wconf 76' lang='lat'>18.</span> <span class='ocrx_word' id='word_1_292' title='bbox 1389 2693 1482 2736; x_wconf 84' lang='grc' dir='ltr'>μόνῳ</span> <span class='ocrx_word' id='word_1_293' title='bbox 1502 2692 1577 2726; x_wconf 82' lang='lat' dir='ltr'><strong>B.a.</strong></span> <span class='ocrx_word' id='word_1_294' title='bbox 1596 2694 1700 2735; x_wconf 78' lang='grc' dir='ltr'>μόνον</span> <span class='ocrx_word' id='word_1_295' title='bbox 1720 2692 1782 2725; x_wconf 91' lang='lat' dir='ltr'>Ht.</span> <span class='ocrx_word' id='word_1_296' title='bbox 1801 2691 1868 2726; x_wconf 87' lang='lat' dir='ltr'>Ed.</span> 
     </span>
    </p>
   </div>
   <div class='ocr_carea' id='block_1_10' title="bbox 280 2735 1868 2783">
    <p class='ocr_par' dir='ltr' id='par_1_11' title="bbox 280 2735 1868 2783">
     <span class='ocr_line' id='line_1_35' title="bbox 280 2735 1868 2783; baseline 0.003 -15"><span class='ocrx_word' id='word_1_297' title='bbox 280 2735 411 2778; x_wconf 82' lang='grc' dir='ltr'>πρέπον</span> <span class='ocrx_word' id='word_1_298' title='bbox 425 2737 518 2771; x_wconf 80' lang='lat' dir='ltr'><strong>Aul).</strong></span> <span class='ocrx_word' id='word_1_299' title='bbox 570 2736 697 2770; x_wconf 82' lang='lat' dir='ltr'>Statim</span> <span class='ocrx_word' id='word_1_300' title='bbox 716 2739 933 2781; x_wconf 83' lang='grc' dir='ltr'>κατειρῆσθαι</span> <span class='ocrx_word' id='word_1_301' title='bbox 952 2738 1115 2772; x_wconf 78' lang='lat' dir='ltr'>emendat</span> <span class='ocrx_word' id='word_1_302' title='bbox 1136 2737 1265 2782; x_wconf 82' lang='lat' dir='ltr'>Heyse.</span> <span class='ocrx_word' id='word_1_303' title='bbox 1286 2739 1497 2783; x_wconf 85' lang='grc' dir='ltr'>κατηρεῖσθω</span> <span class='ocrx_word' id='word_1_304' title='bbox 1518 2738 1559 2771; x_wconf 88' lang='grc' dir='ltr'>Β.</span> <span class='ocrx_word' id='word_1_305' title='bbox 1575 2737 1785 2782; x_wconf 78' lang='grc' dir='ltr'>κατειρὴσθω</span> <span class='ocrx_word' id='word_1_306' title='bbox 1805 2738 1868 2772; x_wconf 89' lang='lat' dir='ltr'>Ht.</span> 
     </span>
    </p>
   </div>
   <div class='ocr_carea' id='block_1_11' title="bbox 282 2781 1869 2854">
    <p class='ocr_par' dir='ltr' id='par_1_12' title="bbox 282 2781 1869 2854">
     <span class='ocr_line' id='line_1_36' title="bbox 282 2781 1869 2830; baseline 0.003 -16"><span class='ocrx_word' id='word_1_307' title='bbox 282 2781 350 2815; x_wconf 86' lang='lat' dir='ltr'>Ed.</span> <span class='ocrx_word' id='word_1_308' title='bbox 511 2793 566 2817; x_wconf 89' lang='grc'>20.</span> <span class='ocrx_word' id='word_1_309' title='bbox 593 2783 714 2827; x_wconf 77' lang='grc' dir='ltr'>ἥκοντα</span> <span class='ocrx_word' id='word_1_310' title='bbox 735 2784 776 2817; x_wconf 77' lang='grc' dir='ltr'>Β.</span> <span class='ocrx_word' id='word_1_311' title='bbox 798 2784 861 2819; x_wconf 88' lang='lat' dir='ltr'>Ht.</span> <span class='ocrx_word' id='word_1_312' title='bbox 880 2785 990 2818; x_wconf 80' lang='grc' dir='ltr'>εἰκότα</span> <span class='ocrx_word' id='word_1_313' title='bbox 1008 2784 1207 2819; x_wconf 82' lang='lat' dir='ltr'>emendavit</span> <span class='ocrx_word' id='word_1_314' title='bbox 1224 2785 1319 2819; x_wconf 87' lang='lat' dir='ltr'><strong>Aub.</strong></span> <span class='ocrx_word' id='word_1_315' title='bbox 1487 2796 1541 2830; x_wconf 85' lang='lat'>23.</span> <span class='ocrx_word' id='word_1_316' title='bbox 1567 2788 1634 2818; x_wconf 85' lang='grc' dir='ltr'>τῶν</span> <span class='ocrx_word' id='word_1_317' title='bbox 1650 2785 1743 2818; x_wconf 80' lang='grc' dir='ltr'>ἰδίων</span> <span class='ocrx_word' id='word_1_318' title='bbox 1759 2786 1869 2827; x_wconf 88' lang='grc' dir='ltr'>νόμων</span> 
     </span>
     <span class='ocr_line' id='line_1_37' title="bbox 738 2831 797 2854; baseline 0 0"><span class='ocrx_word' id='word_1_319' title='bbox 738 2831 752 2854; x_wconf 86' lang='grc' dir='ltr'>δ</span> <span class='ocrx_word' id='word_1_320' title='bbox 784 2840 797 2854; x_wconf 90' lang='grc' dir='ltr'>ν</span> 
     </span>
    </p>
   </div>
   <div class='ocr_carea' id='block_1_12' title="bbox 282 2840 1867 2958">
    <p class='ocr_par' dir='ltr' id='par_1_13' title="bbox 282 2840 1867 2958">
     <span class='ocr_line' id='line_1_38' title="bbox 282 2840 1867 2908; baseline 0.004 -16"><span class='ocrx_word' id='word_1_321' title='bbox 282 2859 445 2893; x_wconf 81' lang='lat' dir='ltr'><strong>emendat</strong></span> <span class='ocrx_word' id='word_1_322' title='bbox 474 2861 600 2905; x_wconf 82' lang='lat' dir='ltr'>Heyse.</span> <span class='ocrx_word' id='word_1_323' title='bbox 619 2867 685 2896; x_wconf 84' lang='grc' dir='ltr'>τῶν</span> <span class='ocrx_word' id='word_1_324' title='bbox 708 2840 864 2897; x_wconf 60' lang='grc' dir='ltr'>ἷοιίδοαίων</span> <span class='ocrx_word' id='word_1_325' title='bbox 888 2866 991 2907; x_wconf 87' lang='grc' dir='ltr'>νόμον</span> <span class='ocrx_word' id='word_1_326' title='bbox 1013 2864 1052 2898; x_wconf 88' lang='grc' dir='ltr'>Β.</span> <span class='ocrx_word' id='word_1_327' title='bbox 1072 2867 1138 2899; x_wconf 85' lang='grc' dir='ltr'>τῶν</span> <span class='ocrx_word' id='word_1_328' title='bbox 1160 2863 1332 2898; x_wconf 81' lang='grc' dir='ltr'>Ἰουδαίων</span> <span class='ocrx_word' id='word_1_329' title='bbox 1355 2865 1457 2907; x_wconf 90' lang='grc' dir='ltr'>νόμον</span> <span class='ocrx_word' id='word_1_330' title='bbox 1476 2862 1604 2907; x_wconf 85' lang='grc' dir='ltr'>[νόμων</span> <span class='ocrx_word' id='word_1_331' title='bbox 1621 2861 1773 2908; x_wconf 86' lang='lat' dir='ltr'>Migne.]</span> <span class='ocrx_word' id='word_1_332' title='bbox 1799 2862 1867 2898; x_wconf 86' lang='lat' dir='ltr'>Ed.</span> 
     </span>
     <span class='ocr_line' id='line_1_39' title="bbox 283 2906 1706 2958; baseline 0.004 -19"><span class='ocrx_word' id='word_1_333' title='bbox 283 2916 339 2951; x_wconf 86' lang='lat'>27.</span> <span class='ocrx_word' id='word_1_334' title='bbox 366 2906 453 2951; x_wconf 85' lang='grc' dir='ltr'>μέγα</span> <span class='ocrx_word' id='word_1_335' title='bbox 470 2909 682 2951; x_wconf 80' lang='grc' dir='ltr'>φρονοῦντας</span> <span class='ocrx_word' id='word_1_336' title='bbox 699 2910 838 2945; x_wconf 83' lang='lat' dir='ltr'>inverso</span> <span class='ocrx_word' id='word_1_337' title='bbox 857 2911 980 2945; x_wconf 84' lang='lat' dir='ltr'>ordine</span> <span class='ocrx_word' id='word_1_338' title='bbox 998 2922 1028 2946; x_wconf 85' lang='lat' dir='ltr'>a.</span> <span class='ocrx_word' id='word_1_339' title='bbox 1175 2921 1229 2956; x_wconf 90' lang='lat'>29.</span> <span class='ocrx_word' id='word_1_340' title='bbox 1256 2913 1302 2958; x_wconf 78' lang='grc' dir='ltr'>τῴ</span> <span class='ocrx_word' id='word_1_341' title='bbox 1326 2911 1437 2946; x_wconf 89' lang='lat' dir='ltr'>B.b.c.</span> <span class='ocrx_word' id='word_1_342' title='bbox 1459 2909 1564 2944; x_wconf 92' lang='lat' dir='ltr'>Cord.</span> <span class='ocrx_word' id='word_1_343' title='bbox 1583 2909 1621 2943; x_wconf 88' lang='grc' dir='ltr'>τὸ</span> <span class='ocrx_word' id='word_1_344' title='bbox 1640 2908 1706 2944; x_wconf 83' lang='lat' dir='ltr'>Ed.</span> 
     </span>
    </p>
   </div>
   <div class='ocr_carea' id='block_1_13' title="bbox 1886 567 1908 605">
    <p class='ocr_par' dir='ltr' id='par_1_14' title="bbox 1886 567 1908 605">
     <span class='ocr_line' id='line_1_40' title="bbox 1886 567 1908 605; baseline 0 0"><span class='ocrx_word' id='word_1_345' title='bbox 1886 567 1908 605; x_wconf 89' lang='grc'>5</span> 
     </span>
    </p>
   </div>
   <div class='ocr_carea' id='block_1_14' title="bbox 1890 981 1940 1008">
    <p class='ocr_par' dir='ltr' id='par_1_15' title="bbox 1890 981 1940 1008">
     <span class='ocr_line' id='line_1_41' title="bbox 1890 981 1940 1008; baseline 0.02 -1"><span class='ocrx_word' id='word_1_346' title='bbox 1890 981 1940 1008; x_wconf 88' lang='lat'>10</span> 
     </span>
    </p>
   </div>
   <div class='ocr_carea' id='block_1_15' title="bbox 1890 1803 1940 1828">
    <p class='ocr_par' dir='ltr' id='par_1_16' title="bbox 1890 1803 1940 1828">
     <span class='ocr_line' id='line_1_42' title="bbox 1890 1803 1940 1828; baseline 0 0"><span class='ocrx_word' id='word_1_347' title='bbox 1890 1803 1940 1828; x_wconf 91' lang='lat'>20</span> 
     </span>
    </p>
   </div>
  </div>
 </body>
</html>
