2022 3272
116 135 288 178 xiv.11.
362 139 436 179 IN
479 141 520 179 S.
556 137 894 179 JOANNEM.
958 137 1082 176 Llss.
1119 137 1195 176 lx,
1259 135 1390 175 (tm).
1430 136 1459 175 Ι.
1638 135 1698 172 151

114 244 263 296 πάλιν
288 247 374 314 οὐχ
400 246 710 312 ὁμολογήσας
745 244 860 296 εῖναι
896 244 978 296 τὸν
1003 244 1134 305 Υὶὸν,
1162 244 1247 306 τὴν
1272 245 1377 309 περὶ
1403 249 1486 293 τοῦ
1517 242 1706 307 Πατρὸς

114 331 296 391 γνῶσιν
323 330 571 398 συνεξελεῖ
598 327 654 392 δὴ
688 327 878 380 πάντως
904 328 1045 395 αὐτῷ.
1091 326 1166 377 ὅτε
1195 326 1350 376 τοίνυν
1377 330 1471 378 τοῖς
1498 324 1706 377 ἀνοσίοις
1725 347 1745 369 ⁴:

114 409 236 471 ἡμᾶς
262 410 719 479 κατασφενδονήσας
754 410 931 474 λόγοις,
960 408 1310 473 διακεκριμένην
1336 413 1419 458 τοῦ
1450 407 1707 472 ἀγεννήτου

116 494 242 542 Θεοῦ
280 492 366 557 τὴν
404 492 572 543 οὐσίαν
605 491 875 544 διατείνεται
916 491 1036 558 ἔχειν
1070 489 1152 541 τὸν
1179 489 1310 551 Υὶὸν,
1337 494 1436 541 πῶς
1477 490 1530 539 οὐ
1570 490 1702 555 διαῤ-

72 593 94 631 L]

113 571 260 639 ῥήδην
298 574 404 625 οὐδὲ
442 575 561 626 Υἱὸν
606 574 833 642 ὑπάρχειν
872 573 1015 624 αὑτὸν
1054 574 1311 637 ὁμολογεῖ;
1368 574 1487 621 Υἱοῦ
1532 570 1579 621 δὲ
1625 572 1707 620 οὐκ

114 653 261 719 ὄντος,
302 657 402 707 οὐδ’
443 655 502 707 ἂν
541 657 680 710 αὐτὸς
722 658 746 706 ὁ
789 655 958 721 Πατὴρ
1003 657 1194 719 άληθῶς
1233 654 1299 705 ε”τι
1339 658 1490 704 νοοῖτο
1531 651 1704 717 πατήρ.

113 737 238 790 τίνος
264 737 358 804 γὰρ
386 739 521 789 ε”σται
547 736 720 804 πατὴρ,
747 742 784 788 εἰ
816 737 881 802 μὴ
918 737 1077 788 τέτοκε
1100 758 1110 798 ;
1155 737 1480 801 διακεκρίσθαι
1506 735 1590 798 μὲν
1615 732 1710 800 γὰρ

114 820 217 886 οὐχὶ
244 823 327 884 τῆς
353 821 533 883 οὐσίας,
561 820 693 870 ἀλλὰ
720 826 804 871 τοῦ
834 819 1101 886 προσώπου
1127 824 1210 868 τοῦ
1240 816 1433 883 Πατρὸς
1471 819 1545 867 καὶ
1580 817 1715 866 αὐτοί

114 905 272 970 φαμεν
295 901 379 953 τὸν
402 902 534 965 Υἱὸν,
561 903 648 969 οὐχ
673 904 736 956 ὡς
770 900 1031 967 ἀλλότριον
1058 899 1172 951 ὄντα
1208 898 1328 950 κατὰ
1366 899 1516 968 φύσιν
1543 900 1705 960 αὐτοῦ,

47 1014 94 1038 10
115 985 327 1050 καθάπερ
362 984 525 1048 ἀμέλει
559 989 655 1039 τοῖς
692 983 941 1051 θεομάχοις
977 985 1114 1043 δοκεῖ,
1148 983 1259 1032 ἀλλ’
1289 984 1351 1034 ὡς
1391 980 1505 1032 ὅντα
1543 1003 1593 1032 τε
1634 981 1711 1031 καὶ

115 1065 366 1129 νοούμενον
400 1068 448 1117 ἐν
482 1068 581 1137 ἰδίῳ
620 1065 884 1135 προσώπῳ,
912 1067 988 1116 καὶ
1026 1063 1125 1116 κατ’
1156 1065 1277 1114 ἰδίαν
1312 1063 1517 1131 ὕπαρξιν
1549 1061 1704 1129 ἑτερό-
1728 1084 1750 1109 a
1776 1075 1865 1111 798
1880 1074 1934 1108 A.

115 1167 237 1211 τητι·
300 1149 415 1203 Υἱὸς
454 1148 548 1215 γάρ
587 1150 704 1210 ἐστι,
745 1150 821 1198 καὶ
862 1148 915 1197 οὐ
956 1146 1142 1212 Πατήρ·
1199 1146 1520 1212 διακεκρίσθαι
1562 1143 1712 1210 γεμὴν

116 1230 214 1281 κατ’
243 1232 410 1282 οὐσίαν
443 1233 535 1283 οὔτ’
569 1230 627 1282 ἂν
662 1231 793 1281 αὐτοὶ
830 1229 1050 1298 φαίημεν,
1077 1229 1120 1279 εἴ
1150 1252 1203 1293 γε
1241 1232 1510 1296 φρονοῦμεν
1536 1228 1707 1292 ὀρθῶς,

90 1314 220 1364 “οὕτε
254 1317 343 1365 τινὶ
377 1319 472 1365 τῶν
504 1317 728 1383 ἀδελφῶν
759 1311 1231 1377 συμβουλεύσαιμεν.
1285 1315 1386 1364 πῶς
1422 1310 1516 1376 γὰρ
1552 1309 1609 1360 ἂν
1636 1311 1713 1360 καὶ

50 1414 96 1452 15
117 1395 397 1462 διακέκριται
435 1395 596 1461 μόνον,
632 1396 737 1446 καθ’
768 1394 884 1461 ὅπερ
922 1395 1054 1444 ἐστὶν
1092 1392 1358 1459 ἰδιαζόντως
1399 1392 1634 1454 ἕκαστον,
1688 1393 1713 1440 ὁ

118 1476 299 1543 Πέτρος
332 1477 427 1544 γὰρ
459 1478 640 1545 Πέτρος
677 1479 781 1528 ἐστὶ
816 1478 892 1527 καὶ
929 1477 984 1526 οὐ
1012 1480 1224 1538 Παῦλος,
1252 1477 1328 1526 καὶ
1364 1476 1389 1525 ὁ
1425 1479 1621 1527 Παῦλος
1659 1474 1713 1523 οὐ

119 1559 315 1625 Πέτρος,
341 1559 536 1624 μένουσι
561 1559 709 1626 γεμὴν
737 1559 995 1625 ἀδιάκριτοι
1033 1557 1153 1609 κατὰ
1190 1558 1353 1626 φύσιν.
1411 1557 1473 1611 εἷς
1509 1556 1603 1622 γὰρ
1639 1557 1708 1607 ἐπ’

117 1641 297 1709 ἀμφοῖν
334 1645 418 1706 τῆς
456 1642 620 1695 οὐσίας
659 1642 684 1691 ὁ
724 1640 884 1707 λόγος,
917 1641 993 1690 καὶ
1031 1639 1113 1690 τὸν
1149 1640 1292 1690 αὑτὸν
1327 1638 1712 1705 ἀπαραλλάκτως

117 1722 210 1791 ἕξει
236 1723 295 1774 τὰ
320 1723 437 1790 πρὸς
464 1723 661 1789 ἑνότητα
687 1721 899 1792 φυσικὴν
924 1722 1236 1785 συνδούμενα.
1480 1768 1489 1775 ,

49 1831 98 1855 20
192 1810 294 1857 Τοῦ
330 1805 377 1857 δὲ
414 1805 470 1870 δὴ
504 1805 642 1874 χάριν
668 1804 727 1855 τὰ
759 1804 953 1856 τοιαῦτά
981 1808 1166 1872 φαμεν,
1211 1803 1436 1872 ἐπιδεῖξαι
1471 1802 1564 1868 γὰρ
1600 1802 1711 1864 ἡμῖν
1732 1812 1759 1853 b

117 1887 311 1950 σκοπὸς,
347 1889 419 1939 ὅτι
458 1893 742 1956 φρονοῦντες
781 1888 941 1937 ἐκεῖνοι
976 1890 1244 1946 δυσσεβῶς,
1281 1888 1362 1948 τῆς
1403 1884 1522 1934 κατὰ
1562 1883 1712 1951 φύσιν

118 1967 337 2033 θεότητος
374 1967 626 2038 ἐξέλκουσι
670 1967 753 2018 τὸν
787 1967 917 2028 Υὶὸν,
959 1966 1091 2017 οὐδὲν
1131 1967 1256 2035 αὐτῷ
1300 1966 1460 2028 πλέον,
1483 1965 1712 2030 ,καθάπερ

118 2051 208 2115 ἤδη
245 2052 543 2117 προείπομεν,
581 2052 805 2117 σχετικῆς
851 2049 1165 2111 ἀπονέμοντες
1211 2048 1491 2113 οἰκειότητος
1528 2051 1610 2111 τῆς
1649 2050 1712 2102 ὡς

118 2133 236 2198 πρὸς
263 2134 457 2199 Πατέρα
491 2134 566 2183 καὶ
595 2130 732 2184 Θεόν.
785 2133 883 2182 ἐπεὶ
923 2130 999 2181 διὰ
1037 2130 1178 2181 ποίαν
1215 2132 1366 2181 αἰτίαν
1404 2131 1524 2195 ἡμᾶς
1558 2153 1712 2196 παρα-

52 2232 98 2270 25
121 2215 348 2279 δείγματα
384 2215 672 2281 παραθέντες
715 2218 799 2264 τοῦ
841 2211 992 2278 λόγου
1034 2253 1061 2275 ,,
1086 2211 1320 2278 Καθάπερ
1360 2213 1503 2276 ἡμεῖς,
1544 2215 1709 2280 φασὶν,

119 2335 147 2370 ,,
173 2298 318 2362 ἀμιγῆ
353 2295 473 2362 πρὸς
510 2294 653 2346 αὐτὸν
687 2294 854 2362 ἔχομεν
889 2294 975 2359 τὴν
1011 2293 1295 2356 ὑπόστασιν,
1324 2293 1454 2348 ὄντες
1487 2296 1535 2344 ἐν
1571 2295 1711 2363 αὐτῷ,

119 2418 145 2441 ,,
173 2402 319 2432 ουτως
353 2402 428 2430 και
465 2377 603 2431 αὐτὸς
638 2376 987 2443 διακεκριμένην
1020 2375 1113 2443 ἔχει
1147 2382 1230 2427 τοῦ
1258 2380 1383 2427 Θεοῦ
1418 2376 1504 2440 τὴν
1529 2377 1711 2436 οὐσίαν,

120 2500 147 2523 ,,
174 2459 260 2510 κᾶν
280 2459 392 2510 εἰναι
411 2460 621 2525 λέγηται,
642 2461 845 2527 φησιν,
825 2482 872 2509 εν
893 2459 1019 2527 αυτῶ
1039 2458 1077 2519 ;”
1100 2456 1170 2524 ἆρ’
1189 2458 1242 2508 οὐ
1261 2462 1411 2508 πᾶσιν
1429 2457 1712 2509 ευκάτοπτος

121 2542 150 2606 ἡ
188 2542 482 2607 πανουργία;
532 2539 601 2607 ἀρ’
631 2563 714 2590 ουκ
753 2541 847 2605 ἐρεῖ
880 2563 950 2593 τις
988 2539 1196 2604 ευλόγως
1235 2562 1317 2589 τον
1349 2539 1470 2589 οὕτω
1508 2536 1752 2592 δυσωδε-ο

55 2654 102 2689 30
122 2647 302 2676 στατον
329 2622 620 2692 ἐξεμεσαντα
649 2621 798 2687 λόγον
825 2622 1008 2672 ἐκείνων
1035 2619 1260 2687 ὑπάρχειν
1286 2620 1366 2671 ἕνα
1399 2624 1493 2671 τῶν
1520 2618 1596 2670 διὰ
1629 2623 1712 2668 τοῦ

177 2815 206 2838 1.
233 2803 370 2848 Πατρὸς
393 2802 434 2836 Ε.
456 2801 591 2847 Migne.
610 2799 801 2843 πνεύματος
820 2799 914 2832 Aub
934 2798 994 2832 sed
1016 2813 1071 2843 γρ.
1089 2799 1216 2842 πατρὸς
1239 2797 1395 2841 E‹1.1ng.
1416 2797 1483 2830 huc
1510 2797 1583 2830 sine
1609 2795 1712 2830 dubi-

126 2857 258 2884 tatlonc
276 2856 451 2894 spectans.
585 2859 616 2892 3-
644 2848 687 2881 δι
679 2861 922 2890 ικεκριμμενην
942 2845 983 2879 E,
1120 2854 1171 2889 17.
1198 2842 1297 2889 κατα]
1323 2848 1355 2884 ἦ·
1379 2858 1438 2886 την
1458 2842 1523 2876 Ed.
1541 2843 1598 2876 inv
1602 2849 1651 2876 lto
1671 2843 1712 2877 E.

131 2897 183 2931 18.
209 2898 267 2930 τὸν
284 2897 385 2930 αὐτὸν
402 2896 443 2929 Ε.
463 2897 528 2929 τῶν
545 2894 655 2928 αὐτῶν
676 2893 740 2927 Ed.
887 2903 941 2933 24.
969 2891 1182 2936 παράδειγμα
1201 2891 1241 2925 Ε.
1391 2900 1445 2933 27
1473 2892 1531 2923 τοῦ
1550 2891 1637 2923 Θεοῦ
1655 2889 1715 2932 τὴν

128 2944 247 2977 οὐσίαν
264 2943 331 2977 hoc
349 2942 470 2980 01(ῙίΠο
491 2941 530 2975 Ε.
552 2941 610 2984 τὴν
629 2941 749 2974 οὐσίαν
768 2954 827 2973 τοι
847 2940 933 2972 Θεου
954 2938 1019 2972 Ed.

857 3006 982 3047 3112
