<?xml version="1.0" encoding="UTF-8"?>
<!DOCTYPE html PUBLIC "-//W3C//DTD XHTML 1.0 Transitional//EN"
    "http://www.w3.org/TR/xhtml1/DTD/xhtml1-transitional.dtd">
<html xmlns="http://www.w3.org/1999/xhtml" xml:lang="en" lang="en">
 <head>
  <title>
</title>
<meta http-equiv="Content-Type" content="text/html;charset=utf-8" />
  <meta name='ocr-system' content='tesseract 3.04.00' />
  <meta name='ocr-capabilities' content='ocr_page ocr_carea ocr_par ocr_line ocrx_word'/>
</head>
<body>
  <div class='ocr_page' id='page_1' title='image "./operacyrilli04cyriuoft/operacyrilli04cyriuoft_0714.png"; bbox 0 0 2037 3266; ppageno 0'>
   <div class='ocr_carea' id='block_1_1' title="bbox 338 116 2037 213">
    <p class='ocr_par' dir='ltr' id='par_1_1' title="bbox 338 116 2037 213">
     <span class='ocr_line' id='line_1_1' title="bbox 338 116 2037 213; baseline 0.001 -28"><span class='ocrx_word' id='word_1_1' title='bbox 338 146 419 185; x_wconf 79' lang='lat'>702</span> <span class='ocrx_word' id='word_1_2' title='bbox 740 147 1519 189; x_wconf 79' lang='lat' dir='ltr'><strong>B.CYRILL1ALEXANDR.</strong></span> <span class='ocrx_word' id='word_1_3' title='bbox 1651 149 1919 202; x_wconf 72' lang='lat' dir='ltr'><strong>xvii.12,13.</strong></span> <span class='ocrx_word' id='word_1_4' title='bbox 2028 116 2037 213; x_wconf 44' lang='grc' dir='ltr'>ᾗ</span> 
     </span>
    </p>
   </div>
   <div class='ocr_carea' id='block_1_2' title="bbox 114 253 2037 1883">
    <p class='ocr_par' dir='ltr' id='par_1_2' title="bbox 337 253 1921 326">
     <span class='ocr_line' id='line_1_2' title="bbox 337 253 1921 326; baseline 0.002 -23"><span class='ocrx_word' id='word_1_5' title='bbox 337 256 638 314; x_wconf 79' lang='grc' dir='ltr'>διαβολικῶν·</span> <span class='ocrx_word' id='word_1_6' title='bbox 698 253 727 318; x_wconf 80' lang='grc' dir='ltr'><em>ἧ</em></span> <span class='ocrx_word' id='word_1_7' title='bbox 767 255 860 322; x_wconf 80' lang='grc' dir='ltr'>γὰρ</span> <span class='ocrx_word' id='word_1_8' title='bbox 899 255 956 307; x_wconf 79' lang='grc' dir='ltr'>ἂν</span> <span class='ocrx_word' id='word_1_9' title='bbox 997 257 1197 324; x_wconf 86' lang='grc' dir='ltr'>ὑπάρχοι</span> <span class='ocrx_word' id='word_1_10' title='bbox 1237 259 1311 308; x_wconf 81' lang='grc' dir='ltr'>καὶ</span> <span class='ocrx_word' id='word_1_11' title='bbox 1351 259 1634 320; x_wconf 84' lang='grc' dir='ltr'>ἀνυπαίτιος,</span> <span class='ocrx_word' id='word_1_12' title='bbox 1675 256 1829 326; x_wconf 74' lang='grc' dir='ltr'>ψήφῳ</span> <span class='ocrx_word' id='word_1_13' title='bbox 1867 255 1921 306; x_wconf 79' lang='grc' dir='ltr'>τὸ</span> 
     </span>
    </p>

    <p class='ocr_par' dir='ltr' id='par_1_3' title="bbox 339 337 1921 408">
     <span class='ocr_line' id='line_1_3' title="bbox 339 337 1921 408; baseline 0.003 -23"><span class='ocrx_word' id='word_1_14' title='bbox 339 340 468 386; x_wconf 81' lang='grc' dir='ltr'>νικᾶν</span> <span class='ocrx_word' id='word_1_15' title='bbox 493 337 848 404; x_wconf 82' lang='grc' dir='ltr'>παραχωρήσας</span> <span class='ocrx_word' id='word_1_16' title='bbox 880 342 937 407; x_wconf 83' lang='grc' dir='ltr'>τῇ</span> <span class='ocrx_word' id='word_1_17' title='bbox 964 339 1157 390; x_wconf 82' lang='grc' dir='ltr'>ἄνωθεν.</span> <span class='ocrx_word' id='word_1_18' title='bbox 1213 340 1400 405; x_wconf 85' lang='grc' dir='ltr'>κρίματι</span> <span class='ocrx_word' id='word_1_19' title='bbox 1431 338 1525 405; x_wconf 80' lang='grc' dir='ltr'>γὰρ</span> <span class='ocrx_word' id='word_1_20' title='bbox 1550 344 1617 408; x_wconf 74' lang='grc' dir='ltr'>τῷ</span> <span class='ocrx_word' id='word_1_21' title='bbox 1641 337 1771 405; x_wconf 77' lang='grc' dir='ltr'>παρὰ</span> <span class='ocrx_word' id='word_1_22' title='bbox 1795 342 1921 389; x_wconf 97' lang='grc' dir='ltr'>Θεοῦ</span> 
     </span>
    </p>

    <p class='ocr_par' dir='ltr' id='par_1_4' title="bbox 114 418 2037 899">
     <span class='ocr_line' id='line_1_4' title="bbox 339 418 1922 488; baseline 0.002 -21"><span class='ocrx_word' id='word_1_23' title='bbox 339 418 407 471; x_wconf 89' lang='grc' dir='ltr'>τίς</span> <span class='ocrx_word' id='word_1_24' title='bbox 446 418 816 483; x_wconf 85' lang='grc' dir='ltr'>ἀντιστήσεται;</span> <span class='ocrx_word' id='word_1_25' title='bbox 862 422 960 471; x_wconf 82' lang='grc' dir='ltr'>νυνὶ</span> <span class='ocrx_word' id='word_1_26' title='bbox 999 419 1048 471; x_wconf 79' lang='grc' dir='ltr'>δὲ</span> <span class='ocrx_word' id='word_1_27' title='bbox 1088 421 1364 486; x_wconf 81' lang='grc' dir='ltr'>κατάκριτος</span> <span class='ocrx_word' id='word_1_28' title='bbox 1402 420 1634 488; x_wconf 82' lang='grc' dir='ltr'>βδελυρός</span> <span class='ocrx_word' id='word_1_29' title='bbox 1671 443 1721 472; x_wconf 92' lang='grc' dir='ltr'>τε</span> <span class='ocrx_word' id='word_1_30' title='bbox 1760 423 1834 471; x_wconf 81' lang='grc' dir='ltr'>καὶ</span> <span class='ocrx_word' id='word_1_31' title='bbox 1873 422 1922 470; x_wconf 84' lang='grc' dir='ltr'>ἐν</span> 
     </span>
     <span class='ocr_line' id='line_1_5' title="bbox 114 501 1924 585; baseline 0.001 -35"><span class='ocrx_word' id='word_1_32' title='bbox 114 512 276 585; x_wconf 43' lang='grc' dir='ltr'>ἱέὲῑπέῑῦ.</span> <span class='ocrx_word' id='word_1_33' title='bbox 340 501 596 564; x_wconf 81' lang='grc' dir='ltr'>ἀμείνοσιν,</span> <span class='ocrx_word' id='word_1_34' title='bbox 648 505 684 551; x_wconf 83' lang='grc' dir='ltr'>εἷ</span> <span class='ocrx_word' id='word_1_35' title='bbox 736 502 956 566; x_wconf 89' lang='grc' dir='ltr'>μηδόλως</span> <span class='ocrx_word' id='word_1_36' title='bbox 1004 501 1244 568; x_wconf 82' lang='grc' dir='ltr'>ἐγεννήθη.</span> <span class='ocrx_word' id='word_1_37' title='bbox 1323 502 1398 554; x_wconf 79' lang='grc' dir='ltr'>διὰ</span> <span class='ocrx_word' id='word_1_38' title='bbox 1447 504 1588 554; x_wconf 89' lang='grc' dir='ltr'>ποίαν</span> <span class='ocrx_word' id='word_1_39' title='bbox 1631 504 1812 562; x_wconf 79' lang='grc' dir='ltr'>αἱτίαν;</span> <span class='ocrx_word' id='word_1_40' title='bbox 1868 502 1924 570; x_wconf 76' lang='grc' dir='ltr'>ἐξ</span> 
     </span>
     <span class='ocr_line' id='line_1_6' title="bbox 140 565 2037 653; baseline 0.002 -20"><span class='ocrx_word' id='word_1_41' title='bbox 140 580 146 584; x_wconf 27' lang='grc' dir='ltr'><strong>Δ</strong></span> <span class='ocrx_word' id='word_1_42' title='bbox 198 580 204 586; x_wconf 59' lang='grc'><strong>’</strong></span> <span class='ocrx_word' id='word_1_43' title='bbox 239 565 268 595; x_wconf 87' lang='lat'>4·</span> <span class='ocrx_word' id='word_1_44' title='bbox 340 583 516 634; x_wconf 79' lang='grc' dir='ltr'>οἰκείων</span> <span class='ocrx_word' id='word_1_45' title='bbox 555 582 648 649; x_wconf 81' lang='grc' dir='ltr'>γὰρ</span> <span class='ocrx_word' id='word_1_46' title='bbox 680 589 818 634; x_wconf 90' lang='grc' dir='ltr'>τοῦτο</span> <span class='ocrx_word' id='word_1_47' title='bbox 849 584 1017 635; x_wconf 82' lang='grc' dir='ltr'>παθὼν</span> <span class='ocrx_word' id='word_1_48' title='bbox 1055 584 1352 648; x_wconf 87' lang='grc' dir='ltr'>θελημάτων,</span> <span class='ocrx_word' id='word_1_49' title='bbox 1386 587 1463 636; x_wconf 79' lang='grc' dir='ltr'>καὶ</span> <span class='ocrx_word' id='word_1_50' title='bbox 1501 586 1583 635; x_wconf 81' lang='grc' dir='ltr'>οὐκ</span> <span class='ocrx_word' id='word_1_51' title='bbox 1622 585 1679 653; x_wconf 75' lang='grc' dir='ltr'>ἐξ</span> <span class='ocrx_word' id='word_1_52' title='bbox 1713 583 1962 649; x_wconf 83' lang='grc' dir='ltr'>ἀνάγκης5</span> <span class='ocrx_word' id='word_1_53' title='bbox 2034 605 2037 634; x_wconf 75' lang='grc' dir='ltr'>ι</span> 
     </span>
     <span class='ocr_line' id='line_1_7' title="bbox 337 665 2037 747; baseline 0 -32"><span class='ocrx_word' id='word_1_54' title='bbox 337 667 420 728; x_wconf 80' lang='grc' dir='ltr'>τῆς</span> <span class='ocrx_word' id='word_1_55' title='bbox 445 665 575 731; x_wconf 89' lang='grc' dir='ltr'>παρά</span> <span class='ocrx_word' id='word_1_56' title='bbox 602 688 724 718; x_wconf 88' lang='grc' dir='ltr'>τινος</span> <span class='ocrx_word' id='word_1_57' title='bbox 752 667 775 715; x_wconf 85' lang='grc' dir='ltr'>ὁ</span> <span class='ocrx_word' id='word_1_58' title='bbox 803 666 1004 720; x_wconf 79' lang='grc' dir='ltr'>δείλαιος</span> <span class='ocrx_word' id='word_1_59' title='bbox 1030 667 1344 734; x_wconf 73' lang='grc' dir='ltr'>ἐξελέγχεται·</span> <span class='ocrx_word' id='word_1_60' title='bbox 1389 669 1413 717; x_wconf 86' lang='grc' dir='ltr'>ὁ</span> <span class='ocrx_word' id='word_1_61' title='bbox 1442 666 1488 718; x_wconf 80' lang='grc' dir='ltr'>δὲ</span> <span class='ocrx_word' id='word_1_62' title='bbox 1515 665 1597 717; x_wconf 80' lang='grc' dir='ltr'>τὸν</span> <span class='ocrx_word' id='word_1_63' title='bbox 1624 668 1744 717; x_wconf 79' lang='grc' dir='ltr'>οὕτω</span> <span class='ocrx_word' id='word_1_64' title='bbox 1772 665 1921 716; x_wconf 84' lang='grc' dir='ltr'>δεινὸν</span> <span class='ocrx_word' id='word_1_65' title='bbox 2034 675 2037 747; x_wconf 53' lang='lat'>‘2</span> 
     </span>
     <span class='ocr_line' id='line_1_8' title="bbox 336 746 2037 814; baseline 0.001 -18"><span class='ocrx_word' id='word_1_66' title='bbox 336 746 591 812; x_wconf 79' lang='grc' dir='ltr'>ἀγαπήσας</span> <span class='ocrx_word' id='word_1_67' title='bbox 618 747 830 812; x_wconf 79' lang='grc' dir='ltr'>ὄλεθρον,</span> <span class='ocrx_word' id='word_1_68' title='bbox 858 747 1020 798; x_wconf 84' lang='grc' dir='ltr'>τέκνον</span> <span class='ocrx_word' id='word_1_69' title='bbox 1048 750 1285 802; x_wconf 84' lang='grc' dir='ltr'>ἀπωλείας</span> <span class='ocrx_word' id='word_1_70' title='bbox 1311 749 1522 814; x_wconf 80' lang='grc' dir='ltr'>εὐλόγως</span> <span class='ocrx_word' id='word_1_71' title='bbox 1547 748 1604 799; x_wconf 81' lang='grc' dir='ltr'>ἂν</span> <span class='ocrx_word' id='word_1_72' title='bbox 1633 746 1918 813; x_wconf 69' lang='grc' dir='ltr'>ὀνομάζοιτο,</span> <span class='ocrx_word' id='word_1_73' title='bbox 2036 755 2037 767; x_wconf 70' lang='grc'>’</span> 
     </span>
     <span class='ocr_line' id='line_1_9' title="bbox 291 828 1918 899; baseline 0.001 -22"><span class='ocrx_word' id='word_1_74' title='bbox 291 838 317 877; x_wconf 76' lang='lat' dir='ltr'>d</span> <span class='ocrx_word' id='word_1_75' title='bbox 335 828 415 880; x_wconf 82' lang='grc' dir='ltr'>ἅτε</span> <span class='ocrx_word' id='word_1_76' title='bbox 442 828 498 893; x_wconf 80' lang='grc' dir='ltr'>δὴ</span> <span class='ocrx_word' id='word_1_77' title='bbox 525 832 598 879; x_wconf 75' lang='grc' dir='ltr'>καὶ</span> <span class='ocrx_word' id='word_1_78' title='bbox 626 828 1008 896; x_wconf 80' lang='grc' dir='ltr'>χρεωστούμενος</span> <span class='ocrx_word' id='word_1_79' title='bbox 1034 830 1118 892; x_wconf 77' lang='grc' dir='ltr'>μὲν</span> <span class='ocrx_word' id='word_1_80' title='bbox 1145 831 1326 899; x_wconf 79' lang='grc' dir='ltr'>ὀλέθρῳ</span> <span class='ocrx_word' id='word_1_81' title='bbox 1354 833 1427 881; x_wconf 79' lang='grc' dir='ltr'>καὶ</span> <span class='ocrx_word' id='word_1_82' title='bbox 1454 835 1631 898; x_wconf 77' lang='grc' dir='ltr'>φθορᾷ,</span> <span class='ocrx_word' id='word_1_83' title='bbox 1660 829 1918 896; x_wconf 78' lang='grc' dir='ltr'>περιμένων</span> 
     </span>
    </p>

    <p class='ocr_par' dir='ltr' id='par_1_5' title="bbox 334 909 1706 976">
     <span class='ocr_line' id='line_1_10' title="bbox 334 909 1706 976; baseline 0.001 -15"><span class='ocrx_word' id='word_1_84' title='bbox 334 909 382 961; x_wconf 80' lang='grc' dir='ltr'>δὲ</span> <span class='ocrx_word' id='word_1_85' title='bbox 408 910 572 976; x_wconf 76' lang='grc' dir='ltr'>ὥσπερ</span> <span class='ocrx_word' id='word_1_86' title='bbox 598 914 740 961; x_wconf 82' lang='grc' dir='ltr'>ὠδῖνα</span> <span class='ocrx_word' id='word_1_87' title='bbox 767 913 842 962; x_wconf 80' lang='grc' dir='ltr'>καὶ</span> <span class='ocrx_word' id='word_1_88' title='bbox 869 909 1003 974; x_wconf 78' lang='grc' dir='ltr'>οἶμον</span> <span class='ocrx_word' id='word_1_89' title='bbox 1029 911 1115 975; x_wconf 83' lang='grc' dir='ltr'>τὴν</span> <span class='ocrx_word' id='word_1_90' title='bbox 1143 914 1224 974; x_wconf 82' lang='grc' dir='ltr'>τῆς</span> <span class='ocrx_word' id='word_1_91' title='bbox 1252 913 1489 965; x_wconf 79' lang='grc' dir='ltr'>ἀπωλείας</span> <span class='ocrx_word' id='word_1_92' title='bbox 1517 912 1706 976; x_wconf 79' lang='grc' dir='ltr'>ἡμέραν.</span> 
     </span>
    </p>

    <p class='ocr_par' dir='ltr' id='par_1_6' title="bbox 326 992 1989 1468">
     <span class='ocr_line' id='line_1_11' title="bbox 407 992 1989 1060; baseline 0 -16"><span class='ocrx_word' id='word_1_93' title='bbox 407 992 601 1057; x_wconf 86' lang='grc' dir='ltr'>Ἐπειδὴ</span> <span class='ocrx_word' id='word_1_94' title='bbox 643 992 691 1043; x_wconf 73' lang='grc' dir='ltr'>δὲ</span> <span class='ocrx_word' id='word_1_95' title='bbox 732 994 1035 1058; x_wconf 86' lang='grc' dir='ltr'>προστέθεικε</span> <span class='ocrx_word' id='word_1_96' title='bbox 1071 998 1166 1047; x_wconf 80' lang='grc' dir='ltr'>τοῖς</span> <span class='ocrx_word' id='word_1_97' title='bbox 1201 996 1307 1060; x_wconf 76' lang='grc' dir='ltr'>περὶ</span> <span class='ocrx_word' id='word_1_98' title='bbox 1348 994 1516 1045; x_wconf 83' lang='grc' dir='ltr'>τούτου</span> <span class='ocrx_word' id='word_1_99' title='bbox 1548 993 1710 1059; x_wconf 83' lang='grc' dir='ltr'>λόγοις</span> <span class='ocrx_word' id='word_1_100' title='bbox 1742 992 1797 1045; x_wconf 84' lang='grc' dir='ltr'>τό</span> <span class='ocrx_word' id='word_1_101' title='bbox 1820 992 1917 1047; x_wconf 70' lang='lat' dir='ltr'>“Im</span> <span class='ocrx_word' id='word_1_102' title='bbox 1941 1019 1989 1044; x_wconf 88' lang='lat'>10</span> 
     </span>
     <span class='ocr_line' id='line_1_12' title="bbox 332 1075 1918 1147; baseline -0.001 -20"><span class='ocrx_word' id='word_1_103' title='bbox 332 1076 535 1147; x_wconf 54' lang='grc' dir='ltr'>πληρωθῇ</span> <span class='ocrx_word' id='word_1_104' title='bbox 566 1103 586 1137; x_wconf 77' lang='grc' dir='ltr'>η</span> <span class='ocrx_word' id='word_1_105' title='bbox 617 1075 793 1146; x_wconf 61' lang='grc' dir='ltr'>γραφὴ,</span> <span class='ocrx_word' id='word_1_106' title='bbox 822 1076 972 1127; x_wconf 71' lang='grc' dir='ltr'>πάλιν</span> <span class='ocrx_word' id='word_1_107' title='bbox 998 1077 1141 1127; x_wconf 78' lang='grc' dir='ltr'>ἐκεῖνο</span> <span class='ocrx_word' id='word_1_108' title='bbox 1169 1078 1416 1144; x_wconf 82' lang='grc' dir='ltr'>χρησίμως</span> <span class='ocrx_word' id='word_1_109' title='bbox 1442 1081 1538 1130; x_wconf 85' lang='grc' dir='ltr'>τοῖς</span> <span class='ocrx_word' id='word_1_110' title='bbox 1576 1076 1918 1145; x_wconf 74' lang='grc' dir='ltr'>ἐντευξομένοις</span> 
     </span>
     <span class='ocr_line' id='line_1_13' title="bbox 332 1158 1916 1226; baseline 0.001 -18"><span class='ocrx_word' id='word_1_111' title='bbox 332 1159 503 1226; x_wconf 86' lang='grc' dir='ltr'>φαμέν.</span> <span class='ocrx_word' id='word_1_112' title='bbox 568 1160 621 1209; x_wconf 81' lang='grc' dir='ltr'>οὐ</span> <span class='ocrx_word' id='word_1_113' title='bbox 666 1158 760 1224; x_wconf 77' lang='grc' dir='ltr'>γὰρ</span> <span class='ocrx_word' id='word_1_114' title='bbox 806 1158 1051 1224; x_wconf 82' lang='grc' dir='ltr'>ἐπειδήπερ</span> <span class='ocrx_word' id='word_1_115' title='bbox 1102 1158 1279 1224; x_wconf 83' lang='grc' dir='ltr'>ε’ίρηκεν</span> <span class='ocrx_word' id='word_1_116' title='bbox 1323 1160 1350 1222; x_wconf 81' lang='grc' dir='ltr'>ἡ</span> <span class='ocrx_word' id='word_1_117' title='bbox 1396 1158 1572 1226; x_wconf 84' lang='grc' dir='ltr'>γραφὴ,</span> <span class='ocrx_word' id='word_1_118' title='bbox 1619 1158 1849 1209; x_wconf 84' lang='grc' dir='ltr'>διόλωλεν</span> <span class='ocrx_word' id='word_1_119' title='bbox 1892 1160 1916 1209; x_wconf 89' lang='grc' dir='ltr'>ὁ</span> 
     </span>
     <span class='ocr_line' id='line_1_14' title="bbox 327 1240 1917 1308; baseline -0.001 -17"><span class='ocrx_word' id='word_1_120' title='bbox 327 1241 574 1306; x_wconf 76' lang='grc' dir='ltr'>προδότης,</span> <span class='ocrx_word' id='word_1_121' title='bbox 615 1242 690 1290; x_wconf 76' lang='grc' dir='ltr'>καὶ</span> <span class='ocrx_word' id='word_1_122' title='bbox 737 1244 798 1293; x_wconf 80' lang='grc' dir='ltr'>εἷς</span> <span class='ocrx_word' id='word_1_123' title='bbox 837 1245 976 1291; x_wconf 88' lang='grc' dir='ltr'>τοῦτο</span> <span class='ocrx_word' id='word_1_124' title='bbox 1020 1244 1239 1306; x_wconf 79' lang='grc' dir='ltr'>παρῆλθε</span> <span class='ocrx_word' id='word_1_125' title='bbox 1279 1242 1596 1308; x_wconf 85' lang='grc' dir='ltr'>φαυλότητος,</span> <span class='ocrx_word' id='word_1_126' title='bbox 1637 1243 1698 1294; x_wconf 85' lang='grc' dir='ltr'>ὡς</span> <span class='ocrx_word' id='word_1_127' title='bbox 1741 1240 1917 1305; x_wconf 85' lang='grc' dir='ltr'>ὀλίγων</span> 
     </span>
     <span class='ocr_line' id='line_1_15' title="bbox 327 1321 1916 1388; baseline -0.001 -15"><span class='ocrx_word' id='word_1_128' title='bbox 327 1324 561 1388; x_wconf 77' lang='grc' dir='ltr'>ἀργυρίων</span> <span class='ocrx_word' id='word_1_129' title='bbox 599 1322 653 1373; x_wconf 82' lang='grc' dir='ltr'>τὸ</span> <span class='ocrx_word' id='word_1_130' title='bbox 689 1323 841 1384; x_wconf 86' lang='grc' dir='ltr'>τίμιον</span> <span class='ocrx_word' id='word_1_131' title='bbox 878 1321 992 1384; x_wconf 74' lang='grc' dir='ltr'>αἷμα</span> <span class='ocrx_word' id='word_1_132' title='bbox 1032 1322 1268 1388; x_wconf 74' lang='grc' dir='ltr'>προέσθαι</span> <span class='ocrx_word' id='word_1_133' title='bbox 1294 1329 1377 1373; x_wconf 92' lang='grc' dir='ltr'>τοῦ</span> <span class='ocrx_word' id='word_1_134' title='bbox 1405 1327 1640 1388; x_wconf 80' lang='grc' dir='ltr'>Χριστοῦ·</span> <span class='ocrx_word' id='word_1_135' title='bbox 1684 1321 1916 1385; x_wconf 77' lang='grc' dir='ltr'>ἐπειδὴδὲ</span> 
     </span>
     <span class='ocr_line' id='line_1_16' title="bbox 326 1404 1985 1468; baseline 0 -14"><span class='ocrx_word' id='word_1_136' title='bbox 326 1404 595 1455; x_wconf 77' lang='grc' dir='ltr'>ἀπολέσθαι</span> <span class='ocrx_word' id='word_1_137' title='bbox 633 1404 789 1468; x_wconf 89' lang='grc' dir='ltr'>πάντη</span> <span class='ocrx_word' id='word_1_138' title='bbox 825 1427 873 1454; x_wconf 90' lang='grc' dir='ltr'>τε</span> <span class='ocrx_word' id='word_1_139' title='bbox 916 1407 988 1454; x_wconf 73' lang='grc' dir='ltr'>καὶ</span> <span class='ocrx_word' id='word_1_140' title='bbox 1029 1405 1217 1458; x_wconf 89' lang='grc' dir='ltr'>πάντως</span> <span class='ocrx_word' id='word_1_141' title='bbox 1257 1405 1442 1468; x_wconf 74' lang='grc' dir='ltr'>ἔμελλε,</span> <span class='ocrx_word' id='word_1_142' title='bbox 1481 1404 1555 1456; x_wconf 77' lang='grc' dir='ltr'>διὰ</span> <span class='ocrx_word' id='word_1_143' title='bbox 1593 1404 1678 1468; x_wconf 86' lang='grc' dir='ltr'>τὴν</span> <span class='ocrx_word' id='word_1_144' title='bbox 1716 1406 1916 1455; x_wconf 89' lang='grc' dir='ltr'>ε’νοῦσαν</span> <span class='ocrx_word' id='word_1_145' title='bbox 1939 1426 1985 1464; x_wconf 85' lang='lat'>15</span> 
     </span>
    </p>

    <p class='ocr_par' dir='ltr' id='par_1_7' title="bbox 287 1486 1985 1883">
     <span class='ocr_line' id='line_1_17' title="bbox 287 1486 1916 1555; baseline 0 -20"><span class='ocrx_word' id='word_1_146' title='bbox 287 1487 451 1555; x_wconf 72' lang='grc' dir='ltr'>οαύτῴ</span> <span class='ocrx_word' id='word_1_147' title='bbox 490 1486 781 1552; x_wconf 88' lang='grc' dir='ltr'>δυστροπίαν</span> <span class='ocrx_word' id='word_1_148' title='bbox 820 1486 1061 1552; x_wconf 76' lang='grc' dir='ltr'>παραδοὺς</span> <span class='ocrx_word' id='word_1_149' title='bbox 1100 1486 1182 1537; x_wconf 80' lang='grc' dir='ltr'>τὸν</span> <span class='ocrx_word' id='word_1_150' title='bbox 1220 1487 1409 1553; x_wconf 79' lang='grc' dir='ltr'>Κύριον,</span> <span class='ocrx_word' id='word_1_151' title='bbox 1450 1487 1520 1538; x_wconf 82' lang='grc' dir='ltr'>ὅτι</span> <span class='ocrx_word' id='word_1_152' title='bbox 1559 1487 1747 1540; x_wconf 85' lang='grc' dir='ltr'>πάντως</span> <span class='ocrx_word' id='word_1_153' title='bbox 1783 1487 1916 1537; x_wconf 74' lang='grc' dir='ltr'>ε”σται</span> 
     </span>
     <span class='ocr_line' id='line_1_18' title="bbox 325 1567 1916 1637; baseline 0 -19"><span class='ocrx_word' id='word_1_154' title='bbox 325 1567 681 1633; x_wconf 87' lang='grc' dir='ltr'>προμεμήνυκεν</span> <span class='ocrx_word' id='word_1_155' title='bbox 721 1569 748 1632; x_wconf 77' lang='grc' dir='ltr'>ἡ</span> <span class='ocrx_word' id='word_1_156' title='bbox 792 1568 972 1636; x_wconf 82' lang='grc' dir='ltr'>γραφὴ,</span> <span class='ocrx_word' id='word_1_157' title='bbox 1022 1568 1079 1632; x_wconf 80' lang='grc' dir='ltr'>ἢν</span> <span class='ocrx_word' id='word_1_158' title='bbox 1121 1570 1204 1619; x_wconf 81' lang='grc' dir='ltr'>οῦκ</span> <span class='ocrx_word' id='word_1_159' title='bbox 1246 1567 1303 1632; x_wconf 80' lang='grc' dir='ltr'>ἧν</span> <span class='ocrx_word' id='word_1_160' title='bbox 1346 1569 1721 1637; x_wconf 76' lang='grc' dir='ltr'>διαψεύσασθαι.</span> <span class='ocrx_word' id='word_1_161' title='bbox 1790 1572 1916 1619; x_wconf 92' lang='grc' dir='ltr'>Θεοῦ</span> 
     </span>
     <span class='ocr_line' id='line_1_19' title="bbox 327 1648 1916 1719; baseline 0 -20"><span class='ocrx_word' id='word_1_162' title='bbox 327 1648 419 1715; x_wconf 77' lang='grc' dir='ltr'>γὰρ</span> <span class='ocrx_word' id='word_1_163' title='bbox 459 1649 604 1715; x_wconf 85' lang='grc' dir='ltr'>λόγος</span> <span class='ocrx_word' id='word_1_164' title='bbox 643 1653 744 1700; x_wconf 77' lang='grc' dir='ltr'>ε’στὶ</span> <span class='ocrx_word' id='word_1_165' title='bbox 776 1657 858 1701; x_wconf 93' lang='grc' dir='ltr'>τοῦ</span> <span class='ocrx_word' id='word_1_166' title='bbox 898 1651 1054 1702; x_wconf 73' lang='grc' dir='ltr'>πάντα</span> <span class='ocrx_word' id='word_1_167' title='bbox 1094 1652 1282 1713; x_wconf 78' lang='grc' dir='ltr'>εἰδότος,</span> <span class='ocrx_word' id='word_1_168' title='bbox 1309 1654 1384 1701; x_wconf 81' lang='grc' dir='ltr'>καὶ</span> <span class='ocrx_word' id='word_1_169' title='bbox 1423 1653 1470 1701; x_wconf 84' lang='grc' dir='ltr'>ἐν</span> <span class='ocrx_word' id='word_1_170' title='bbox 1503 1652 1595 1719; x_wconf 77' lang='grc' dir='ltr'>ἰδίᾳ</span> <span class='ocrx_word' id='word_1_171' title='bbox 1636 1650 1796 1711; x_wconf 88' lang='grc' dir='ltr'>νοήσει</span> <span class='ocrx_word' id='word_1_172' title='bbox 1833 1649 1916 1699; x_wconf 78' lang='grc' dir='ltr'>τὸν</span> 
     </span>
     <span class='ocr_line' id='line_1_20' title="bbox 327 1731 1915 1800; baseline 0 -19"><span class='ocrx_word' id='word_1_173' title='bbox 327 1731 529 1782; x_wconf 87' lang='grc' dir='ltr'>ἑκάστου</span> <span class='ocrx_word' id='word_1_174' title='bbox 556 1733 782 1800; x_wconf 82' lang='grc' dir='ltr'>φέροντος</span> <span class='ocrx_word' id='word_1_175' title='bbox 809 1733 985 1798; x_wconf 89' lang='grc' dir='ltr'>τρόπον</span> <span class='ocrx_word' id='word_1_176' title='bbox 1011 1755 1060 1783; x_wconf 93' lang='grc' dir='ltr'>τε</span> <span class='ocrx_word' id='word_1_177' title='bbox 1088 1735 1163 1783; x_wconf 78' lang='grc' dir='ltr'>καὶ</span> <span class='ocrx_word' id='word_1_178' title='bbox 1196 1735 1316 1794; x_wconf 79' lang='grc' dir='ltr'>βίον,</span> <span class='ocrx_word' id='word_1_179' title='bbox 1344 1735 1418 1783; x_wconf 74' lang='grc' dir='ltr'>καὶ</span> <span class='ocrx_word' id='word_1_180' title='bbox 1452 1732 1537 1796; x_wconf 81' lang='grc' dir='ltr'>τὴν</span> <span class='ocrx_word' id='word_1_181' title='bbox 1565 1734 1641 1783; x_wconf 88' lang='grc' dir='ltr'>ἀπ’</span> <span class='ocrx_word' id='word_1_182' title='bbox 1673 1734 1821 1799; x_wconf 81' lang='grc' dir='ltr'>ἀρχῆς</span> <span class='ocrx_word' id='word_1_183' title='bbox 1853 1735 1915 1785; x_wconf 79' lang='grc' dir='ltr'>εἷς</span> 
     </span>
     <span class='ocr_line' id='line_1_21' title="bbox 327 1812 1985 1883; baseline -0.002 -19"><span class='ocrx_word' id='word_1_184' title='bbox 327 1812 465 1867; x_wconf 76' lang='grc' dir='ltr'>τέλος</span> <span class='ocrx_word' id='word_1_185' title='bbox 511 1814 820 1883; x_wconf 76' lang='grc' dir='ltr'>διεξαγωγήν.</span> <span class='ocrx_word' id='word_1_186' title='bbox 893 1817 968 1865; x_wconf 77' lang='grc' dir='ltr'>καὶ</span> <span class='ocrx_word' id='word_1_187' title='bbox 1019 1820 1135 1880; x_wconf 91' lang='grc' dir='ltr'>γοῦν</span> <span class='ocrx_word' id='word_1_188' title='bbox 1182 1818 1205 1865; x_wconf 86' lang='grc' dir='ltr'>ὀ</span> <span class='ocrx_word' id='word_1_189' title='bbox 1252 1813 1466 1882; x_wconf 75' lang='grc' dir='ltr'>ψάλλων</span> <span class='ocrx_word' id='word_1_190' title='bbox 1511 1815 1597 1879; x_wconf 85' lang='grc' dir='ltr'>τὴν</span> <span class='ocrx_word' id='word_1_191' title='bbox 1647 1819 1743 1865; x_wconf 82' lang='grc' dir='ltr'>τῶν</span> <span class='ocrx_word' id='word_1_192' title='bbox 1787 1814 1915 1865; x_wconf 82' lang='grc' dir='ltr'>ὅλων</span> <span class='ocrx_word' id='word_1_193' title='bbox 1936 1838 1985 1862; x_wconf 91' lang='lat'>20</span> 
     </span>
    </p>
   </div>
   <div class='ocr_carea' id='block_1_3' title="bbox 329 1895 1915 1965">
    <p class='ocr_par' dir='ltr' id='par_1_8' title="bbox 329 1895 1915 1965">
     <span class='ocr_line' id='line_1_22' title="bbox 329 1895 1915 1965; baseline 0.001 -20"><span class='ocrx_word' id='word_1_194' title='bbox 329 1896 508 1959; x_wconf 79' lang='grc' dir='ltr'>εἴδησιν</span> <span class='ocrx_word' id='word_1_195' title='bbox 539 1895 624 1959; x_wconf 87' lang='grc' dir='ltr'>τὴν</span> <span class='ocrx_word' id='word_1_196' title='bbox 651 1920 699 1946; x_wconf 95' lang='grc' dir='ltr'>τε</span> <span class='ocrx_word' id='word_1_197' title='bbox 735 1901 830 1947; x_wconf 82' lang='grc' dir='ltr'>τῶν</span> <span class='ocrx_word' id='word_1_198' title='bbox 862 1896 1216 1965; x_wconf 78' lang='grc' dir='ltr'>παρῳχηκότων</span> <span class='ocrx_word' id='word_1_199' title='bbox 1243 1897 1331 1960; x_wconf 75' lang='grc' dir='ltr'>ἤδη</span> <span class='ocrx_word' id='word_1_200' title='bbox 1368 1899 1442 1947; x_wconf 77' lang='grc' dir='ltr'>καὶ</span> <span class='ocrx_word' id='word_1_201' title='bbox 1479 1896 1564 1961; x_wconf 85' lang='grc' dir='ltr'>τὴν</span> <span class='ocrx_word' id='word_1_202' title='bbox 1590 1902 1684 1947; x_wconf 81' lang='grc' dir='ltr'>τῶν</span> <span class='ocrx_word' id='word_1_203' title='bbox 1719 1897 1915 1947; x_wconf 80' lang='grc' dir='ltr'>ε”σεσθαι</span> 
     </span>
    </p>
   </div>
   <div class='ocr_carea' id='block_1_4' title="bbox 106 1978 1916 2131">
    <p class='ocr_par' dir='ltr' id='par_1_9' title="bbox 106 1978 1916 2131">
     <span class='ocr_line' id='line_1_23' title="bbox 107 1978 1916 2048; baseline -0.004 -13"><span class='ocrx_word' id='word_1_204' title='bbox 107 2005 159 2035; x_wconf 57' lang='lat' dir='ltr'>Ps.</span> <span class='ocrx_word' id='word_1_205' title='bbox 329 1979 734 2044; x_wconf 80' lang='grc' dir='ltr'>προσδοκωμένων</span> <span class='ocrx_word' id='word_1_206' title='bbox 760 1979 1006 2041; x_wconf 86' lang='grc' dir='ltr'>ἀπονέμων</span> <span class='ocrx_word' id='word_1_207' title='bbox 1034 1980 1173 2048; x_wconf 76' lang='grc' dir='ltr'>αὐτῷ,</span> <span class='ocrx_word' id='word_1_208' title='bbox 1206 1978 1324 2045; x_wconf 78' lang='grc' dir='ltr'>πρὸς</span> <span class='ocrx_word' id='word_1_209' title='bbox 1352 1980 1493 2029; x_wconf 75' lang='grc' dir='ltr'>αὐτόν</span> <span class='ocrx_word' id='word_1_210' title='bbox 1518 2002 1611 2029; x_wconf 87' lang='grc' dir='ltr'>που</span> <span class='ocrx_word' id='word_1_211' title='bbox 1648 1979 1776 2046; x_wconf 85' lang='grc' dir='ltr'>φησί</span> <span class='ocrx_word' id='word_1_212' title='bbox 1799 1986 1825 2008; x_wconf 82' lang='grc'>“</span> <span class='ocrx_word' id='word_1_213' title='bbox 1847 1978 1916 2028; x_wconf 76' lang='grc' dir='ltr'>Σὺ</span> 
     </span>
     <span class='ocr_line' id='line_1_24' title="bbox 106 2058 1912 2131; baseline 0 -21"><span class='ocrx_word' id='word_1_214' title='bbox 106 2058 260 2131; x_wconf 39' lang='lat' dir='ltr'>{zyma</span> <span class='ocrx_word' id='word_1_215' title='bbox 332 2070 359 2089; x_wconf 72' lang='lat'>⁴⁶</span> <span class='ocrx_word' id='word_1_216' title='bbox 386 2064 592 2124; x_wconf 83' lang='grc' dir='ltr'>συνῆκας</span> <span class='ocrx_word' id='word_1_217' title='bbox 637 2060 816 2114; x_wconf 76' lang='grc' dir='ltr'>πάντας</span> <span class='ocrx_word' id='word_1_218' title='bbox 864 2060 972 2114; x_wconf 81' lang='grc' dir='ltr'>τοῦς</span> <span class='ocrx_word' id='word_1_219' title='bbox 1017 2061 1362 2127; x_wconf 80' lang='grc' dir='ltr'>διαλογισμούς</span> <span class='ocrx_word' id='word_1_220' title='bbox 1399 2085 1490 2123; x_wconf 91' lang='grc' dir='ltr'>μου</span> <span class='ocrx_word' id='word_1_221' title='bbox 1528 2062 1622 2112; x_wconf 82' lang='grc' dir='ltr'>ἀπὸ</span> <span class='ocrx_word' id='word_1_222' title='bbox 1660 2060 1912 2125; x_wconf 87' lang='grc' dir='ltr'>μακρόθεν,</span> 
     </span>
    </p>
   </div>
   <div class='ocr_carea' id='block_1_5' title="bbox 111 2143 1982 2861">
    <p class='ocr_par' dir='ltr' id='par_1_10' title="bbox 111 2143 1982 2861">
     <span class='ocr_line' id='line_1_25' title="bbox 334 2143 1913 2211; baseline -0.001 -18"><span class='ocrx_word' id='word_1_223' title='bbox 334 2151 360 2171; x_wconf 85' lang='grc'>“</span> <span class='ocrx_word' id='word_1_224' title='bbox 387 2143 471 2206; x_wconf 79' lang='grc' dir='ltr'>τὴν</span> <span class='ocrx_word' id='word_1_225' title='bbox 509 2144 673 2208; x_wconf 75' lang='grc' dir='ltr'>τρίβον</span> <span class='ocrx_word' id='word_1_226' title='bbox 708 2166 797 2203; x_wconf 90' lang='grc' dir='ltr'>μου</span> <span class='ocrx_word' id='word_1_227' title='bbox 836 2145 911 2193; x_wconf 72' lang='grc' dir='ltr'>καὶ</span> <span class='ocrx_word' id='word_1_228' title='bbox 950 2143 1035 2206; x_wconf 84' lang='grc' dir='ltr'>τὴν</span> <span class='ocrx_word' id='word_1_229' title='bbox 1071 2143 1266 2210; x_wconf 76' lang='grc' dir='ltr'>σχοῖνόν</span> <span class='ocrx_word' id='word_1_230' title='bbox 1307 2166 1397 2205; x_wconf 94' lang='grc' dir='ltr'>μου</span> <span class='ocrx_word' id='word_1_231' title='bbox 1429 2143 1494 2194; x_wconf 83' lang='grc' dir='ltr'>σῦ</span> <span class='ocrx_word' id='word_1_232' title='bbox 1528 2143 1814 2211; x_wconf 73' lang='grc' dir='ltr'>ἐξιχνίασας,</span> <span class='ocrx_word' id='word_1_233' title='bbox 1838 2144 1913 2193; x_wconf 76' lang='grc' dir='ltr'>καὶ</span> 
     </span>
     <span class='ocr_line' id='line_1_26' title="bbox 334 2223 1982 2290; baseline -0.001 -15"><span class='ocrx_word' id='word_1_234' title='bbox 334 2232 360 2253; x_wconf 88' lang='grc'><strong>“</strong></span> <span class='ocrx_word' id='word_1_235' title='bbox 387 2223 547 2277; x_wconf 81' lang='grc' dir='ltr'>πάσας</span> <span class='ocrx_word' id='word_1_236' title='bbox 583 2224 665 2277; x_wconf 83' lang='grc' dir='ltr'>τὰς</span> <span class='ocrx_word' id='word_1_237' title='bbox 693 2223 827 2277; x_wconf 79' lang='grc' dir='ltr'>ὁδούς</span> <span class='ocrx_word' id='word_1_238' title='bbox 865 2247 956 2286; x_wconf 89' lang='grc' dir='ltr'>μου</span> <span class='ocrx_word' id='word_1_239' title='bbox 989 2226 1244 2290; x_wconf 80' lang='grc' dir='ltr'>προεῖδες·”</span> <span class='ocrx_word' id='word_1_240' title='bbox 1299 2223 1453 2275; x_wconf 81' lang='grc' dir='ltr'>πάντα</span> <span class='ocrx_word' id='word_1_241' title='bbox 1481 2226 1635 2275; x_wconf 89' lang='grc' dir='ltr'>τοίνυν</span> <span class='ocrx_word' id='word_1_242' title='bbox 1665 2246 1909 2290; x_wconf 90' lang='grc' dir='ltr'>προεγνω-</span> <span class='ocrx_word' id='word_1_243' title='bbox 1936 2245 1982 2283; x_wconf 84' lang='lat'>25</span> 
     </span>
     <span class='ocr_line' id='line_1_27' title="bbox 111 2305 1914 2372; baseline -0.002 -13"><span class='ocrx_word' id='word_1_244' title='bbox 111 2325 197 2359; x_wconf 78' lang='lat'>976</span> <span class='ocrx_word' id='word_1_245' title='bbox 219 2324 270 2357; x_wconf 90' lang='lat' dir='ltr'>A.</span> <span class='ocrx_word' id='word_1_246' title='bbox 293 2334 313 2357; x_wconf 86' lang='lat' dir='ltr'>a</span> <span class='ocrx_word' id='word_1_247' title='bbox 334 2306 437 2367; x_wconf 84' lang='grc' dir='ltr'>κὼς,</span> <span class='ocrx_word' id='word_1_248' title='bbox 465 2310 540 2356; x_wconf 76' lang='grc' dir='ltr'>καὶ</span> <span class='ocrx_word' id='word_1_249' title='bbox 579 2308 639 2358; x_wconf 87' lang='grc' dir='ltr'>ὡς</span> <span class='ocrx_word' id='word_1_250' title='bbox 678 2306 767 2369; x_wconf 76' lang='grc' dir='ltr'>ἤδη</span> <span class='ocrx_word' id='word_1_251' title='bbox 805 2305 1018 2370; x_wconf 86' lang='grc' dir='ltr'>παρόντα</span> <span class='ocrx_word' id='word_1_252' title='bbox 1051 2305 1375 2372; x_wconf 85' lang='grc' dir='ltr'>περιαθρήσας</span> <span class='ocrx_word' id='word_1_253' title='bbox 1413 2306 1471 2356; x_wconf 79' lang='grc' dir='ltr'>τὰ</span> <span class='ocrx_word' id='word_1_254' title='bbox 1506 2305 1763 2369; x_wconf 77' lang='grc' dir='ltr'>μέλλοντα,</span> <span class='ocrx_word' id='word_1_255' title='bbox 1796 2305 1914 2371; x_wconf 78' lang='grc' dir='ltr'>πρὸς</span> 
     </span>
     <span class='ocr_line' id='line_1_28' title="bbox 332 2385 1909 2453; baseline -0.001 -15"><span class='ocrx_word' id='word_1_256' title='bbox 332 2393 427 2440; x_wconf 80' lang='grc' dir='ltr'>τοῖς</span> <span class='ocrx_word' id='word_1_257' title='bbox 454 2387 621 2440; x_wconf 80' lang='grc' dir='ltr'>ἄλλοις</span> <span class='ocrx_word' id='word_1_258' title='bbox 647 2385 827 2437; x_wconf 78' lang='grc' dir='ltr'>ἅπασιν</span> <span class='ocrx_word' id='word_1_259' title='bbox 854 2385 921 2439; x_wconf 74' lang='grc' dir='ltr'>οἷς</span> <span class='ocrx_word' id='word_1_260' title='bbox 948 2386 1038 2452; x_wconf 74' lang='grc' dir='ltr'>ἔφη</span> <span class='ocrx_word' id='word_1_261' title='bbox 1064 2389 1168 2453; x_wconf 71' lang='grc' dir='ltr'>περὶ</span> <span class='ocrx_word' id='word_1_262' title='bbox 1193 2391 1423 2452; x_wconf 80' lang='grc' dir='ltr'>Χριστοῦ,</span> <span class='ocrx_word' id='word_1_263' title='bbox 1454 2389 1477 2437; x_wconf 85' lang='grc' dir='ltr'>ὁ</span> <span class='ocrx_word' id='word_1_264' title='bbox 1507 2391 1627 2441; x_wconf 80' lang='grc' dir='ltr'>θεῖος</span> <span class='ocrx_word' id='word_1_265' title='bbox 1654 2387 1763 2450; x_wconf 84' lang='grc' dir='ltr'>ἡμῖν</span> <span class='ocrx_word' id='word_1_266' title='bbox 1789 2409 1909 2452; x_wconf 91' lang='grc' dir='ltr'>προ-</span> 
     </span>
     <span class='ocr_line' id='line_1_29' title="bbox 331 2467 1914 2534; baseline -0.001 -14"><span class='ocrx_word' id='word_1_267' title='bbox 331 2469 561 2532; x_wconf 89' lang='grc' dir='ltr'>μεμήνυκε</span> <span class='ocrx_word' id='word_1_268' title='bbox 595 2467 752 2534; x_wconf 83' lang='grc' dir='ltr'>λόγος,</span> <span class='ocrx_word' id='word_1_269' title='bbox 782 2468 850 2518; x_wconf 80' lang='grc' dir='ltr'>ὅτι</span> <span class='ocrx_word' id='word_1_270' title='bbox 882 2471 956 2518; x_wconf 75' lang='grc' dir='ltr'>καὶ</span> <span class='ocrx_word' id='word_1_271' title='bbox 993 2471 1237 2519; x_wconf 80' lang='grc' dir='ltr'>ἀπολεῖται</span> <span class='ocrx_word' id='word_1_272' title='bbox 1273 2468 1476 2534; x_wconf 70' lang='grc' dir='ltr'>προδοὺς</span> <span class='ocrx_word' id='word_1_273' title='bbox 1504 2470 1528 2519; x_wconf 85' lang='grc' dir='ltr'>ὁ</span> <span class='ocrx_word' id='word_1_274' title='bbox 1555 2468 1835 2534; x_wconf 83' lang='grc' dir='ltr'>τεταγμένος</span> <span class='ocrx_word' id='word_1_275' title='bbox 1865 2470 1914 2519; x_wconf 85' lang='grc' dir='ltr'>ἐν</span> 
     </span>
     <span class='ocr_line' id='line_1_30' title="bbox 329 2549 1913 2616; baseline -0.001 -15"><span class='ocrx_word' id='word_1_276' title='bbox 329 2555 572 2615; x_wconf 79' lang='grc' dir='ltr'>μαθηταῖς·</span> <span class='ocrx_word' id='word_1_277' title='bbox 622 2549 679 2614; x_wconf 77' lang='grc' dir='ltr'>ἦν</span> <span class='ocrx_word' id='word_1_278' title='bbox 717 2550 765 2600; x_wconf 80' lang='grc' dir='ltr'>δὲ</span> <span class='ocrx_word' id='word_1_279' title='bbox 805 2551 907 2616; x_wconf 75' lang='grc' dir='ltr'>οὐχὶ</span> <span class='ocrx_word' id='word_1_280' title='bbox 946 2549 1135 2604; x_wconf 86' lang='grc' dir='ltr'>πάντως</span> <span class='ocrx_word' id='word_1_281' title='bbox 1175 2551 1376 2614; x_wconf 85' lang='grc' dir='ltr'>θέλησίς</span> <span class='ocrx_word' id='word_1_282' title='bbox 1416 2575 1463 2601; x_wconf 89' lang='grc' dir='ltr'>τε</span> <span class='ocrx_word' id='word_1_283' title='bbox 1505 2554 1579 2601; x_wconf 80' lang='grc' dir='ltr'>καὶ</span> <span class='ocrx_word' id='word_1_284' title='bbox 1618 2550 1913 2616; x_wconf 89' lang='grc' dir='ltr'>πρόσταγμα</span> 
     </span>
     <span class='ocr_line' id='line_1_31' title="bbox 329 2630 1982 2698; baseline -0.001 -14"><span class='ocrx_word' id='word_1_285' title='bbox 329 2636 467 2694; x_wconf 90' lang='grc' dir='ltr'>Θεοῦ,</span> <span class='ocrx_word' id='word_1_286' title='bbox 495 2631 548 2683; x_wconf 80' lang='grc' dir='ltr'>τὸ</span> <span class='ocrx_word' id='word_1_287' title='bbox 586 2632 846 2698; x_wconf 84' lang='grc' dir='ltr'>προειδέναι</span> <span class='ocrx_word' id='word_1_288' title='bbox 885 2654 935 2681; x_wconf 92' lang='grc' dir='ltr'>τε</span> <span class='ocrx_word' id='word_1_289' title='bbox 975 2634 1049 2682; x_wconf 78' lang='grc' dir='ltr'>καὶ</span> <span class='ocrx_word' id='word_1_290' title='bbox 1089 2637 1231 2683; x_wconf 79' lang='grc' dir='ltr'>εἰπεῖν</span> <span class='ocrx_word' id='word_1_291' title='bbox 1258 2632 1316 2682; x_wconf 78' lang='grc' dir='ltr'>τὰ</span> <span class='ocrx_word' id='word_1_292' title='bbox 1349 2632 1567 2696; x_wconf 88' lang='grc' dir='ltr'>ἐσόμενα,</span> <span class='ocrx_word' id='word_1_293' title='bbox 1596 2633 1706 2681; x_wconf 89' lang='grc' dir='ltr'>ἀλλ’</span> <span class='ocrx_word' id='word_1_294' title='bbox 1742 2630 1847 2682; x_wconf 79' lang='grc' dir='ltr'>οὐδὲ</span> <span class='ocrx_word' id='word_1_295' title='bbox 1886 2632 1982 2694; x_wconf 79' lang='grc' dir='ltr'>ή3ο</span> 
     </span>
     <span class='ocr_line' id='line_1_32' title="bbox 328 2712 1912 2781; baseline 0.001 -16"><span class='ocrx_word' id='word_1_296' title='bbox 328 2715 588 2781; x_wconf 87' lang='grc' dir='ltr'>πρόρῥησις</span> <span class='ocrx_word' id='word_1_297' title='bbox 619 2712 944 2779; x_wconf 85' lang='grc' dir='ltr'>ἀναγκαστικὴ</span> <span class='ocrx_word' id='word_1_298' title='bbox 975 2713 1093 2779; x_wconf 80' lang='grc' dir='ltr'>πρὸς</span> <span class='ocrx_word' id='word_1_299' title='bbox 1122 2714 1355 2779; x_wconf 84' lang='grc' dir='ltr'>ἐνέργειαν</span> <span class='ocrx_word' id='word_1_300' title='bbox 1382 2720 1464 2765; x_wconf 93' lang='grc' dir='ltr'>τοῦ</span> <span class='ocrx_word' id='word_1_301' title='bbox 1491 2713 1912 2779; x_wconf 75' lang='grc' dir='ltr'>προσημανθέντος</span> 
     </span>
     <span class='ocr_line' id='line_1_33' title="bbox 329 2793 1911 2861; baseline -0.001 -15"><span class='ocrx_word' id='word_1_302' title='bbox 329 2801 485 2857; x_wconf 85' lang='grc' dir='ltr'>κακοῦ,</span> <span class='ocrx_word' id='word_1_303' title='bbox 512 2798 586 2846; x_wconf 76' lang='grc' dir='ltr'>καὶ</span> <span class='ocrx_word' id='word_1_304' title='bbox 626 2799 707 2859; x_wconf 81' lang='grc' dir='ltr'>τῆς</span> <span class='ocrx_word' id='word_1_305' title='bbox 743 2794 860 2846; x_wconf 79' lang='grc' dir='ltr'>κατὰ</span> <span class='ocrx_word' id='word_1_306' title='bbox 899 2800 981 2845; x_wconf 90' lang='grc' dir='ltr'>τοῦ</span> <span class='ocrx_word' id='word_1_307' title='bbox 1023 2798 1242 2861; x_wconf 75' lang='grc' dir='ltr'>Σωτῆρος</span> <span class='ocrx_word' id='word_1_308' title='bbox 1283 2798 1551 2858; x_wconf 76' lang='grc' dir='ltr'>ἐπιβουλῆς,</span> <span class='ocrx_word' id='word_1_309' title='bbox 1591 2793 1911 2860; x_wconf 86' lang='grc' dir='ltr'>ἀποτρεπτικὴ</span> 
     </span>
    </p>
   </div>
   <div class='ocr_carea' id='block_1_6' title="bbox 427 2943 1815 2989">
    <p class='ocr_par' dir='ltr' id='par_1_11' title="bbox 427 2943 1815 2989">
     <span class='ocr_line' id='line_1_34' title="bbox 427 2943 1815 2989; baseline 0 -12"><span class='ocrx_word' id='word_1_310' title='bbox 427 2957 453 2977; x_wconf 84' lang='lat'>1.</span> <span class='ocrx_word' id='word_1_311' title='bbox 481 2944 498 2986; x_wconf 79' lang='grc' dir='ltr'>ἦ</span> <span class='ocrx_word' id='word_1_312' title='bbox 520 2943 559 2977; x_wconf 85' lang='grc' dir='ltr'>Ε.</span> <span class='ocrx_word' id='word_1_313' title='bbox 814 2954 843 2977; x_wconf 82' lang='grc'>2.</span> <span class='ocrx_word' id='word_1_314' title='bbox 871 2945 958 2976; x_wconf 82' lang='grc' dir='ltr'>Θεοῦ</span> <span class='ocrx_word' id='word_1_315' title='bbox 978 2943 1019 2976; x_wconf 78' lang='lat' dir='ltr'>E.</span> <span class='ocrx_word' id='word_1_316' title='bbox 1040 2945 1113 2989; x_wconf 79' lang='grc' dir='ltr'>Θεῷ</span> <span class='ocrx_word' id='word_1_317' title='bbox 1134 2943 1199 2977; x_wconf 89' lang='lat' dir='ltr'>Ed.</span> <span class='ocrx_word' id='word_1_318' title='bbox 1457 2955 1508 2977; x_wconf 87' lang='lat'>12.</span> <span class='ocrx_word' id='word_1_319' title='bbox 1537 2943 1666 2985; x_wconf 76' lang='grc' dir='ltr'>εἴρηκεν</span> <span class='ocrx_word' id='word_1_320' title='bbox 1683 2955 1753 2978; x_wconf 88' lang='lat' dir='ltr'>om.</span> <span class='ocrx_word' id='word_1_321' title='bbox 1775 2943 1815 2977; x_wconf 85' lang='lat' dir='ltr'>E.</span> 
     </span>
    </p>
   </div>
  </div>
 </body>
</html>
