2037 3266
110 407 165 437 ΡΒ.

108 450 236 480 <xxviiia
247 459 272 481 1.

110 908 162 938 Ib.
180 916 250 948 140.

332 138 418 178 564
734 137 785 178 B.
819 136 1100 179 CYRILLI
1140 138 1524 178 ALEXANDR.
1791 152 1859 178 xv.
1881 147 1918 190 7.

334 245 568 312 καύχημα.
635 247 660 297 ὃ
699 246 793 313 γὰρ
830 253 1039 302 τοιοῦτος
1077 250 1153 298 καὶ
1192 249 1240 298 ε’ν
1273 252 1472 317 Χριστῷ
1509 248 1646 310 με’νει,
1686 249 1761 297 καὶ
1800 247 1920 314 ἔχων

334 327 601 395 ὀφθήσεται
638 329 746 383 τοῦς
784 328 957 395 λόγους
997 331 1152 392 αὑτοῦ,
1188 330 1307 380 κατὰ
1342 329 1396 380 τὸ
1429 332 1477 380 ἐν
1507 330 1667 398 βίβλῳ
1706 332 1920 397 ψαλμῶν

335 410 573 475 εἰρημένον
611 413 672 464 ὡς
712 411 832 476 πρὸς
871 411 995 462 Θεόν
1035 412 1167 462 “Ἐν
1205 416 1263 478 τῇ
1302 414 1469 481 καρδία
1506 435 1596 475 μου
1635 411 1820 479 ἔκρυψα
1861 410 1920 461 τὰ

289 492 316 533 d
335 499 362 521 “
389 490 531 558 λόγια
556 515 661 554 σου,
691 492 816 545 ὅπως
844 491 901 543 ἂν
927 492 992 556 μὴ
1029 492 1223 558 ἁμάρτω
1250 495 1370 545 σοι.”
1408 492 1572 559 ὥσπερ
1595 492 1689 559 γὰρ
1716 493 1757 542 εἴ
1778 515 1846 545 τις
1872 494 1920 542 ἐν

334 574 469 639 ἄγγει
496 579 664 642 χαλκῷ
690 574 835 639 πυρὸς
862 574 1086 626 ἀπόθοιτο
1113 575 1320 642 σπέρμα,
1347 575 1534 629 πάντως
1562 575 1712 639 δήπου
1738 577 1811 625 καὶ
1838 577 1919 638 τῆς
1939 590 1961 627 5

333 657 443 722 παρ’
486 657 628 706 αὐτοῦ
679 655 962 722 θερμότητος
1015 656 1294 708 ἀποτελέσει
1342 659 1557 725 με’τοχον,
1599 660 1745 710 οὕτως
1798 658 1821 707 ὁ
1872 659 1920 706 ἐν

334 741 471 806 ψυχῇ
509 761 559 788 τε
598 740 673 788 καὶ
713 739 879 806 καρδίᾳ
917 737 999 789 τὸν
1039 738 1162 789 θεῖόν
1195 762 1242 789 τε
1282 742 1357 790 καὶ
1397 739 1610 805 οὐράνιον
1645 739 1791 803 λόγον
1822 743 1919 789 δια-

334 820 543 886 κατέχων
571 826 689 883 νοῦς,
718 819 773 870 δι’
801 822 1007 888 ἐφέσεως
1047 824 1128 884 τῆς
1163 824 1225 875 εἷς
1261 821 1456 872 ἅπασαν
1487 821 1670 888 ἀρετὴν,
1698 823 1765 871 ἀεὶ
1803 821 1919 886 πρὸς

334 908 472 953 τοῦτο
500 902 554 952 δι’
583 903 725 953 αὐτοῦ
751 904 1058 967 θερμαίνεται.
1111 903 1375 968 γέγραπται
1408 904 1499 969 γάρ
1527 911 1554 932 “
1574 904 1921 967 Πεπυρωμένον

335 992 361 1013 “
388 982 442 1035 τό
495 983 659 1050 λόγιόν
704 1007 798 1035 σου
849 984 1061 1053 σφόδρα,
1110 987 1185 1036 καὶ
1235 987 1259 1036 ὁ
1310 985 1478 1039 δοῦλός
1529 1009 1620 1036 σου
1672 985 1921 1050 ἠγάπησεν

334 1074 361 1096 “
386 1065 541 1118 αὐτὸ.”

408 1149 472 1199 Ὁ
498 1150 669 1212 τοίνυν,
698 1152 834 1216 φησὶ,
867 1150 1178 1215 καταστήσας
1215 1153 1263 1202 ἐν
1295 1152 1474 1206 τούτοις
1509 1151 1567 1202 τὰ
1604 1152 1708 1202 καθ’
1736 1151 1919 1214 ἑαυτὸν,

296 1250 318 1278 e
337 1234 411 1282 καὶ
443 1235 504 1285 εἷς
538 1237 677 1282 τοῦτο
709 1232 878 1283 λοιπὸν
906 1232 1205 1301 καυχήματος
1241 1234 1561 1298 ἀναβεβηκὼς,
1590 1236 1651 1288 ὡς
1683 1236 1719 1285 ἐν
1747 1236 1843 1302 ἐμοί
1873 1257 1923 1285 τε

335 1313 486 1376 με’νειν
513 1312 667 1377 αὑτὸν,
693 1314 812 1382 ε”χειν
838 1338 886 1364 τε
913 1317 1021 1382 παρ’
1051 1317 1199 1385 ἑαυτῷ
1223 1315 1329 1369 τοῦς
1353 1315 1489 1378 ἐμοὺς
1528 1315 1714 1381 λόγους,
1742 1318 1919 1367 ἀνυπο-

335 1394 524 1449 στόλως
562 1397 793 1462 προσίτω,
832 1399 907 1447 καὶ
947 1397 1062 1463 ὅπερ
1102 1397 1158 1448 ἂν
1197 1398 1280 1465 ε”χῃ
1318 1398 1435 1464 πρὸς
1480 1398 1650 1462 ἡδονὴν
1688 1399 1922 1467 ἐξαιτείτω

334 1478 440 1528 τότε
479 1476 572 1528 σὺν
605 1480 848 1548 παῤῥησῖᾳ
884 1483 1064 1547 πολλῇ,
1093 1482 1166 1530 καὶ
1205 1486 1491 1544 μελλησμοῦ
1526 1482 1634 1547 δίχα
1668 1480 1923 1544 δοθήσεται

335 1560 474 1628 αὐτῷ·
530 1561 804 1611 κατανεύσω
843 1560 937 1626 γάρ
977 1566 1144 1628 φησιν.
1213 1560 1284 1627 ἆρ’
1323 1563 1403 1612 οῦν
1443 1563 1483 1612 εἴ
1517 1585 1585 1615 τις
1623 1560 1711 1612 κᾶν
1747 1585 1791 1612 τι
1829 1566 1923 1613 τῶν

335 1641 536 1708 φαύλων
586 1645 706 1708 αἰτῇ,
748 1642 1105 1708 προαλέστερον
1154 1643 1379 1712 λήψεται,
1433 1645 1507 1694 καὶ
1558 1643 1735 1694 τούτων
1788 1643 1923 1694 ἔσται

335 1723 577 1786 διανομεῦς
616 1725 640 1773 ὁ
681 1723 970 1792 φιλάρετος,
1029 1725 1182 1790 ἄπαγε
1227 1728 1309 1789 τῆς
1352 1727 1643 1786 δυσβουλίας
1686 1725 1918 1791 ἄνθρωπε.

335 1805 512 1873 ἀπηχὲς
549 1805 641 1871 γὰρ
676 1804 808 1856 οὐδὲν
835 1805 863 1871 ἢ
901 1811 994 1856 τῶν
1022 1806 1144 1860 ὅλως
1181 1808 1597 1873 κατηγορουμένων
1623 1808 1691 1859 ἐπ’
1722 1807 1919 1874 αἰσχρό-

116 1900 269 1937 879A
297 1910 438 1951 ειτητι
471 1887 732 1954 χορηγήσει
766 1887 904 1941 (3⁶69-
948 1890 1092 1938 ε’κεΐνο
1127 1888 1174 1939 δε
1209 1894 1400 1951 μᾶλλον
1427 1892 1643 1952 ἐννοησαι
1678 1889 1920 1954 πρεπωδεκ

335 1989 523 2035 στερον·
570 1968 598 2033 ἢ
634 1992 727 2035 γαο
764 1971 848 2020 οὐκ
885 1970 1018 2020 ἐσται
1055 1970 1232 2020 δικαιόν
1257 1994 1306 2021 τε
1341 1994 1416 2021 και
1443 1973 1638 2037 ὀρθῶς’
1620 1993 1759 2038 εχον
1749 2013 1760 2033 ,
1805 1974 1866 2024 ὡς
1899 1973 1923 2021 ὁ

334 2073 485 2114 μενων
524 2075 571 2101 εν
603 2054 817 2121 Χριστῷ,
851 2075 926 2102 και
967 2052 1088 2120 ἔχων
1127 2055 1173 2103 ἐν
1213 2055 1360 2123 ἑαυτῷ
1399 2077 1505 2107 τους
1545 2054 1719 2118 λόγους
1758 2055 1920 2116 αὐτοῦ,

334 2132 578 2198 πρόδηλον
618 2133 688 2183 ὅτι
724 2132 804 2183 ἅτε
841 2136 915 2184 καὶ
961 2133 1140 2198 ἀγαθὸς
1182 2134 1245 2185 ὧν
1284 2138 1358 2185 καὶ
1398 2135 1595 2199 ἐπιεικὴς
1637 2135 1760 2197 μόνα
1805 2142 1924 2205 φρο-

336 2219 428 2265 νεῖν
455 2215 627 2279 ε”γνωκε
662 2214 721 2265 τὰ
754 2219 862 2283 Θεῴ
900 2216 1250 2281 θυμηρέστατα.
1303 2222 1399 2269 τοῖς
1433 2216 1526 2282 γὰρ
1561 2219 1609 2267 ἐν
1635 2219 1802 2286 καρδίᾳ
1841 2216 1923 2268 τὸν

336 2301 460 2347 θεῖον
500 2296 663 2363 ἔχουσι
709 2295 872 2361 λόγον,
911 2295 1030 2361 ἅπερ
1077 2297 1133 2347 ἂν
1177 2298 1429 2358 βούλοιντο
1473 2298 1767 2362 καθηκόντως
1813 2299 1915 2349 ἔπε’·

337 2381 513 2445 τρεψεν
563 2382 720 2441 αἰτεῖν,
772 2379 853 2428 οὐκ
910 2379 1154 2444 ἀγνοήσας
1205 2384 1528 2442 πνευματικῶν
1582 2380 1799 2444 δηλονότι
1849 2382 1926 2431 καὶ

337 2460 473 2510 θείων
512 2461 703 2526 ἀγαθῶν
742 2462 954 2526 ὀρεκτιᾶν
993 2464 1076 2524 τῆς
1119 2462 1365 2530 μεθέξεως·
1426 2463 1708 2527 ὁρισαμένου
1754 2461 1802 2512 δὲ
1848 2461 1924 2513 διὰ

292 2542 514 2592 ὒτούτων
540 2543 589 2592 εὖ
613 2541 746 2606 μάλα
781 2548 863 2593 τοῦ
892 2546 1111 2609 Σωτῆρος
1146 2543 1275 2606 ἡμῶν
1302 2548 1533 2610 Χριστοῦ,
1560 2545 1628 2598 τίς
1662 2567 1709 2595 τε
1745 2545 1813 2608 εἴη
1848 2546 1925 2595 καὶ

383 2719 450 2752 4-9
469 2707 577 2742 citant
595 2708 742 2741 Niketas
761 2713 951 2753 catenaque
969 2709 1034 2742 alia
1054 2709 1088 2742 in
1111 2708 1168 2743 Ps.
1183 2710 1298 2743 cxviii.
1621 2719 1654 2753 5.
1680 2710 1805 2756 ἀγγείῳ
1825 2709 1918 2744 Catt.

338 2763 369 2797 7.
395 2769 431 2787 τε
451 2753 565 2799 prius]
585 2769 624 2799 γε
645 2754 720 2788 Cat.
739 2755 855 2788 altera.
908 2755 1085 2789 Neutrum
1104 2756 1208 2789 habet
1228 2756 1312 2790 Nik.
1450 2769 1482 2801 9.
1510 2755 1550 2789 δι’
1569 2756 1671 2789 αυτοῦ
1689 2746 1916 2801 θερμαίνεται]

336 2800 606 2843 διαθερμιιίνεται
626 2801 710 2834 Nik.
731 2800 772 2834 δι’
791 2801 894 2835 αὐτοῦ
912 2802 1083 2844 θερμαίνει
1104 2802 1181 2837 Cat.
1199 2803 1258 2836 alt.
1540 2803 1594 2836 28.
1621 2803 1774 2846 ὀρεκτιᾶν
1794 2803 1829 2836 F.
1851 2803 1919 2837 Ed.

335 2858 407 2890 mg.
427 2847 580 2891 ὀρεκτιὰν
605 2859 634 2881 c.
660 2847 813 2891 ὀρεκτῖιιν
838 2848 879 2881 Ε.
905 2848 1000 2882 unde
1025 2848 1178 2892 ὀρεκτίιιν
1204 2848 1271 2882 Ed.
1351 2848 1475 2882 Statim
1503 2864 1563 2892 την
1589 2849 1726 2894 μέθεξιν
1750 2861 1780 2883 c.
1808 2849 1915 2885 Cord.

335 2903 355 2917 ω
424 2903 441 2917 (Ι,

336 2927 518 2969 ὁρισμένου
537 2927 616 2964 (litt.
637 2938 811 2971 suprascr.
831 2939 938 2961 manu
962 2927 1053 2971 ead.)
1076 2928 1117 2962 E,
1265 2939 1317 2973 29,
1343 2927 1470 2963 τούτων
1489 2929 1529 2963 E.
1547 2928 1668 2962 τούτου
1688 2928 1755 2962 Ed.

1945 1007 1992 1032 10

1945 1835 1994 1859 20
