2001 3261
303 105 385 145 152
705 108 755 149 B.
789 108 1065 149 CYRILLI
1107 109 1491 150 ALEXANDR.
1681 159 1688 166 ·
1777 109 1833 150 ix.
1851 122 1890 160 4.

303 215 436 265 ἐστὶν
475 217 537 270 ὡς
578 218 626 268 ἐν
661 217 802 287 ἑτερω
842 220 917 268 καὶ
959 219 1276 288 ἁπλουστέρω
1316 219 1451 288 λόγω
1482 220 1588 270 Οὐκ
1626 218 1684 287 ἐξ
1718 217 1895 269 οἰκείων

304 296 656 361 ἁμαρτημάτων
699 299 727 365 ἦ
780 305 982 366 γονικῶν
1028 302 1053 351 ὁ
1106 300 1355 366 ἄνθρωπος
1407 301 1642 369 ἀπετεχθη
1689 298 1892 368 τυφλος,

82 389 171 423 599
189 387 238 422 A·
265 378 460 443 ἃέπειδὴ
502 380 550 431 δὲ
591 379 727 450 ἅπαξ
763 388 904 433 τοῦτο
948 385 1114 433 παθεῖν
1156 383 1448 446 συμβέβηκε,
1490 382 1688 433 δυνατον
1729 404 1805 432 και
1850 382 1898 431 ἐν

306 462 432 531 αὐτῷ
467 463 751 531 δοξάζεσθαι
786 463 868 515 τὸν
897 464 1038 515 &aiv-
1094 464 1207 515 ὅταν
1233 464 1327 531 γὰρ
1364 465 1570 533 ἐνεργείᾳ
1604 469 1661 532 τῇ
1697 464 1894 525 ἄνωθεν,

305 548 389 594 τοῦ
427 551 838 613 παρενοχλοῦντος
874 549 949 597 καὶ
986 547 1345 614 ἐπισκήψαντος
1379 548 1504 617 αὐτῷ
1539 546 1720 599 πάθους
1760 544 1891 596 ἐλεύ-

306 630 440 691 θερος
467 629 643 695 εὑρεθῇ,
671 629 740 682 τίς
767 629 820 679 οῦ
849 628 1082 692 θαυμάσει
1109 629 1192 679 τὸν
1220 629 1409 694 ἶατρόν;
1453 631 1520 683 τίς
1557 628 1605 680 δὲ
1636 634 1718 680 τοῦ
1753 633 1891 694 θερα-

305 708 570 763 πεύσαντος
597 712 649 760 οὐ
676 710 938 778 κατόψεται
965 711 1051 775 τὴν
1078 711 1274 773 δύναμιν
1300 714 1348 761 ἐν
1374 713 1500 780 αὐτῷ
1525 734 1536 773 ;

381 791 572 856 Ταύτην
599 790 725 856 οἶμαι
752 793 838 856 τὴν
863 791 1071 843 διάνοιαν
1097 795 1337 859 ἐγκεῖσθαι
1364 797 1429 862 τῷ
1453 793 1755 863 προκειμένῳ,
1778 797 1898 843 νοεῖν

308 871 357 924 δὲ
400 879 495 928 τοῖς
536 880 750 928 συνετοῖς
791 875 973 944 ἐξέστω
1011 874 1070 926 τὰ
1107 875 1389 942 τελειότερα·
1446 881 1482 926 εὶ
1527 877 1575 927 δὲ
1619 875 1689 926 ὅτι
1733 876 1899 940 πρέπει

308 960 592 1024 φιλονεικεῖν
632 957 810 1008 οἴονταί
846 981 982 1019 τινες,
1031 957 1109 1008 διά
1148 981 1198 1008 τε
1239 958 1378 1009 τοῦτό
1421 963 1546 1026 φασι
1590 958 1673 1009 τὸν
1713 956 1899 1026 τυφλὸν

308 1041 624 1102 γεγεννῆσθαι
659 1040 742 1090 τὸν
774 1041 1041 1106 ἄνθρωπον,
1067 1041 1141 1090 ἵνα
1172 1040 1387 1106 Χριστὸς
1424 1043 1472 1091 ἐν
1497 1042 1622 1110 αὐτῷ
1660 1041 1896 1108 δοξασθῇ,

264 1126 291 1166 b
310 1119 457 1170 πάλιν
483 1122 676 1186 ἐροῦμεν
703 1122 858 1175 αὐτοῖς
880 1119 1008 1187 ςΑρα
1044 1123 1125 1173 οῦν
1156 1120 1192 1172 ὦ
1228 1128 1432 1188 γενναῖοι
1467 1122 1607 1185 μόνος
1642 1122 1700 1187 ἧν
1731 1124 1900 1175 ἐκεῖνος

310 1203 358 1252 ἐν
385 1201 476 1270 ὅλῃ
502 1207 560 1270 τῇ
586 1204 790 1273 Ἰουδαία
822 1204 1006 1272 τυφλὸς
1039 1206 1089 1255 ἐκ
1125 1208 1327 1270 γενετῆς,
1355 1204 1473 1255 κατὰ
1498 1205 1580 1255 τὸν
1607 1207 1688 1269 τῆς
1714 1227 1897 1270 παρου-

310 1285 420 1338 σίας
447 1291 529 1335 τοῦ
556 1289 774 1352 Σωτῆρος
795 1287 927 1351 ἡμῶν
948 1286 1125 1353 καιρὸν,
1143 1287 1295 1340 ἄλλος
1324 1286 1371 1338 δὲ
1398 1288 1544 1340 οὐδεὶς
1569 1286 1623 1338 τὸ
1648 1285 1896 1353 παράπαν;

311 1367 423 1416 ἀλλ’
454 1365 582 1431 οἶμαι
609 1370 685 1418 καὶ
712 1369 799 1436 οὐχ
826 1369 1008 1422 ἑκόντες
1037 1367 1422 1434 ὁμολογήσονται
1450 1372 1511 1423 ὡς
1538 1369 1595 1434 ἧν
1621 1367 1668 1419 δὲ
1702 1370 1782 1419 καί
1810 1391 1902 1419 που

313 1448 510 1516 σφόδρα
537 1449 658 1504 εἰκὸς
684 1451 767 1501 οὐκ
793 1451 1106 1516 εὐαρίθμητον
1133 1454 1180 1502 ἐν
1208 1451 1298 1519 ὅλῃ
1324 1455 1382 1519 τῇ
1409 1452 1541 1520 χώρᾳ
1566 1456 1659 1502 τῶν
1679 1451 1903 1502 τοιούτων

314 1529 429 1581 εἶναι
469 1531 556 1596 τὴν
594 1533 798 1597 πληθύν.
863 1538 964 1587 πῶς
1003 1534 1084 1583 οῦν
1124 1537 1185 1587 εἰς
1223 1533 1303 1584 ἕνα
1342 1535 1417 1584 καὶ
1455 1533 1614 1597 μόνον,
1653 1532 1681 1597 ὴ
1727 1535 1802 1584 καὶ
1841 1537 1904 1586 εἰς

314 1613 495 1679 ἑτέρους
541 1614 623 1665 τὸν
663 1614 862 1682 ἀριθμὸν
900 1621 1096 1683 βραχεῖς
1140 1616 1167 1679 ἡ
1214 1616 1445 1684 ἐπίδειξις,
1487 1616 1589 1679 ἡτοι
1643 1615 1904 1684 φιλοτιμία,

315 1696 480 1761 γε’γονε
513 1702 596 1747 τοῦ
622 1701 875 1763 Χριστοῦ·
864 1739 876 1760 ,
927 1700 1037 1748 ἀλλ’
1067 1696 1199 1760 οἶμαί
1237 1722 1287 1765 γε
1325 1699 1380 1762 δη
1416 1722 1492 1749 και
1528 1722 1583 1749 το
1617 1699 1691 1749 ἐπὶ
1725 1697 1905 1751 τούτοις

277 1795 299 1822 0
317 1777 442 1831 ὅλως
469 1780 780 1830 διατείνεσθαι
806 1780 1042 1846 περιττόν.
1087 1782 1252 1831 οὐκοῦν
1280 1783 1341 1835 ὡς
1368 1782 1526 1844 εὔηθες
1550 1782 1717 1848 κομιδῇ
1744 1802 1903 1846 παρω-

317 1859 514 1923 σάμενοι
549 1862 603 1912 τὸ
639 1862 695 1930 ἐξ
727 1864 889 1929 ἀρχῆς,
916 1864 1109 1927 ἐροῦμεν
1137 1865 1199 1916 ὡς
1231 1862 1418 1926 ἀληθὲς,
1444 1863 1514 1914 ὅτι
1539 1868 1771 1913 τοσοῦτον
1797 1862 1906 1926 ἡμῖν

317 1943 641 2012 ἀποκαλύψας
674 1945 722 1994 ἐν
757 1950 852 1998 τοῖς
888 1944 1181 2012 ζητουμένοις
1217 1945 1336 1995 ὅσον
1366 1947 1453 1996 ἔδει
1487 1949 1667 2009 μαθεῖν,
1695 1944 1907 1996 ἀπονεύει

316 2025 434 2092 πρὸς
462 2026 619 2092 ἕτερον
645 2026 795 2092 λόγον
823 2030 905 2091 τῆς
932 2029 979 2078 ἐν
1006 2026 1187 2082 τούτοις
1222 2027 1406 2094 ἐρεύνης
1440 2029 1623 2096 εὐφυῶς
1658 2025 1908 2095 ὑπεξάγων

315 2107 399 2158 τὸν
424 2108 541 2159 ’ίδιον
565 2108 796 2173 μαθητήν.

273 2295 453 2344 4Ἠμᾱε
493 2292 556 2336 δεῖ
592 2296 839 2353 ὲρΓάζεσθαι
877 2296 927 2337 τὰ
966 2296 1068 2353 &pf-0(
1104 2300 1177 2337 τοῦ
1214 2297 1465 2345 Πέμψαντοο
1501 2296 1614 2344 ἡμᾶς
1646 2297 1732 2336 ἕως
1767 2294 1906 2352 ἡμέρα

471 2378 598 2420 ἐστίν·
648 2379 819 2435 ἔρχεται
858 2379 945 2430 νὺξ,
982 2381 1055 2422 ὅτε
1093 2379 1234 2420 οὐδεὶς
1274 2378 1450 2420 δύναται
1487 2378 1748 2435 ἑρι-άςεσθαι.

390 2496 515 2548 Ἰδοὺ
552 2496 609 2562 δὴ
647 2499 756 2549 λίαν
789 2500 836 2549 ἐν
866 2498 1046 2552 τούτοις
1086 2503 1260 2566 σαφῶς
1300 2521 1349 2549 τε
1389 2501 1465 2548 καὶ
1500 2500 1708 2551 ἐπιεικῶς
1742 2520 1910 2562 μονον-

317 2581 421 2647 ουχὶ
467 2581 543 2630 καὶ
588 2580 744 2647 ἕτερον
790 2579 1082 2644 ὑποπλήττει
1133 2579 1241 2634 τοὺς
1289 2580 1504 2645 μαθητὰς
1553 2582 1614 2634 ὡς
1665 2579 1822 2646 ἕτερόν
1865 2601 1910 2628 τι

272 2662 638 2728 ἀτραπομένους
677 2663 789 2729 παρ’
831 2662 946 2729 ὅπερ
985 2665 1147 2730 ἐχρῆν,
1192 2665 1267 2714 καὶ
1311 2661 1545 2732 ἁμαξιτὸν
1581 2662 1666 2725 μὲν
1704 2661 1911 2730 ἀφέντας

365 2835 397 2864 4.
424 2823 480 2856 ὅτε
498 2836 529 2857 a.
663 2835 695 2868 9.
663 2823 853 2868 9εξεστω
874 2824 915 2857 Β.
934 2823 1050 2867 εξεστι
1070 2824 1192 2857 Holst.
1212 2823 1279 2857 Ed.
1343 2824 1499 2868 λειότερα
1519 2822 1560 2856 Β.
1579 2823 1773 2865 τελειότερα
1792 2832 1910 2854 emen-

317 2868 411 2902 daV1t
433 2870 493 2903 Ht.
632 2881 683 2904 10.
711 2871 770 2904 τὸν
788 2876 1011 2914 ffSSUlnptllm
1030 2882 1071 2904 ex
1093 2870 1134 2903 B.
1266 2881 1320 2916 29.
1348 2869 1577 2914 τραπομένους
1598 2869 1640 2903 Β.
1658 2867 1910 2913 πραττομένους

317 2915 414 2961 prius
434 2916 586 2960 scripsit,
605 2916 731 2951 deinde
749 2916 981 2962 τραπομένους
998 2917 1147 2951 correxit
1167 2917 1218 2951 Ht
1222 2943 1345 2951 .....
1362 2916 1482 2960 μένους
1499 2915 1594 2950 Aub

1917 560 1939 598 <51

1923 977 1970 1002 10

1925 1804 1974 1830 20
