2037 3266
357 138 442 178 6841
758 144 810 185 B.
843 144 1123 186 CYRILLI
1164 146 1545 187 ALEXANDR.
1729 144 1828 186 xvii.
1849 144 1945 184 6-8.

359 248 479 299 κατὰ
510 249 672 318 φύσιν,
700 254 776 303 καὶ
809 256 851 304 οἱ
885 258 986 308 ταῖς
1020 259 1104 306 τοῦ
1139 253 1368 316 διαβόλου
1398 253 1705 323 συνεχόμενοι
1741 252 1947 306 πλάναις

358 332 434 381 καὶ
472 335 572 385 ταῖς
610 341 858 397 κοσμικαῖς
900 335 1112 390 ἀτοπίαις
1153 336 1581 402 ἐγκατειλημμένα.
1645 335 1855 387 δέδονται
1896 331 1946 383 δὲ

357 416 424 480 τῷ
449 416 564 483 Υἱῷ,
590 419 690 469 πῶς
718 414 745 481 ἢ
772 417 877 467 τίνα
902 417 1109 483 τρόπον;
1151 419 1426 478 βασιλεύειν
1451 417 1542 485 γὰρ
1571 418 1641 469 ἐπ’
1669 414 1836 470 αὐτοὺς
1863 414 1947 466 τὸν

356 495 670 560 Ἐμμανουὴλ
694 498 957 563 ηὐδόκησεν
984 500 1008 549 ὁ
1035 498 1158 553 Θεὸς
1193 502 1269 550 καὶ
1298 499 1481 566 Πατὴρ,
1508 501 1594 567 οὐχ
1629 501 1691 552 ὡς
1725 498 1830 565 ἄρτι
1863 499 1947 560 τῆς

359 577 457 626 κατ’
486 578 640 628 αὐτῶν
664 581 916 640 βασιλείας
948 580 1227 648 ἀρχόμενον·
1270 580 1327 645 ἧν
1354 580 1447 648 γὰρ
1481 583 1549 632 ἀεὶ
1579 579 1752 646 Κύριός
1786 602 1835 630 τε
1871 579 1947 630 καὶ
1966 587 1989 626 5

358 658 603 721 βασιλεὺς,
630 660 748 712 καθὸ
783 661 928 728 φύσει
959 661 1097 716 Θεός·
1141 664 1253 713 ἀλλ’
1281 662 1353 714 ὅτι
1390 662 1638 729 γενόμενος
1675 662 1943 727 ἅνθρωπος,

359 741 434 789 καὶ
472 743 556 804 τῆς
595 740 818 793 ἁπάντων
850 744 1250 809 προκινδυνεύσας
1289 745 1419 811 ζωῆς,
1447 747 1594 815 ἑαυτῷ
1631 742 1811 797 πάντας
1849 742 1948 811 ἐξε-

358 822 543 887 πριάτο,
570 822 646 873 καῖ
685 825 738 874 δι’
768 826 933 876 ἑαυτοῦ
965 825 1311 892 προσκεκόμικε
1345 831 1412 896 τῷ
1443 830 1552 896 Θεῷ
1590 828 1665 877 καὶ
1694 825 1867 891 Πατρί.
1922 825 1947 874 ὁ

314 904 514 955 ἅτοίνυν
551 904 702 956 πάλαι
740 908 817 957 καὶ
855 908 932 958 ἀπ’
962 909 1110 975 ἀρχῆς
1148 908 1424 969 βασιλεύων
1464 910 1526 962 ὡς
1565 906 1687 962 Θεὸς
1726 908 1843 970 ὁμοῦ
1881 908 1949 975 τῷ

1925 986 1946 1007 ’ὃ

359 984 458 1055 ἰδίῳ
510 986 767 1054 γεννήτορι,
813 988 1185 1056 κεχειροτόνηται
1229 989 1460 1051 βασιλεὺς
1503 993 1564 1044 ὡς
1615 990 1861 1055 ἄνθρωπος
1911 1005 2019 1058 (ρῙΟ

357 1068 475 1130 μετὰ
509 1074 603 1119 τῶν
630 1069 797 1120 ἄλλων
821 1072 924 1121 ἐστὶ
963 1073 1038 1122 καὶ
1072 1070 1126 1122 τὸ
1163 1072 1435 1132 βασιλεύειν
1468 1071 1618 1135 δοτὸν,
1645 1071 1764 1122 κατά
1801 1093 1855 1136 γε
1893 1070 1948 1122 τὸ

358 1152 528 1217 με’τρον
560 1154 642 1215 τῆς
683 1153 972 1218 ἀνθρωπείας
1013 1153 1220 1221 φύσεως.
1278 1155 1332 1205 οὐ
1370 1154 1464 1221 γὰρ
1499 1152 1665 1219 ὥσπερ
1698 1152 1815 1222 ζῷόν
1845 1154 1948 1204 ἐστι

359 1232 553 1298 λογικὸν
586 1234 610 1283 ὁ
649 1232 910 1299 ἅνθρωπος,
940 1241 1021 1286 νοῦ
1056 1237 1133 1285 καὶ
1171 1235 1435 1300 ἐπιστήμης
1474 1235 1697 1298 δεκτικὸν,
1723 1237 1771 1286 ἐν
1797 1238 1946 1304 φυσι-

358 1319 455 1368 κοῖς
499 1314 619 1382 ἔχων
662 1314 722 1365 τὰ
767 1322 960 1367 τοιαῦτα
1005 1317 1432 1382 πλεονεκτήμασιν,
1475 1320 1621 1371 οὕτως
1665 1316 1722 1368 ἂν
1760 1317 1827 1381 εἵη
1873 1318 1949 1367 καὶ

358 1396 605 1456 βασιλεύς·
645 1398 794 1448 ἐκεῖνα
825 1398 908 1461 μὲν
935 1398 1028 1466 γὰρ
1064 1402 1113 1450 ἐν
1137 1403 1204 1469 τῷ
1239 1403 1321 1464 τῆς
1357 1400 1522 1454 οὐσίας
1558 1400 1651 1470 ὅρῳ
1685 1405 1942 1467 παραλαμ-
1970 1417 2019 1456 15

357 1478 565 1541 βάνεται,
593 1477 646 1530 τὸ
687 1479 734 1530 δὲ
774 1480 946 1548 ἔξωθέν
980 1504 1029 1531 τε
1065 1483 1167 1532 ἐστὶ
1202 1485 1277 1532 καὶ
1310 1482 1704 1548 προστεθειμένον
1736 1482 1812 1532 καὶ
1845 1481 1949 1549 οὐχὶ

359 1565 453 1611 τῶν
479 1562 755 1628 ἀχωρίστως
782 1562 1196 1631 προσπεφυκότων
1223 1565 1451 1632 φαίνεταί
1490 1565 1832 1631 προσγίγνεται
1856 1562 1949 1630 γὰρ

359 1647 434 1692 καὶ
474 1643 792 1708 ἀπογίγνεται,
829 1645 973 1708 μηδὲν
1013 1644 1067 1696 τὸ
1106 1645 1344 1712 παράπαν,
1383 1647 1500 1697 ὅσον
1538 1647 1647 1711 ἧκεν
1685 1650 1746 1700 εἷς
1787 1644 1950 1700 οὐσίας

359 1722 520 1788 λόγον,
547 1723 600 1775 τὸ
639 1726 936 1789 ὑποκείμενον
968 1729 1169 1779 ἀδικοῦν.
1224 1727 1362 1779 δοτὸν
1395 1729 1476 1779 οῦν
1507 1730 1598 1795 ἄρα
1636 1731 1711 1779 καὶ
1753 1727 1951 1794 θύραθεν

359 1806 698 1872 ἐπεισκρίνεται
733 1806 786 1858 τὸ
823 1811 905 1871 τῆς
941 1810 1194 1869 βασιλείας
1229 1810 1416 1878 ἀξίωμα
1452 1815 1518 1879 τῷ
1554 1811 1787 1880 ἀνθρώπῳ
1820 1808 1950 1875 παρὰ
1970 1828 2021 1855 20

136 1894 296 1975 3541&-
322 1892 504 1938 ἱῑΘεοῦ·
559 1895 586 1917 “
605 1889 679 1939 Δι’
729 1890 841 1952 ἐμοῦ
892 1889 1000 1956 γὰρ,
1047 1894 1183 1959 φησὶ,
1226 1897 1447 1952 βασιλεῖς
1492 1892 1822 1953 βασιλεύουσι,
1874 1893 1950 1943 καὶ

136 1955 271 2028 νὶιὶῐίῗνῆ5,
364 1977 391 1999 “
416 1969 633 2036 τύραννοι
672 1972 727 2022 δι’
765 1973 878 2035 ἐμοῦ
917 1979 1146 2038 κρατοῦσι
1184 1975 1317 2039 γῆς.”
1371 1976 1396 2025 ὁ
1434 1975 1590 2026 τοίνυν
1628 1980 1723 2025 τῶν
1759 1973 1951 2026 πάντων

143 2030 193 2062 16.
362 2052 637 2112 βασιλεύων
662 2053 778 2116 μετὰ
811 2054 1016 2120 Πατρὸς,
1043 2053 1247 2121 καθάπερ
1282 2055 1340 2120 ἧν
1371 2079 1419 2107 τε
1456 2059 1531 2107 καὶ
1567 2057 1670 2108 ε”στι
1706 2058 1780 2108 καὶ
1817 2056 1951 2107 ἔσται

363 2134 507 2202 φύσει
540 2133 675 2197 Θεὸς,
703 2135 884 2203 δέχεται
924 2141 1019 2187 τῶν
1053 2139 1101 2187 ἐν
1132 2136 1299 2207 κόσμῳ
1337 2137 1391 2189 τὸ
1431 2137 1614 2205 κράτος,
1645 2138 1765 2190 κατά
1803 2160 1858 2203 γε
1896 2136 1950 2189 τὸ

361 2216 544 2281 πρέπον
570 2217 804 2286 ἀνθρώπῳ
830 2216 999 2285 σχῆμά
1025 2241 1074 2269 τε
1102 2221 1176 2269 καὶ
1202 2220 1389 2286 μέτρον.
1969 2230 2019 2270 25

437 2297 533 2347 Διά
572 2297 665 2364 γὰρ
701 2298 838 2349 τοῦτό
878 2303 1031 2367 φησιν
1047 2299 1154 2350 ’Ότι
1193 2299 1345 2352 πάντα
1376 2301 1462 2352 ’ὅσοι
1495 2299 1692 2357 δέδωκάς
1718 2326 1793 2369 μοι
1820 2300 1951 2369 vap&

364 2380 436 2429 σοί
461 2384 559 2429 εἷο-ι,
613 2380 781 2444 κυρίως
818 2379 903 2443 μὲν
929 2379 1022 2446 γάρ
1056 2404 1104 2431 τε
1141 2384 1217 2432 καὶ
1253 2384 1406 2436 ἶδικῶς
1440 2381 1499 2433 τὰ
1532 2382 1689 2434 πάντα
1726 2385 1828 2434 ἐστὶ
1867 2388 1950 2434 τοῦ

365 2463 507 2510 Θεοῦ·
558 2460 672 2510 δοτὰ
711 2461 759 2512 δὲ
798 2463 909 2526 ἡμῖν
947 2467 1044 2516 τοῖς
1083 2465 1137 2514 δι’
1179 2465 1321 2515 αὐτοῦ
1360 2465 1598 2530 γεγονόσι.
1656 2467 1731 2516 καὶ
1771 2465 1825 2516 τὸ
1866 2464 1951 2527 μὲν

361 2540 518 2592 πάντα
561 2546 817 2606 κεκτῆσθαι
859 2546 935 2595 καὶ
980 2543 1229 2613 κατάρχειν
1267 2551 1362 2597 τῶν
1401 2546 1528 2598 ὅλων
1567 2551 1624 2615 τῇ
1667 2548 1765 2616 θείᾳ
1807 2548 1951 2616 φύσει

362 2624 777 2688 πρεπωδέστατον·
827 2626 936 2690 ἡμῖν
975 2627 1024 2678 δὲ
1064 2629 1122 2678 αὖ
1162 2627 1310 2679 πάλιν
1348 2629 1402 2679 τὸ
1443 2634 1610 2689 λαβεῖν
1647 2627 1943 2680 οἰκειότατον.
1969 2650 2020 2686 3ο

320 2706 717 2773 1)ε’πεμαρτύρησε
752 2708 900 2774 γεμὴν
940 2707 993 2760 τὸ
1033 2710 1233 2775 γνήσιον
1270 2714 1331 2764 εἷς
1371 2710 1585 2761 δουλείαν
1623 2713 1698 2761 καὶ
1736 2710 1789 2761 τὸ
1828 2709 1945 2777 πρό-

415 2853 443 2887 7.
470 2845 577 2878 πάντα
598 2844 703 2880 Cord.
864 2860 916 2889 14.
943 2847 1215 2892 πλεονεκτήματα
1237 2850 1277 2884 E.
1437 2859 1489 2895 17.
1515 2851 1759 2896 προσγίγνεται
1779 2850 1820 2884 Ε.
1837 2864 1947 2895 προσ-

364 2891 489 2968 )ιιιίἐττιι
502 2891 575 2970 ὲῧᾶ.
736 2894 952 2938 31—p.685‚
973 2907 999 2928 1.
1027 2895 1432 2941 ἐπεμαρτὺρησε-αὐτόν
1449 2908 1517 2931 om.
1537 2898 1572 2942 (a
1591 2912 1665 2932 -τον
1681 2897 1725 2931 ad
1744 2899 1818 2932 -τόν
1834 2903 1946 2932 trans—

364 2948 373 2969 1
392 2942 480 2978 lens)
519 2937 540 2971 3.
