1971 3272
78 139 188 190 ix.6,
211 150 245 192 7.
324 141 395 181 IN
438 142 479 181 ὃ.
515 142 854 182 JOANNEM.
919 142 1144 182 Llrsssssl.
1207 144 1341 182 CAP.
1377 144 1410 182 Ι.
1584 145 1658 182 155

75 251 289 301 συνιδεῖν.
343 252 405 303 ὡς
443 250 593 300 ἕωλον
623 250 895 319 ἀνατρέψας
934 250 1019 314 τὴν
1054 250 1291 301 Ἰουδαίων
1322 249 1558 311 ὑπόνοιαν,
1586 253 1661 300 καὶ

75 334 272 395 σαθροῖς
312 333 679 399 ἐναφραίνοντας
720 332 972 400 ἀποδείξας
1015 331 1245 398 δόγμασι,
1288 332 1662 396 συμβουλεύσας

75 434 124 463 τε
163 418 258 466 τοῖς
297 415 461 465 ἑαυτοῦ
498 418 728 478 μαθηταῖς
768 413 838 465 ὅτι
876 415 1047 480 πρέποι
1084 419 1276 478 μᾶλλον
1309 413 1476 468 αὐτοὺς
1515 413 1657 480 ε’ργά-

76 493 235 560 ζεσθαι
275 499 432 565 φιλεῖν
467 495 526 546 τὰ
565 500 795 547 δοκοῦντα
829 500 951 565 Θεῷ,
984 498 1059 546 καὶ
1099 498 1358 559 ἀπομαθεῖν
1392 496 1664 560 ἐπείγεσθαι

33 586 55 624 5
75 575 129 627 τὸ
150 577 299 642 ζητεῖν
316 577 438 632 ὅλως
464 577 518 628 τὸ
546 580 842 644 ὑπερτεροῦν,
863 578 1200 642 καταπτοήσας
1226 578 1280 629 δέ
1299 602 1398 632 πως
1426 580 1487 631 ὡς
1513 601 1658 643 παρε-

76 657 218 709 λάσει
262 662 471 725 δρῶντας
515 659 647 711 οὐδὲν
692 662 717 710 ὁ
759 665 853 710 τῶν
895 660 1047 726 ε”ργων
1088 659 1265 726 καιρὸς,
1310 664 1347 711 εἰ
1391 659 1456 724 μὴ
1496 665 1661 711 πᾶσαν
1678 682 1700 706 a
1739 671 1887 706 601Α.

75 746 283 792 ποιοῖντο
313 742 530 806 σπουδὴν
557 746 619 796 εἰς
653 741 706 792 τὸ
744 741 900 792 θέλειν
927 743 1198 805 εὐδοκιμεῖν,
1229 745 1290 796 ὡς
1326 741 1446 793 εἰσὶν
1472 744 1520 793 ἐν
1546 745 1662 811 τῷδε

76 826 142 891 τῷ
185 822 352 893 κόσμῳ
395 823 513 887 μετὰ
555 822 748 891 σαρκὸς,
794 823 959 875 ἑαυτὸν
1001 828 1062 878 εἰς
1108 824 1260 875 εἰκόνα
1305 824 1540 886 λαμβάνει
1581 830 1664 875 τοῦ

76 903 371 970 πράγματος.
428 905 527 957 ἰδοὺ
553 905 647 971 γὰρ
675 904 820 971 κάγὼ,
848 908 986 975 φησὶ,
1012 906 1067 957 τὸ
1100 908 1284 975 ἐμαυτῷ
1312 906 1492 972 πρέπον
1518 905 1661 972 ἐργά-

10 1004 58 1029 10
78 987 224 1053 ζομαι,
253 990 327 1038 καὶ
353 988 540 1054 ἐπείπερ
573 991 780 1055 ἀφῖγμαι
812 989 1040 1056 φωτίσων
1065 987 1125 1039 τὰ
1150 990 1198 1038 ἐν
1225 991 1374 1057 ἐνδείᾳ
1400 987 1573 1056 φωτὸς,
1601 992 1672 1038 δεῖ

77 1091 135 1132 με
169 1071 243 1120 καὶ
278 1075 374 1123 τοῖς
410 1075 494 1121 τοῦ
529 1070 754 1133 σώματος
790 1071 1076 1138 ὀφθαλμοῖς,
1103 1074 1140 1121 εὶ
1177 1069 1336 1138 φωτὸς
1371 1076 1555 1121 νοσοῖεν
1580 1069 1668 1134 τὴν

79 1150 313 1215 ἀπευκτὴν
357 1152 564 1218 ἐρημίαν,
608 1152 841 1219 ἐνοικίζειν
885 1151 940 1203 τὸ
987 1157 1104 1222 φῶς,
1151 1152 1264 1203 ὅταν
1308 1152 1525 1216 μάλιστα
1575 1157 1668 1203 τῶν

77 1233 385 1285 πεπονθότων
414 1235 662 1299 προσίωσί
696 1257 828 1288 τινες.

151 1316 501 1384 Ἐκληψόμεθα
539 1322 791 1382 τοιγαροῦν
825 1316 1200 1382 ἱστορικώτερον,
1228 1318 1303 1367 καὶ
1342 1318 1404 1370 ὡς
1443 1318 1491 1366 ἐν
1528 1318 1669 1384 ἁπλῷ

11 1411 58 1450 15
80 1395 213 1466 λόγῳ
238 1397 293 1448 τὸ
325 1398 580 1465 εἰρημένον·
628 1398 699 1448 ὅτι
734 1397 827 1464 γάρ
864 1400 967 1449 ἐστι
1004 1401 1079 1449 καὶ
1116 1403 1219 1466 φῶς
1255 1398 1423 1462 νοητὸν
1449 1399 1473 1448 ὁ
1503 1402 1664 1449 Μονο·
1687 1407 1713 1448 b

80 1478 217 1545 γενὴς
252 1479 590 1548 καταφωτίζειν
622 1479 753 1534 εἰδὼς
787 1482 864 1531 καὶ
901 1479 1169 1545 δυνάμενος,
1196 1482 1250 1532 οὐ
1285 1479 1345 1532 τὰ
1378 1482 1426 1531 ἐν
1451 1483 1569 1550 τῷδε
1603 1484 1670 1550 τῷ

81 1560 247 1631 κόσμῳ
285 1562 444 1625 μόνον,
488 1561 620 1613 ἀλλὰ
663 1565 738 1613 καὶ
783 1561 869 1627 τὴν
910 1563 1070 1627 ἄλλην
1111 1562 1307 1614 ἅπασαν
1350 1561 1672 1629 ὑπερκόσμιον

81 1645 252 1706 κτίσιν,
279 1645 362 1695 οὐκ
396 1644 693 1714 ἀμφίβολον·
735 1644 855 1711 πρὸς
891 1645 940 1696 δὲ
975 1644 1061 1709 τὴν
1092 1649 1187 1696 τῶν
1220 1646 1269 1696 ἐν
1299 1647 1437 1712 χερσὶ
1473 1645 1672 1710 θεωρίαν

81 1726 167 1790 τὴν
200 1728 250 1777 ἐκ
288 1731 383 1777 τῶν
418 1727 728 1790 λαλουμένων
768 1727 976 1778 διάνοιαν
1015 1726 1402 1794 συναρμόζοντες,
1435 1728 1519 1779 οὐκ
1557 1727 1668 1778 ἀπί-

14 1828 64 1854 20
83 1811 226 1860 θανον
252 1807 382 1873 οἶμαί
402 1832 446 1860 τι
473 1811 675 1876 δρῶντες
701 1808 1009 1873 ἁλωσόμεθα.

84 1986 230 2028 Ταῦτα
257 1985 391 2029 εἰπὼν
418 1988 573 2029 ἕπτυσε
600 1988 741 2043 χαμαὶ,
771 1988 839 2028 καὶ
865 1987 1043 2029 ἑποίΗσε
1070 1988 1209 2030 ΠΗλόν
1235 1988 1283 2029 ἐκ
1312 1991 1383 2029 τοῦ
1412 1989 1671 2038 Πτύσματοε,
1693 1995 1714 2030 6

153 2070 221 2111 καὶ
248 2070 469 2127 ἐπέχρισεν
498 2072 628 2112 αὐτοῦ
654 2071 728 2112 τόν
755 2072 894 2113 ΠΗλὸν
921 2071 992 2111 ἐπὶ
1027 2071 1126 2112 τοὺς
1154 2070 1421 2126 ὀφθαλμοὺς,
1449 2070 1517 2110 καὶ
1552 2065 1670 2110 εἶπεν
1693 2082 1712 2121 7

152 2154 269 2207 αὐτῷ
298 2154 456 2201 ’ΥΠοιΓε
492 2153 610 2204 νίψαι
646 2152 706 2195 εἰς
739 2158 812 2196 τοῦ
840 2154 1022 2203 Σιλωάμ
1050 2154 1125 2195 τὴν
1153 2154 1465 2210 κολυμβήθραν,
1493 2154 1515 2195 ὃ
1542 2154 1673 2209 ἑρμΗ-
1692 2173 1714 2200 0

153 2237 321 2278 νεύεται
361 2237 701 2286 ἀπεσταλμένος.
763 2237 958 2279 ἀπῆλθεν
998 2234 1072 2278 οὖν
1114 2237 1182 2278 καὶ
1221 2237 1414 2288 ἐνίψατο,
1457 2237 1524 2277 καὶ
1569 2233 1673 2277 ἦλθε

20 2321 67 2360 25
155 2319 340 2369 βλέπων.

163 2443 246 2494 Εἰς
290 2439 439 2491 τύπον
483 2442 565 2504 τῆς
608 2444 702 2490 τῶν
748 2442 895 2491 ἐθνῶν
935 2439 1154 2504 κλήσεως
1197 2439 1284 2504 τὴν
1330 2441 1403 2490 ἐπὶ
1446 2442 1564 2508 τῷδε
1609 2442 1676 2508 τῷ

89 2526 260 2590 τυφλῷ
317 2522 567 2588 θεραπείαν
618 2520 1012 2590 παραδεξάμενοι,
1062 2521 1212 2572 πάλιν
1269 2523 1462 2587 ἐροῦμεν
1512 2523 1571 2574 ὡς
1629 2522 1677 2570 ἐν

89 2603 324 2670 βραχέσιν
378 2603 864 2672 ἀνακεφαλαιούμενοι
915 2608 999 2654 τοῦ
1058 2603 1322 2668 μυστηρίου
1377 2601 1459 2652 τὸν
1510 2599 1671 2666 λόγον.

140 2771 172 2795 2.
199 2759 465 2804 συμβουλεύσας
482 2773 517 2793 τε
538 2759 579 2793 Β.
598 2758 932 2803 συμβουλεύσασθαι
952 2758 1070 2793 Holst.
1085 2757 1180 2792 unde
1198 2757 1266 2792 Ed.
1281 2758 1340 2802 qui
1358 2756 1625 2801 συμβουλεύσας
1642 2757 1679 2790 δέ

92 2807 128 2841 in
146 2807 239 2841 notis
257 2807 409 2852 conjicit.
612 2816 643 2851 7.
669 2807 783 2840 ποιίτο
803 2806 845 2839 Β.
863 2807 992 2839 ποιεῖτο
1013 2806 1076 2839 Ht.
1094 2807 1245 2839 ποιοῖντο
1263 2804 1461 2838 emendavit
1478 2810 1518 2838 ut.
1535 2803 1679 2837 adnotat

93 2854 168 2898 ipse
184 2854 278 2888 Aub.
450 2864 503 2888 12.
528 2852 700 2898 ἀφευκτὴν
717 2864 746 2886 c.
909 2853 962 2885 18,
988 2851 1188 2897 ἀμφίβολον
1207 2851 1248 2885 Β.
1267 2850 1507 2895 ἀναμφίβολον
1528 2851 1591 2885 Ht.
1610 2849 1677 2884 Ed.

93 2900 343 2944 τὴν-θεωρίαν
362 2899 404 2933 Β.
423 2900 636 2944 τῇ-θεωρίᾳ
656 2899 721 2933 Ht.
739 2899 777 2942 τῇ
798 2897 928 2932 omittit
945 2898 1040 2932 Aub.
1235 2908 1290 2932 22.
1316 2895 1536 2943 ὀφθαλμοὺς]
1560 2901 1597 2936 -1-
1618 2899 1679 2931 τοῦ

94 2947 230 2991 τυφλοῦ
249 2947 316 2981 Ed.
334 2947 444 2982 invito
465 2947 506 2981 B.
650 2945 706 2981 26.
731 2946 789 2989 τῆς
807 2956 876 2978 om.
896 2945 990 2979 Aub.

846 3012 920 3041 X2
