2022 3272
104 136 170 161 xv.
194 134 230 163 2.
342 122 415 162 IN
459 123 501 162 S.
536 121 879 162 JOANNEM.
942 121 1067 160 Llss.
1105 122 1155 161 X.
1218 122 1350 161 (JAP.
1389 123 1444 161 ΙΙ.
1608 123 1691 161 547

104 230 289 298 φύσιν,
335 233 446 282 ἀλλ’
476 231 578 283 ἔστι
616 233 670 283 τὸ
710 234 831 283 οὕτω
871 236 1061 300 φρονεῖν
1100 235 1195 281 τῶν
1231 235 1292 285 εἷς
1332 232 1474 296 ἀκρον
1507 234 1684 280 δυσσε-

103 312 234 373 βείας
269 313 477 377 ἡκόντων
504 319 677 364 κακῶν·
719 313 1013 377 πεποιήμεθα
1040 312 1132 379 γὰρ
1158 314 1301 376 ἡμεῖς,
1334 313 1455 365 Θεὸς
1491 311 1536 362 δὲ
1572 311 1690 362 κατὰ

104 394 254 462 φύσιν
279 398 410 446 ἐστὶν
436 397 461 446 ὁ
488 395 618 451 Υἱός.
675 394 774 446 εἶτα
800 400 901 449 πῶς
927 396 1062 446 ε”σται
1088 401 1257 456 τοῦτο,
1300 399 1401 447 πῶς
1436 394 1482 445 δὲ
1518 393 1691 457 ἀληθὲς

103 477 172 526 ἐπ’
202 478 327 545 αὐτῷ
363 478 418 528 τὸ
454 476 724 544 λεγόμενον,
751 478 878 543 εἴπερ
915 480 1034 528 εἰσὶν
1070 478 1257 545 ὁμοφυῆ
1296 481 1354 544 τῇ
1394 475 1594 545 ἀμπέλῳ
1635 476 1693 526 τὰ

62 571 84 608 5
104 557 352 622 κλήματα;
397 558 577 625 ἀνάγκη
606 560 713 626 γὰρ,
740 559 768 624 ἢ
806 562 882 610 καὶ
917 560 1037 623 ἡμᾶς
1073 557 1240 612 αὐτοὺς
1276 562 1338 612 εἷς
1363 558 1448 622 τὴν
1475 561 1556 621 τῆς
1583 557 1689 608 θεό-

103 663 241 704 τητος
292 644 374 704 τῆς
426 644 633 706 ἀληθοῦς
691 641 1055 708 ἀνακομίζεσθαι
1107 640 1270 709 φύσιν,
1322 640 1469 706 ἤγουν
1519 640 1694 702 ἐκείνην

104 722 508 789 καταβιβάζεσθαι
560 724 678 791 πρὸς
724 726 858 788 ἡμᾶς·
915 725 1102 792 ὁμοφυῆ
1149 722 1242 789 γὰρ
1287 727 1344 790 τῇ
1394 722 1591 791 ἀμπέλῳ
1635 721 1733 772 τάο

105 803 343 868 κλήματα.
400 809 475 857 καὶ
500 806 685 873 ἐπείπερ
722 807 933 874 φαίνεται
971 806 1128 870 λέγων
1153 807 1177 856 ὁ
1204 805 1318 859 Υἱός
1345 803 1522 870 6ίΈγὼ
1558 805 1633 854 καὶ
1669 806 1693 854 ὁ
1757 807 1864 887 ³⁸13?

106 893 133 915 ‘⁶
161 886 329 953 Πατὴρ
369 888 417 938 ἕν
448 889 634 951 ε’σμεν,”
664 891 739 939 καὶ
779 889 906 952 ἡμεῖς
942 889 1066 957 αὐτῷ
1105 886 1539 951 συναναβησόμεθα
1577 885 1695 952 πρὸς

41 986 87 1010 10
107 968 360 1034 ὁμοιότητα
403 969 488 1034 τὴν
531 969 650 1021 κατὰ
690 975 786 1021 πᾶν
827 971 983 1020 ὁτιοῦν
1023 970 1141 1035 πρὸς
1184 970 1266 1020 τὸν
1302 970 1508 1035 Πατέρα,
1546 967 1574 1032 ἦ
1619 971 1695 1019 καὶ

106 1049 245 1104 αὐτὸς
283 1052 307 1101 ὁ
341 1052 510 1119 Πατὴρ
547 1055 609 1106 εἷς
644 1052 873 1118 ἡμετέραν
900 1053 1127 1115 ὁμοίωσιν
1154 1051 1696 1116 συγκαθελκυσθήσεται

106 1136 173 1202 τῷ
208 1137 323 1202 Υἱῲ,
349 1138 415 1204 τῷ
453 1135 572 1201 πρὸς
612 1135 731 1198 ἡμᾶς
772 1136 985 1203 ὁμοφυεῖ.
1041 1135 1177 1198 ὁρᾶτε
1217 1133 1274 1195 δὴ
1314 1134 1395 1183 οὖν
1435 1132 1549 1186 ὅσος
1587 1133 1697 1196 ἡμῖν

107 1217 315 1267 ἐντεῦθεν
342 1219 626 1284 δυσφημιῶν
657 1215 908 1267 ἀνατέλλει
948 1216 1166 1282 θόρυβος·
1210 1215 1285 1266 διὰ
1321 1215 1377 1279 δὴ
1414 1221 1572 1276 τοῦτο,
1601 1219 1698 1267 τοῖς

108 1296 164 1365 ἐξ
201 1299 423 1363 ἀληθείας
463 1304 654 1363 μᾶλλον
696 1298 912 1367 ἑψόμεθα
956 1303 1224 1364 λογισμοῖς,
1269 1299 1317 1347 ἐν
1359 1299 1698 1362 ὑποδείγματος

43 1395 89 1433 15
110 1380 269 1449 τρόπῳ
312 1382 612 1435 πιστεύοντες
650 1380 733 1432 τὸν
764 1379 883 1431 Υὶὸν
923 1384 1066 1431 εἰπεῖν
1099 1380 1231 1445 Ἐγώ
1269 1383 1358 1443 εἶμι
1400 1380 1426 1442 ἡ
1466 1378 1694 1442 ἄμπελος,

111 1462 238 1525 ὑμεῖς
263 1462 323 1513 τὰ
349 1464 585 1528 κλήματα,
613 1465 637 1514 ὁ
666 1463 834 1530 Πατήρ
861 1485 951 1527 μου
977 1463 1001 1512 ὁ
1028 1460 1237 1528 γεωργός
1264 1463 1410 1513 ἐστιν.
1717 1451 1744 1492 d

111 1628 201 1669 Πᾶν
241 1631 380 1677 κλιῖμα
418 1631 462 1671 ἐν
496 1630 592 1678 ἐμοὶ
629 1629 683 1679 μὴ
724 1631 857 1687 φέρον
893 1629 1070 1686 καρπὸν,
1106 1626 1219 1685 αἴρει
1258 1628 1373 1669 αὐτό·
1426 1627 1493 1667 καὶ
1532 1629 1615 1667 Πᾶν
1650 1626 1740 1669 τοὶ)

196 1713 361 1768 καρπὸν
400 1714 548 1770 φέρον,
586 1712 780 1770 καθαίρει
818 1713 921 1754 αὐτὸ
958 1714 1027 1754 ἵνα
1068 1712 1231 1769 καρπὸν
1270 1710 1448 1752 metm-cx
1488 1711 1616 1766 φέρῌ.

186 1825 378 1890 ιΕκτικὴ
418 1828 503 1891 μέν
542 1829 674 1878 ἐστιν
709 1827 841 1890 ἡμῶν
875 1827 903 1890 ἡ
943 1824 1179 1890 κόλλησις
1218 1825 1337 1890 πρὸς
1372 1823 1587 1890 Χριστὸν
1626 1825 1702 1873 καὶ

44 1931 94 1957 20
114 1908 442 1974 προαιρετικὴν
476 1909 654 1976 ἔχουσα
689 1911 772 1972 τῆς
806 1908 1067 1977 συναφείας
1100 1907 1186 1971 τὴν
1219 1908 1426 1969 δύναμιν,
1455 1910 1703 1956 τελειοῦσα

115 1989 163 2040 δὲ
191 1989 354 2058 ἀγάπῃ
380 1992 455 2041 καὶ
480 1992 655 2042 πίστει.
700 1994 776 2041 καὶ
802 1991 829 2054 ἡ
861 1989 946 2053 μὲν
973 1989 1134 2042 πίστις
1159 1993 1258 2041 ταῖς
1285 1988 1523 2053 ἡμετέραις
1550 1991 1698 2038 εἰσοι-

115 2070 282 2136 κίζεται
325 2076 521 2140 ψυχαῖς,
565 2074 800 2140 ἀκραιφνῆ
842 2074 926 2134 τῆς
971 2071 1261 2136 θεογνωσίας
1300 2070 1578 2137 παρέχουσα
1618 2068 1703 2132 τὴν

116 2153 342 2218 δήλωσιν·
402 2157 426 2205 ὁ
468 2155 514 2206 δὲ
554 2158 636 2218 τῆς
675 2153 861 2219 ἀγάπης
899 2152 1086 2219 τρόπος,
1120 2156 1201 2216 τῆς
1239 2155 1350 2220 παρ’
1383 2154 1524 2203 αὐτοῦ
1563 2154 1743 2217 (Scopa-e

115 2236 312 2301 σθείσης
348 2238 457 2300 ἡμῖν
487 2239 682 2299 ἐντολῆς
720 2239 909 2287 ἀπαιτεῖ
941 2235 1026 2298 τὴν
1058 2236 1273 2301 τήρησιν·
1318 2237 1438 2286 οὕτω
1479 2233 1572 2300 γάρ
1612 2256 1703 2284 που

48 2335 95 2374 25
118 2319 193 2367 καὶ
219 2316 358 2372 αὐτὸς
383 2318 466 2370 τὸν
492 2321 752 2383 ἀγαπῶντα
776 2316 953 2371 δεικνὺς
979 2317 1188 2385 ἔφασκεν
1213 2319 1276 2368 Ὁ
1304 2320 1503 2383 ἀγαπῶν
1528 2339 1585 2380 με
1621 2314 1704 2368 τὰς
1766 2321 1929 2403 ξξγ-Βξξη

117 2399 313 2453 ἐντολάς
351 2423 442 2463 μου
480 2401 689 2465 τηρήσει.
742 2399 899 2450 ἰστέον
932 2400 1013 2450 οὖν
1050 2399 1120 2450 ὅτι
1154 2400 1481 2463 συνενούμενοι
1510 2396 1596 2461 μὲν
1629 2396 1705 2447 διὰ
1826 2388 1833 2395 ⁰
1889 2387 1895 2395 ’

118 2480 323 2534 πίστεως
359 2483 499 2549 αὐτῷ,
527 2484 602 2531 καὶ
639 2483 687 2532 ἐν
713 2485 881 2549 ψιλαῖς
919 2483 994 2531 καὶ
1027 2480 1190 2544 μόναις
1226 2481 1500 2546 ὁμολογίαις
1534 2477 1588 2530 τὸ
1622 2481 1703 2541 τῆς

119 2561 399 2626 κολλήσεως
439 2561 555 2616 εἶδος
595 2563 950 2626 ἐπιτηδεύοντες,
979 2563 1032 2612 οὐ
1067 2563 1160 2626 μὴν
1191 2564 1267 2613 καὶ
1302 2567 1396 2615 τοῖς
1431 2561 1488 2629 ἐξ
1518 2558 1704 2625 ἀγάπης

119 2643 516 2710 ἀνδραγαθήμασι
556 2643 637 2694 τὸν
675 2647 756 2707 τῆς
795 2644 1054 2711 συναφείας
1097 2644 1275 2707 δεσμὸν
1313 2644 1701 2710 ἐπισφίγγοντες,

168 2797 203 2827 4.
228 2787 274 2831 τῷ
293 2784 466 2830 λεγομένῳ
487 2784 527 2818 Ε.
629 2796 662 2828 9.
690 2784 780 2829 αὐτῷ
800 2783 882 2817 E.F.
903 2783 983 2817 αὐτὸ
1003 2783 1069 2817 Ed.
1088 2797 1144 2828 γρ.
1163 2784 1256 2817 αὐτοὶ
1276 2783 1341 2817 Ed.
1362 2795 1433 2827 mg.
1543 2794 1595 2817 12.
1621 2782 1705 2819 ὅσος

123 2831 164 2865 Ε.
184 2830 268 2865 ὅσον
286 2831 353 2865 Ed.
592 2841 645 2874 17.
671 2831 709 2864 τὸ
728 2832 856 2874 καρπὸν
873 2829 998 2875 φέρον]
1019 2832 1240 2875 καρποφόρον
1259 2831 1298 2864 Ε.
1318 2830 1362 2864 cf.
1381 2829 1470 2864 infra
1489 2829 1590 2863 868b
1609 2836 1642 2863 et
1660 2830 1703 2863 cf.

121 2879 365 2923 καρποφοροῦν
382 2877 472 2911 infra
489 2877 556 2922 869
575 2889 604 2911 e.
715 2888 767 2921 19.
794 2877 889 2911 ἐστιν
906 2882 938 2909 et
956 2877 1008 2909 καὶ
1027 2884 1207 2922 assumpta
1225 2889 1267 2911 ex
1287 2877 1327 2910 E.
1435 2887 1489 2910 20.
1517 2877 1705 2921 συναφείας

123 2924 164 2958 Ε.
185 2924 372 2969 σαφηνείας
391 2923 456 2958 Ed.
555 2923 608 2958 26.
637 2922 707 2968 διὰ]
733 2928 769 2964 4-
790 2925 892 2967 μόνης
908 2925 966 2966 τῆς
985 2923 1077 2957 Catt.
1174 2933 1229 2968 27.
1256 2924 1309 2957 καὶ
1327 2921 1404 2967 alt.]
1429 2928 1465 2964 -{—
1488 2923 1521 2957 ἐν
1540 2923 1583 2957 Ε.

853 2991 880 3028 4
902 2991 927 3016 A
951 2990 974 3020 2
