2037 3266
110 577 199 607 Acta
215 574 270 605 SS.

112 622 178 660 Ap.
195 620 213 649 i.
228 628 258 658 4.

112 764 163 795 Ib.

112 1086 188 1116 Joel
207 1085 237 1115 ii.

111 1322 218 1362 Supra

113 1376 178 1396 xv1.
198 1376 204 1395 ι
218 1374 244 1401 2,

116 1418 163 1448 13.

112 1496 163 1526 ΙΙ).
184 1495 250 1526 xiV.

117 1540 165 1570 16.

117 1588 203 1622 987
218 1586 269 1620 Α.

334 140 415 179 718
735 139 785 180 B.
819 140 1087 181 CYRILLI
1131 141 1509 182 ALEXANDR.
1645 139 1916 193 xvii.18,19.

334 251 395 299 εἷς
425 247 640 311 ἀσυνήθη
678 248 781 299 τινὰ
820 251 896 300 καὶ
936 249 1021 312 τὴν
1057 249 1426 315 ὑπεράνθρωπον
1461 248 1657 313 ἐντολὴν
1693 250 1747 299 δι’
1779 249 1919 298 αὑτοῦ

334 329 682 392 δυναμούμενοι,
703 334 778 381 καὶ
806 335 867 384 εὶς
893 337 1074 398 γνῶσιν
1092 334 1327 399 ἀκραιφνῆ
1355 335 1436 396 τῆς
1464 332 1779 383 θεοπνεύστου
1805 352 1919 395 γρα-

335 414 428 476 φῆς
467 414 543 462 καὶ
581 416 675 462 τῶν
715 416 848 478 ἱερῶν
886 416 968 477 τῆς
994 414 1286 475 Ἐκκλησιάς
1319 415 1583 479 δογμάτων,
1610 412 1685 464 διὰ
1721 415 1803 476 τῆς
1837 418 1920 462 τοῦ

337 493 613 556 Πνεύματος
651 495 900 562 δᾳδουχίας
935 496 1152 560 ἀνιδρωτὶ
1192 495 1550 560 ποδηγούμενοι.
1623 497 1699 546 καὶ
1738 499 1854 560 γοῦν
1895 494 1920 543 ὁ

338 574 504 640 Σωτὴρ
542 575 904 642 συναλιζόμενος
945 600 993 626 τε
1033 577 1204 639 αὐτοῖς,
1234 576 1351 640 μετὰ
1389 577 1474 640 τὴν
1507 579 1554 628 ἐκ
1595 580 1768 642 νεκρῶν
1800 577 1912 626 ἀνα-

335 657 521 719 βίωσιν,
549 657 671 708 καθὰ
698 658 975 724 γέγραπται,
1004 661 1078 708 καὶ
1104 663 1199 711 τοῖς
1233 658 1323 708 ἀνὰ
1350 663 1514 710 πᾶσαν
1541 657 1627 722 τὴν
1653 657 1921 720 οἰκουμένην

335 738 422 802 τὴν
463 738 539 789 διὰ
574 739 781 793 πίστεως
820 740 958 807 χάριν
999 741 1199 808 κηρῦξαι
1237 741 1518 809 προστάξας
1557 748 1584 770 “
1600 740 1922 807 παρήγγειλεν

336 827 364 849 “
390 820 483 871 ἀπὸ
508 821 859 886 Ἱεροσολύμων
886 821 950 885 μὴ
977 822 1275 889 χωρίζεσθαι,
1301 822 1559 888 περιμένειν
1584 822 1632 873 δὲ
1658 823 1744 886 τὴν
1768 824 1917 887 ἐπαγ-

337 910 363 932 “
388 903 552 967 γελιάν
590 908 672 953 τοῦ
699 903 902 970 Πατρὸς,
929 902 1025 967 ἢν”
1067 905 1209 955 αὐτοῦ
1249 927 1298 955 τε
1334 904 1557 971 λε’γοντος
1595 904 1806 968 ἥκουσαν
1845 905 1921 954 καὶ

296 1007 319 1035 e
337 982 412 1034 διὰ
439 987 599 1052 φωνῆς
624 989 718 1035 τῶν
744 986 891 1051 ἁγίων
918 990 1194 1053 προφητῶν.
1250 986 1385 1037 ἔσται
1416 985 1509 1052 γὰρ
1535 987 1583 1037 ἐν
1608 991 1708 1040 ταῖς
1733 986 1921 1050 ἡμέραις

337 1068 526 1120 ἐκείναις
561 1067 690 1132 λέγει
720 1067 908 1134 Κύριος,
946 1075 973 1097 “
993 1070 1136 1135 ἐκχεῶ
1171 1068 1265 1119 ἀπὸ
1299 1074 1382 1119 τοῦ
1419 1067 1683 1130 πνεύματός
1717 1091 1809 1131 μου
1847 1069 1921 1118 ἐπὶ

337 1156 363 1178 “
389 1153 553 1199 πᾶσαν
591 1148 797 1215 σάρκα.”
851 1153 928 1201 καὶ
968 1150 1108 1204 αὐτὸς
1147 1149 1195 1201 δὲ
1234 1155 1406 1219 σαφῶς
1445 1152 1470 1201 ὁ
1511 1150 1678 1216 Σωτὴρ
1715 1149 1801 1214 τὴν
1839 1156 1923 1201 τοῦ

339 1234 387 1281 Π
391 1230 613 1293 νεύματος
651 1230 890 1299 πρόχυσιν
908 1232 1036 1301 ἥξειν
1056 1234 1123 1284 ἐπ’
1139 1232 1305 1286 αὐτοὺς
1321 1231 1747 1299 κατεπηγγέλλετο,
1767 1232 1923 1297 λέγων

335 1312 492 1364 “²'En
529 1314 694 1365 πολλὰ
729 1316 835 1379 ὑμῖν
865 1316 956 1383 ἔχω
995 1316 1163 1382 λε’γειν,
1191 1315 1302 1366 ἀλλ’
1330 1317 1385 1366 οὐ
1423 1317 1628 1367 δύνασθε
1667 1315 1922 1381 βαστάζειν

336 1402 364 1425 “
391 1395 509 1462 ἄρτι,
538 1396 650 1447 ὅταν
679 1396 726 1447 δὲ
759 1396 877 1465 ἐ’λθῃ
909 1399 1090 1460 ἐκεῖνος,
1116 1396 1171 1449 τὸ
1202 1403 1386 1461 πνεῦμα
1424 1401 1506 1462 τῆς
1545 1398 1779 1462 ἀληθείας,
1807 1399 1916 1460 ὁδη-

338 1484 365 1506 “
390 1477 530 1543 γήσει
565 1480 683 1541 ὑμᾶς
722 1484 784 1533 εἷς
820 1479 905 1543 τὴν
933 1480 1158 1544 ἀλήθειαν
1196 1482 1401 1543 πᾶσαν,”
1431 1482 1504 1531 καὶ
1536 1479 1683 1530 πάλιν
1718 1486 1746 1508 “
1773 1479 1922 1543 Κάγὼ

297 1595 319 1619 a
338 1566 365 1588 ‘⁶
392 1560 616 1625 ἐρωτήσω
679 1561 761 1611 τὸν
816 1562 1022 1627 Πατέρα,
1075 1564 1151 1612 καὶ
1216 1561 1371 1612 ἄλλον
1419 1560 1728 1627 παράκλητον
1781 1560 1923 1611 δώσει

335 1649 362 1671 “
390 1641 543 1703 ὑμῖν.”
597 1642 714 1693 ἰ’διον
740 1642 833 1708 γὰρ
863 1649 945 1693 τοῦ
974 1646 1100 1694 Θεοῦ
1133 1645 1207 1693 καὶ
1236 1643 1427 1709 Πατρὸς
1462 1642 1516 1693 τὸ
1545 1643 1740 1706 Πνεῦμά
1774 1644 1921 1704 ἐστιν,

336 1725 450 1773 ἀλλ’
490 1723 622 1774 οὐδὲν
661 1724 803 1788 ἧττον
842 1723 957 1775 ἴδιόν
995 1726 1099 1775 ἐστι
1138 1727 1213 1775 καὶ
1255 1725 1397 1775 αὑτοῦ
1437 1730 1520 1775 τοῦ
1559 1728 1690 1787 Υὶοῦ,
1735 1725 1822 1792 οὐχ
1863 1726 1924 1778 ὡς

338 1805 494 1871 ἕτερον
532 1807 608 1856 καὶ
647 1805 817 1871 ἕτερον,
844 1804 873 1869 ἦ
907 1811 1142 1871 μεριστῶς
1181 1808 1228 1857 ἐν
1254 1806 1456 1875 ἑκατέρῳ
1497 1805 1746 1869 νοούμενόν
1772 1830 1821 1857 τε
1849 1809 1924 1857 καὶ

337 1886 614 1954 ἐνυπάρχον,
642 1889 752 1937 ἀλλ’
775 1888 963 1954 ἐπείπερ
989 1890 1038 1939 ἐκ
1062 1887 1254 1954 Πατρὸς
1280 1891 1354 1938 καὶ
1382 1890 1430 1938 ἐν
1452 1891 1606 1954 Πατρὶ
1632 1888 1750 1938 κατὰ
1776 1887 1925 1956 φύσιν

338 1970 469 2019 ἐστὶν
496 1971 520 2020 ὁ
548 1968 676 2031 Υἱὸς,
704 1969 881 2035 καρπὸς
921 1970 1145 2038 ὑπάρχων
1173 1969 1396 2034 ἀληθινὸς
1435 1972 1517 2033 τῆς
1557 1970 1720 2023 οὐσίας
1759 1971 1920 2031 αὐτοῦ,

339 2051 393 2100 τὸ
419 2056 503 2102 τοῦ
531 2050 722 2117 Πατρὸς
750 2051 865 2102 ’ἴδιον
894 2056 1091 2115 Πνεῦμα
1119 2052 1237 2103 κατὰ
1264 2053 1413 2121 φύσιν
1440 2050 1678 2117 ἐπάγεται,
1707 2051 1925 2119 χεόμενον

337 2132 422 2195 μὲν
460 2135 510 2184 ἐκ
538 2132 744 2199 Πατρὸς,
784 2134 838 2184 δι’
866 2135 1008 2184 αὑτοῦ
1049 2133 1097 2184 δὲ
1135 2140 1218 2185 τοῦ
1245 2138 1363 2185 Υἱοῦ
1400 2137 1459 2201 τῇ
1498 2135 1648 2184 κτίσει
1685 2134 1919 2201 χορηγού-

336 2239 491 2279 μενον,
518 2216 572 2266 οὑ
602 2215 722 2266 κατά
747 2238 852 2266 τινα
878 2215 1055 2281 τρόπον
1082 2216 1355 2278 διακονικὸν,
1382 2216 1529 2282 ἤγουν
1563 2215 1645 2266 τὸν
1670 2217 1717 2266 ἐν
1744 2217 1919 2281 ὑπουρ-

336 2298 419 2365 γία
452 2296 717 2360 νοούμενον,
742 2299 853 2347 ἀλλ’
884 2297 1048 2363 ὥσπερ
1073 2296 1192 2365 ε”φην
1219 2299 1401 2362 ἀρτίως,
1430 2298 1487 2366 ἐξ
1513 2299 1655 2360 αὐτῆς
1689 2297 1773 2360 μὲν
1799 2320 1917 2361 προ-

294 2391 321 2431 b
338 2380 513 2430 κύπτον
538 2381 620 2442 τῆς
659 2379 821 2431 οὐσίας
859 2385 943 2429 τοῦ
971 2383 1096 2429 Θεοῦ
1137 2382 1212 2430 καὶ
1241 2378 1448 2444 Πατρὸς,
1481 2378 1702 2446 χεόμενον
1742 2378 1791 2430 δὲ
1830 2383 1924 2432 τοῖς

337 2462 459 2511 ἑλεῖν
483 2461 631 2529 ἀξίοις
670 2459 745 2510 διὰ
774 2459 935 2526 Λόγου
973 2467 1056 2511 τοῦ
1092 2462 1347 2524 ὁμοουσιόυ
1380 2463 1455 2511 καὶ
1494 2461 1550 2529 ἐξ
1587 2462 1728 2511 αὐτοῦ
1765 2465 1920 2529 πεφη-

337 2540 483 2603 νότος,
509 2543 606 2593 κατ’
636 2542 868 2609 ε”κφανσιν
895 2541 1115 2606 δηλονότι
1141 2542 1226 2607 τὴν
1257 2547 1319 2596 εἷς
1355 2542 1409 2593 τὸ
1446 2541 1559 2594 εἶναι
1592 2541 1703 2593 καθ’
1735 2543 1919 2604 ἑαυτὸν,

1940 592 1961 629 5

1943 1011 1991 1035 10

1945 1827 1995 1851 20

1944 2245 1992 2282 25

339 2626 414 2674 καὶ
441 2625 488 2674 ἐν
514 2625 640 2693 αὐτῷ
671 2624 890 2688 με’νοντός
917 2647 965 2674 τε
994 2627 1069 2675 καὶ
1101 2624 1234 2678 ὄντος
1260 2625 1342 2687 ἀεὶ,
1368 2629 1619 2691 προσεχῶς
1647 2646 1695 2674 τε
1723 2623 1821 2687 ἅμα
1845 2626 1920 2674 καὶ
1941 2651 1992 2686 30

391 2756 513 2789 10—1).
536 2757 614 2791 719,
637 2758 689 2788 14.
708 2746 790 2780 citat
808 2759 843 2791 p.
1122 2758 1174 2781 10.
1202 2746 1338 2791 ἡμέραις
1355 2745 1511 2791 ἐκείναις]
1531 2746 1692 2791 ἐσχάταις
1712 2745 1848 2790 ἡμέραις
1866 2745 1921 2790 (ut

341 2792 429 2826 Acta
449 2792 512 2826 SS.
532 2794 600 2837 Ap.
619 2793 653 2827 ii.
678 2794 732 2838 17)
752 2805 786 2837 p.
1067 2805 1119 2837 13.
1146 2796 1343 2838 πρόσχυσιν
1360 2806 1394 2839 p.
1682 2804 1735 2835 14.
1760 2793 1837 2836 ὑμῖν
1853 2793 1921 2837 ἔχω

340 2838 406 2872 hoc
425 2839 546 2872 ordine
566 2840 604 2873 E.
626 2840 669 2873 cf.
689 2851 794 2883 supra
812 2839 854 2873 ad
872 2840 937 2873 loc.
1011 2839 1173 2874 δύνασθαι
1194 2841 1235 2874 Ε.
1689 2850 1744 2883 29.
1770 2839 1867 2872 ἑαυτὸ
1886 2851 1919 2884 q.

339 2896 395 2929 30.
422 2884 517 2920 ὄντος
535 2885 617 2919 E.F.
637 2898 706 2931 μη.
727 2886 793 2920 Ed.
812 2898 883 2930 mg.
909 2885 1012 2921 ὅντως
1030 2886 1095 2920 Ed.
1115 2892 1147 2920 et
1167 2886 1254 2920 (3οά.
1276 2886 1312 2920 S.
1330 2886 1433 2919 Laur.
1457 2885 1671 2919 Florentiani
1694 2886 1785 2919 Plut.
1803 2886 1859 2919 60.
1879 2897 1891 2918 1
1904 2896 1915 2918 1

340 2930 481 2976 χρήσεις
499 2931 540 2965 (le
560 2932 691 2976 Spiritu
710 2932 840 2967 Sancto
858 2933 1054 2967 continens.
