2037 3266
345 141 430 181 650
748 143 798 184 Β.
832 143 1108 184 CYRILLI
1151 142 1535 185 ALEXANDR.
1674 140 1758 181 xvi.
1779 138 1846 188 26,
1865 145 1931 189 27.

346 247 440 314 γὰρ
465 248 629 317 ὥσπερ
653 251 858 304 ἑκάστου
883 257 978 304 τῶν
1004 253 1154 304 ὄντων
1179 253 1207 316 ἡ
1236 253 1326 303 ἰδία
1355 252 1515 321 φύσις,
1543 250 1624 320 ἀφ’
1652 249 1706 314 ἧς
1736 246 1796 298 ἂν
1820 247 1934 316 ἐξίοι

346 329 465 397 πρὸς
491 331 649 399 ἕτερόν
673 356 718 385 τι
743 340 1063 402 μεταχωροῦν,
1090 336 1166 385 καὶ
1197 333 1313 401 ὅπερ
1347 335 1429 385 οὐκ
1459 332 1516 398 ἦν
1542 331 1804 399 γενόμενον.
1858 329 1935 380 καὶ

347 413 402 463 οὐ
434 412 585 478 δήπου
619 414 788 484 φαμεν,
817 418 878 470 ὡς
915 417 1103 482 ἐπείπερ
1139 415 1387 482 ἅνθρωπος
1422 416 1527 466 καθ’
1557 415 1677 478 ἡμᾶς
1711 410 1850 480 ὤφθη
1883 433 1933 462 ΤΕ

348 496 424 545 καὶ
469 518 662 562 γεγονεν
703 496 849 551 ὅντως
895 499 919 548 ὁ
967 496 1260 563 Μονογενὴς,
1301 497 1473 566 ἐξεστη
1513 502 1596 547 τοῦ
1638 493 1751 546 εἶναι
1792 492 1930 546 Θεός·

124 573 360 649 ξθῦ·Χῇἰ·ί
365 576 534 644 ςἐχθὲς
573 577 666 645 γὰρ
712 581 786 630 καὶ
831 578 1043 646 σήμερον
1084 603 1110 630 ο
1156 579 1295 634 αὐτὸς
1339 581 1414 631 καὶ
1459 583 1520 632 εἷς
1564 600 1671 630 τους
1716 579 1902 629 αἰῶνας·
1907 573 1932 591 ”
1953 588 1976 627 5

346 659 688 726 προσειληφὼς
728 660 777 711 δὲ
814 665 1006 722 μᾶλλον
1038 661 1153 728 ὅπερ
1189 662 1272 712 οὐκ
1309 661 1367 726 ἦν
1406 660 1522 725 μετὰ
1559 665 1642 711 τοῦ
1681 662 1843 709 σῶσαι
1881 679 1936 707 το

128 754 218 790 940
232 753 282 789 Α.
309 740 464 791 οἵδιον
508 742 811 806 ἐκβεβηκέναι
861 766 962 796 πως
1014 747 1184 794 νοεῖται
1237 742 1356 794 κατά
1406 766 1459 808 γε
1504 741 1588 793 τὸν
1631 742 1679 791 ἐν
1724 739 1937 804 θεωρίαις

349 822 651 883 εἶσβαίνοντα
679 821 845 889 λόγον.
900 824 1093 894 ἐκλήψῃ
1121 826 1169 876 δὲ
1199 826 1253 876 τό
1279 824 1481 894 Ἐξῆλθον
1507 822 1637 891 παρα
1662 824 1733 874 τοῦ
1762 821 1937 890 Πατρὶς

350 906 424 953 καὶ
465 905 572 955 καθ’
602 905 774 972 ἕτερον,
801 910 838 957 εἱ
875 906 1054 970 βούλει,
1081 907 1276 972 τρόπον·
1321 906 1469 977 ᾤοντο
1499 905 1585 970 μὲν
1610 904 1704 971 γὰρ
1742 906 1783 954 οἱ
1818 901 1937 969 πρὸς

350 984 497 1048 μόνας
536 989 738 1051 ἀμαθίας
776 989 1106 1040 εὐπετέστατοι
1142 993 1410 1055 Φαρισαῖοι,
1437 987 1648 1054 καθάπερ
1685 987 1774 1051 ἤδη
1811 1007 1932 1051 προ·
1958 1005 2008 1031 10

348 1073 493 1131 εῖπον,
535 1071 641 1120 καθ’
686 1070 766 1120 ἕνα
809 1075 903 1121 τῶν
941 1074 1357 1140 ψευδοπροφητῶν
1398 1074 1460 1124 εἷς
1503 1070 1650 1133 μέσον
1690 1069 1815 1133 ἥκειν
1855 1066 1938 1117 τὸν

352 1149 528 1216 Κύριον
554 1151 684 1218 παρὰ
715 1155 840 1203 Θεοῦ
879 1152 965 1216 μὲν
997 1154 1081 1203 οὐκ
1120 1153 1501 1216 ἀπεσταλμένον,
1526 1150 1620 1202 ἀπὸ
1659 1149 1709 1201 δὲ
1746 1149 1940 1215 γνώμης

347 1235 430 1296 τῆς
457 1234 638 1296 οἰκείας,
665 1233 879 1300 καθάπερ
905 1233 963 1298 ἧν
989 1235 1093 1288 ε”θος
1119 1235 1305 1288 ἐκείνοις
1340 1233 1400 1285 τὰ
1433 1238 1499 1303 τῷ
1534 1232 1662 1302 νόμῳ
1694 1231 1939 1299 μαχόμενα

349 1319 444 1367 τοῖς
486 1317 548 1369 ὡς
590 1316 731 1367 αὐτὸν
773 1320 898 1368 ἰοῦσι
938 1321 1256 1383 προσλαλεῖν.
1323 1316 1400 1368 διὰ
1443 1316 1537 1383 γάρ
1575 1338 1647 1366 τοι
1683 1320 1822 1366 τοῦτο
1863 1316 1938 1365 καὶ

351 1398 557 1447 ἀπειθεῖν
583 1398 881 1461 ἐσκέπτοντο,
909 1398 996 1463 τὴν
1021 1405 1105 1450 τοῦ
1138 1399 1282 1462 νόμου
1312 1398 1514 1465 τήρησιν
1541 1398 1828 1467 φιλαιτάτην
1854 1395 1939 1461 μὲν
1961 1415 2007 1454 15

306 1483 333 1524 b
353 1476 467 1529 εἶναι
506 1479 725 1545 λέγοντες
763 1485 829 1550 τῷ
861 1485 969 1550 Θεῷ
1009 1483 1084 1532 καὶ
1119 1483 1290 1548 Πατρῖ,
1317 1480 1651 1547 παραλύεσθαι
1686 1478 1835 1544 γεμὴν
1864 1476 1940 1528 διὰ

352 1564 447 1610 τῶν
481 1561 623 1612 αὐτοῦ
663 1561 978 1627 διδαγμάτων.
1031 1564 1198 1614 οὐκοῦν
1225 1565 1286 1617 ὡς
1314 1567 1423 1632 Θεῷ
1457 1561 1725 1630 μαχόμενον
1763 1562 1838 1611 καὶ
1877 1561 1939 1613 ὡς

353 1647 449 1695 τοῖς
487 1644 595 1709 παρ’
632 1645 774 1695 αὐτοῦ
814 1644 889 1695 διὰ
931 1646 1178 1699 Μωυσέως
1218 1644 1606 1707 τεθεσπισμένοις
1643 1645 1940 1694 ἀντιστατεῖν

352 1724 583 1791 ᾑρημένον
609 1727 884 1777 ἀπεσείοντο
912 1726 995 1778 τὸν
1023 1727 1253 1793 Χριστὸν,
1281 1727 1538 1794 ἀλλότριον
1565 1724 1677 1776 εἶναι
1712 1728 1787 1776 καὶ
1816 1730 1941 1777 Θεοῦ

354 1804 430 1856 διὰ
455 1812 594 1857 τοῦτο
622 1808 928 1874 λογιζόμενοι.
981 1810 1092 1859 ἀλλ’
1121 1810 1207 1876 οὐχ
1233 1811 1379 1863 οὕτως
1405 1813 1446 1860 οἱ
1471 1808 1689 1874 μακάριοι
1715 1809 1936 1872 μαθηταί.
1961 1833 2010 1858 20

353 1891 651 1957 πεφιλήκασι
690 1889 783 1956 γὰρ
825 1890 968 1942 αὐτὸν
1008 1894 1090 1956 τῆς
1131 1896 1226 1942 τῶν
1264 1891 1504 1942 Ἰουδαίων
1546 1891 1838 1952 δυσβουλίας
1879 1890 1938 1941 τὰ

354 1971 526 2034 ἀμείνω
555 1971 896 2040 φρονήσαντες,
924 1975 999 2024 καὶ
1035 1973 1406 2025 πεπιστεύκασιν
1433 1976 1638 2037 ἀληθῶς,
1665 1972 1736 2023 ὅτι
1762 1971 1939 2042 ἑξῆλθεν

355 2052 449 2103 ἀπὸ
472 2055 594 2115 Θεοῦ,
614 2053 734 2104 κατὰ
759 2054 867 2109 τοῦς
893 2055 1063 2122 ἀρτίως
1090 2057 1199 2120 ἡμῖν
1225 2057 1489 2123 εἰρημένους
1513 2054 1729 2122 τρόπους.
1768 2053 1941 2117 ταύτης

316 2156 338 2182 0
356 2157 426 2185 τοι
457 2138 540 2199 τῆς
572 2137 720 2189 αἰτίας
751 2137 883 2188 ἕνεκα
910 2140 985 2188 καὶ
1011 2140 1300 2207 πεφίληνται
1326 2137 1455 2204 παρὰ
1484 2135 1690 2204 Πατρὸς,
1716 2136 1802 2201 τὴν
1828 2136 1940 2200 ἰ’σην

355 2215 519 2283 ὥσπερ
552 2217 607 2285 ἐξ
640 2219 841 2282 ἀμοιβῆς
867 2219 1108 2286 δεχόμενοι
1136 2219 1289 2288 χάριν.
1343 2225 1380 2270 εἰ
1416 2219 1466 2270 δὲ
1504 2220 1726 2288 φίλτατοι
1764 2211 1850 2282 μέν
1875 2222 1942 2287 τῷ
1962 2238 2010 2277 25

357 2301 466 2366 Θεῷ
492 2300 567 2347 καὶ
596 2302 764 2365 Πατρὶ,
791 2302 867 2350 καὶ
894 2301 1004 2351 λίαν
1031 2302 1152 2365 ἡδεῖς
1179 2305 1219 2352 οἱ
1248 2304 1297 2352 ἐκ
1325 2305 1450 2352 Θεοῦ
1480 2300 1562 2352 τὸν
1588 2300 1707 2352 Υὶὸν
1732 2300 1942 2368 ἐξελθεῖν

355 2380 671 2442 πιστεύοντες,
699 2381 1075 2447 κατεστύγηνται
1112 2382 1333 2447 δηλονότι
1368 2384 1443 2433 καὶ
1478 2386 1711 2446 θεομισεῖς
1750 2384 1942 2444 ἀληθῶς

357 2464 400 2510 οἱ
426 2459 511 2525 τὴν
537 2462 718 2516 τούτοις
748 2464 959 2514 ἐναντίαν
986 2464 1279 2529 νοσήσαντες
1310 2464 1472 2534 δόξαν.
1528 2466 1603 2516 καὶ
1630 2467 1668 2514 εἷ
1694 2467 1790 2516 τοῖς
1815 2464 1940 2528 ἀγα-

357 2548 488 2594 πῶσι
518 2543 601 2595 τὸν
626 2544 744 2596 Υἱὸν
773 2546 1071 2610 ἑτοιμότατος
1105 2548 1216 2598 λίαν
1242 2551 1304 2600 εὶς
1342 2546 1396 2598 τὸ
1428 2548 1694 2598 ὑπακοῦσαι
1727 2542 1863 2607 Θεὸς,
1889 2544 1943 2594 οὐ

358 2625 672 2695 προσδέξεται
705 2627 924 2691 δηλονότι
958 2633 1052 2679 τῶν
1078 2628 1143 2693 μὴ
1170 2628 1394 2680 τοιούτων
1420 2627 1504 2682 τὰς
1535 2625 1821 2694 προσευχάς·
1865 2627 1942 2676 καὶ
1963 2648 2012 2685 30

359 2712 497 2757 τοῦτο
523 2706 579 2771 ἧν
606 2708 697 2774 ἄρα
723 2708 777 2760 τὸ
809 2709 884 2761 διὰ
918 2713 1079 2779 φωνῆς
1102 2710 1312 2761 ‘HG-albu
1347 2709 1466 2776 πρὸς
1503 2708 1669 2762 αὐτοὺς
1703 2706 1943 2775 εἰρημένον

408 2902 440 2925 2.
465 2893 582 2938 ὥσπερ
601 2894 681 2938 (Sic)
700 2907 734 2939 p.
888 2906 921 2939 3.
948 2896 1032 2939 ὑμᾶς
1051 2895 1131 2940 (sle)
1150 2907 1184 2940 p.
1341 2906 1394 2939 13.
1421 2896 1481 2928 τοῦ
1498 2896 1602 2938 νόμου
1620 2894 1662 2928 Ε.
1820 2903 1872 2933 14·
1899 2890 1943 2926 ὡς

360 2937 464 2972 habet
482 2950 516 2983 p.
664 2950 702 2974 1
684 2965 716 2985 Γ
744 2941 950 2976 ἐσκέπτοντο
969 2942 1011 2976 Ε
1030 2942 1246 2977 ἐσκώπτοντο
1264 2953 1297 2987 p.
1317 2941 1527 2986 ἐσκήπτοντο
1545 2940 1610 2975 Ed.
