2016 3246
228 644 254 685 d

68 1968 152 2002 576
167 1967 217 2000 A.
250 1976 270 1999 a

269 122 351 161 118
669 121 719 162 B.
754 121 1027 162 CYRILLI
1069 119 1453 161 ALEXANDR.
1681 118 1855 171 viii.52.

269 229 354 294 τὴν
379 231 692 300 ὀφειλομένην
717 234 776 299 τῇ
803 231 904 298 θείᾳ
931 229 1077 297 φύσει
1102 227 1241 293 τιμήν
1266 251 1316 280 τε
1344 230 1417 279 καὶ
1450 226 1597 296 δόξαν
1623 230 1685 280 εἷς
1717 226 1860 277 αὐτὸν

270 312 434 379 ὥσπερ
460 312 780 379 περιπλάσας.
834 317 974 363 τοῦτο
1005 310 1097 377 γὰρ
1131 315 1228 364 τοῖς
1263 311 1516 374 δαιμονίοις
1543 310 1665 371 ἔθος,
1696 306 1862 374 ὥσπερ

272 395 354 445 οὖν
381 397 455 445 καὶ
484 396 532 446 ἐν
559 395 729 461 ἑτεροις
755 393 1013 460 εἰρήκαμεν.
1056 397 1220 443 νοοῦσι
1247 391 1296 443 δὲ
1322 397 1416 443 τῶν
1443 391 1690 458 ὁρωμένων
1715 391 1865 441 πλέον

273 474 419 540 οὐδὲν,
441 476 545 528 οὐδὲ
571 476 653 527 τὸν
679 478 726 526 ἐν
752 479 810 543 τῇ
838 475 1105 543 ἀνθρωπεία
1136 476 1280 539 σαρκὶ
1308 474 1434 524 Θεὸν
1453 472 1613 539 Λόγον
1640 471 1859 537 ἐπιγινώ-

274 581 489 621 σκουσιν,
529 559 640 608 ἀλλ’
676 557 779 608 οὐδὲ
817 557 977 624 βραχύ
1021 579 1065 607 τι
1111 560 1218 608 τῶν·
1245 560 1532 618 σωματικῶν
1571 554 1654 605 τὸν
1697 557 1905 604 οἶκεῖονὸ

275 640 600 708 ἀνοχλίζοντες
629 645 751 702 νοῦν,
779 638 939 703 μόνοις
965 637 1014 688 δὲ
1047 643 1143 692 τοῖς
1175 638 1391 703 ἐπιγείοις
1424 635 1731 705 ε’μπήξαντες,
1758 636 1864 700 περὶ

275 721 396 785 μόνα
422 722 713 791 στρέφονται
740 720 799 771 τὰ
825 722 980 788 χείρω,
1008 721 1153 789 ἁφαῖς
1180 720 1522 771 ὑποπίπτοντα.
1580 717 1655 769 διὰ
1690 716 1865 780 ταύτην

277 808 320 854 οὶ
368 802 568 858 τάλανες
616 803 1010 870 σκανδαλίζονται
1062 802 1147 866 τὴν
1199 802 1370 864 αἰτίαν,
1425 802 1501 851 καὶ
1552 802 1865 868 ψευδομυθεΐν

277 885 452 936 οἴονται
489 884 576 950 τὴν
611 884 850 950 ἀλήθειαν,
876 885 1095 936 τουτέστι
1134 883 1362 950 Χριστὸν,
1395 881 1527 933 ἀλλὰ
1566 884 1641 932 καὶ
1679 884 1763 944 τῆς
1801 884 1867 949 τῷ

278 971 388 1036 Θεῷ
426 967 702 1034 πρεπούσης
741 968 1107 1033 κατεπαίρεσθαι
1146 966 1287 1035 δόξης
1327 963 1754 1028 ὑπολαμβάνουσιν
1787 963 1867 1013 αὑ-

278 1049 375 1112 τὸν,
427 1051 515 1117 οὐχ
563 1049 690 1104 ὅπως
738 1049 792 1100 τὸ
843 1051 891 1100 ἐν
940 1048 1023 1117 ἰ’σῃ
1075 1047 1206 1117 τάξει
1259 1051 1497 1098 τεθεῖσθαι
1554 1050 1620 1115 τῷ
1676 1043 1868 1097 πάντων

281 1137 527 1200 κρατοῦντι
579 1130 966 1198 καταδεχόμενον,
1006 1131 1117 1181 ἀλλ’
1160 1131 1247 1195 ἤδη
1294 1128 1448 1196 μεῖζόν
1489 1152 1533 1180 τι
1580 1133 1865 1196 φρονοῦντα,

279 1216 355 1265 καὶ
400 1213 632 1265 δύνασθαι
677 1212 996 1280 λογιζόμενον,
1037 1212 1064 1278 ἢ
1111 1214 1186 1263 καὶ
1233 1211 1427 1278 δράσειν
1471 1210 1865 1277 ὑπισχνούμενον,

280 1296 395 1363 ὅπερ
447 1297 529 1347 οὐκ
575 1296 773 1362 ἔδρασεν
820 1297 844 1346 ὁ
894 1295 1017 1349 Θεὸς
1067 1297 1142 1345 καὶ
1189 1293 1376 1360 Πατήρ.
1450 1294 1498 1343 τί
1543 1291 1634 1359 γὰρ
1687 1290 1743 1355 δὴ
1794 1293 1869 1342 καὶ

283 1378 594 1446 ἀσχάλλουσι
629 1377 846 1429 τεθνάναι
882 1377 1100 1442 λέγοντες
1124 1375 1347 1446 εΑβραιιῖιμ.
1374 1379 1446 1427 καὶ
1482 1374 1589 1429 τοὺς
1623 1376 1868 1445 προφήτας,

283 1467 365 1511 τοῦ
400 1460 455 1524 δὴ
491 1460 630 1528 χάριν
653 1459 772 1526 πρὸς
808 1458 1080 1526 ἀνατροπὴν
1106 1463 1201 1509 τῶν
1228 1463 1310 1508 τοῦ
1344 1461 1565 1523 Σωτῆρος
1602 1455 1762 1522 λόγων
1789 1455 1872 1506 τὸν

282 1547 376 1593 τῶν
404 1543 549 1607 ἁγίων
576 1541 890 1608 προΐσχονται
917 1539 1135 1603 θάνατον,
1157 1538 1418 1590 ἀκόλουθον
1446 1541 1660 1590 κατιδεῖν.
1704 1538 1872 1589 οὐκοῦν

283 1621 494 1675 τοιοῦτόν
520 1647 564 1674 τι
589 1622 848 1685 βούλονται
875 1625 1052 1687 δηλοῦν
1081 1623 1156 1673 Οὐ
1188 1620 1513 1689 διεψεύσμεθα
1545 1621 1764 1686 λέγοντες
1801 1618 1872 1670 ὅτι

286 1704 525 1770 δαιμόνιον
550 1705 681 1772 ἔχεις,
708 1706 761 1756 οὐ
787 1704 974 1771 μακρὰν
999 1709 1093 1754 τῶν
1121 1703 1371 1770 εἰρημένων
1398 1704 1425 1767 ἡ
1463 1701 1716 1771 ἀπόδειξις.
1775 1700 1873 1752 ἰδοὺ

289 1788 378 1854 γὰρ
413 1789 488 1838 καὶ
524 1787 665 1838 αὑτὸν
698 1789 1036 1853 ὑπεραλεῖσθαι
1070 1785 1153 1836 τὸν
1180 1785 1305 1836 Θεὸν
1338 1783 1584 1852 ἐπαγγέλῃ
1619 1789 1715 1838 τοῖς
1752 1783 1869 1835 θαύ-

287 1895 421 1935 μασι,
450 1873 525 1922 καῖ
552 1874 812 1937 κατορθοῦν
839 1870 1043 1924 εὐκόλως
1072 1869 1291 1937 ἰσχύσειν
1319 1867 1348 1919 ἃ
1379 1868 1443 1933 μὴ
1472 1867 1690 1933 δέδρακεν
1715 1865 1871 1919 αὑτός.

286 1953 508 2023 Ἄβραᾶμ
546 1953 629 2016 μὲν
672 1952 763 2019 γὰρ
814 1958 890 2003 καὶ
940 1959 973 2003 οἱ
1019 1951 1258 2019 πρσφῆτοιι,
1305 1952 1454 2001 καίτοι
1497 1949 1580 2000 τὸν
1624 1954 1707 1999 τοῦ
1750 1951 1876 1999 Θεοῦ

289 2036 580 2102 τηρήσαντες
607 2034 769 2100 λόγον,
791 2039 885 2088 τοῖς
913 2036 996 2097 τῆς
1023 2034 1213 2101 φύσεως
1242 2031 1398 2096 νόμοις
1425 2033 1506 2083 οὐκ
1532 2031 1876 2096 ἀντειρήκασιν,

289 2119 399 2168 ἀλλ’
427 2116 687 2182 ἐκλίθησάν
713 2140 762 2168 τε
800 2119 874 2167 καὶ
911 2115 1219 2167 πεπτώκασιν
1247 2119 1308 2168 εἷς
1335 2114 1418 2165 τὸν
1444 2112 1600 2164 κοινὸν
1627 2112 1683 2176 δὴ
1709 2117 1878 2163 τοῦτον

288 2205 371 2250 τοῦ
422 2199 645 2262 σώματος
695 2197 915 2249 θάνατον·
997 2195 1094 2247 εἶτα
1139 2195 1204 2246 σὺ
1251 2194 1344 2265 φῂς
1393 2195 1629 2260 ἄγευστον
1679 2194 1876 2244 ε”σεσθαι

289 2287 371 2331 τοῦ
411 2279 593 2331 θανάτου
627 2284 874 2333 παντελῶς
914 2278 997 2329 τὸν
1035 2283 1129 2328 τῶν
1161 2277 1292 2343 παρὰ
1332 2283 1423 2327 σοῦ
1462 2277 1657 2346 φύλακα
1695 2275 1873 2341 λόγων·

289 2366 389 2415 πῶς
428 2362 509 2412 οὖν
544 2362 627 2412 οὐκ
665 2361 838 2424 ἀμείνω
877 2362 1001 2428 φησὶ
1040 2363 1135 2410 τῶν
1167 2358 1339 2409 ἐκείνου
1375 2357 1433 2408 τὰ
1466 2357 1564 2418 σάς
1609 2358 1633 2408 ὁ
1671 2357 1719 2408 δὲ
1754 2357 1879 2408 Θεὸν

339 2518 371 2542 2.
389 2507 607 2551 περιπλάσας
624 2504 788 2540 emendat
805 2505 935 2551 Heyse.
953 2505 1163 2549 περιπλάνας
1178 2504 1220 2539 Β.
1238 2506 1449 2548 περιπλανᾷς
1468 2503 1589 2537 Holst.
1605 2502 1671 2537 Ed.
1748 2512 1801 2548 15.
1820 2502 1879 2536 λέ-

290 2569 407 2600 γοντες
424 2553 623 2587 emendavit
641 2565 658 2586 e
678 2552 754 2586 Cat.
774 2558 813 2586 ut
831 2552 902 2586 vid.
921 2552 1015 2586 Aub.
1033 2551 1198 2597 λέγουσιν
1217 2551 1259 2585 Β.
1280 2551 1343 2585 Ht.
1434 2551 1485 2584 καὶ
1508 2551 1586 2585 τοὺς
1608 2548 1805 2595 προφήτας]
1826 2549 1881 2584 καὶ

290 2602 368 2637 τοὺς
384 2599 532 2644 πατέρας
550 2599 602 2634 καὶ
619 2600 697 2634 τοὺς
713 2598 894 2643 προφήτας
913 2598 994 2637 Ed„
1013 2598 1072 2632 sed
1091 2605 1130 2632 ut
1148 2597 1288 2632 videtur
1310 2609 1372 2642 per
1393 2609 1545 2630 errorem
1566 2597 1706 2631 Codicis
1733 2609 1794 2641 per
1819 2596 1880 2630 ad-

291 2648 460 2682 ditionem
479 2646 607 2681 menda
625 2658 689 2680 sua
706 2646 924 2690 corrigent-is.
944 2646 996 2678 καὶ
1015 2645 1092 2681 τοὺς
1109 2644 1257 2689 πατέρας
1275 2644 1404 2678 desunt
1417 2644 1457 2685 jn
1475 2655 1505 2677 a.
1716 2643 1770 2676 16.
1795 2643 1882 2687 πρὸς

291 2695 482 2738 ἀνατροπὴν
502 2694 577 2727 B.a.
596 2692 891 2737 προσανατρέπειν
910 2691 975 2725 Ht.
997 2691 1064 2727 Ed.
1115 2691 1241 2726 Statim
1259 2692 1487 2735 τῶν-λόγων
1505 2690 1582 2724 B.a.
1604 2690 1681 2724 Cat.
1703 2689 1804 2724 Harl.
1822 2690 1882 2723 τὸν

293 2743 446 2785 -λόγον
466 2740 528 2774 Ht.
542 2739 610 2774 Ed.
788 2740 841 2773 18.
868 2738 1032 2778 βούλεται
1050 2750 1081 2773 a.
1261 2749 1313 2783 19.
1341 2736 1447 2782 ἔχεις]
1472 2741 1509 2777 -ff-
1530 2735 1707 2771 τουτέστιν
1724 2735 1776 2769 ὅτι
1795 2736 1883 2770 Θεὸν

293 2789 437 2821 σεαυτὸν
454 2788 572 2827 ποιεῖς,
590 2786 649 2828 τὴν
675 2785 901 2829 ὀφειλομένην
926 2787 973 2831 τῷ
1000 2787 1074 2831 Θεῷ
1100 2786 1197 2828 τιμὴν
1220 2784 1267 2820 εἷς
1292 2785 1410 2819 ἑαυτὸν
1432 2782 1621 2827 μετατιθείς
1638 2794 1656 2815 e
1681 2782 1757 2816 Cat.
1781 2781 1880 2815 Harl.

292 2833 388 2866 Aub.
407 2838 440 2866 et
457 2834 503 2866 ita
521 2845 551 2866 a.
601 2833 719 2866 Verba
736 2839 853 2866 autem
870 2832 956 2866 haec
974 2843 990 2865 e
1008 2843 1114 2875 supra
1132 2831 1331 2876 importavit
1350 2830 1508 2864 Niketas.
1608 2840 1662 2863 20.
1682 2826 1881 2873 ἐπαγγέλλῃ

295 2879 430 2922 Migne.
540 2889 595 2921 24.
622 2878 816 2922 ἐκλήθησαν
836 2878 876 2911 Β.
897 2878 1083 2921 ἐκλίθησιιν
1101 2877 1299 2911 emendavit
1319 2877 1382 2911 Ht.
1494 2885 1548 2920 27.
1575 2874 1639 2921 σὰ]
1665 2879 1700 2915 -Ι-
1723 2872 1882 2910 δεικνύεις

293 2937 311 2960 e
330 2924 408 2960 Cat.
429 2925 527 2959 Harl.
548 2931 586 2958 ut
604 2925 750 2960 adnotat
769 2926 843 2969 ipse
861 2925 956 2959 Aub.
1023 2925 1109 2959 Θεὸν
1127 2924 1163 2958 δὲ
1181 2925 1322 2959 inverso
1340 2923 1462 2958 ordine
1480 2935 1509 2956 a.

1890 982 1938 1007 10
