2022 3272
98 149 180 191 xiv.
207 163 268 190 10.
486 151 555 190 IN
598 151 640 191 S.
674 150 1011 190 JOANNE’M.
1076 151 1197 190 112113.
1235 152 1310 191 lx.
1602 153 1685 191 4:27

99 260 176 308 καὶ
201 257 283 309 τὸν
309 258 426 309 Υὶὸν
452 258 728 323 εὑρήσομεν.
782 264 883 313 πῶς
918 260 1012 325 γὰρ
1048 261 1130 310 οὐκ
1168 259 1360 324 ἀγαθὸς,
1390 260 1414 308 ό
1445 259 1685 321 τοσαύτην

1245 350 1254 369 ι
1755 340 1860 369 ιΤἰιιι.
1879 339 1897 369 i.

100 340 156 389 δι’
182 341 304 404 ἡμᾶς
340 342 591 401 ὑπομείνας
624 342 927 404 ταπείνωσιν,
953 345 1028 392 καὶ
1065 341 1218 392 ἐλθὼν
1260 350 1271 369 ⁴
1293 346 1353 395 εἰς
1388 341 1471 391 τὸν
1503 342 1685 402 κόσμον

99 429 127 452 ‘6

1754 392 1799 421 15.

154 422 466 489 ἁμαρτωλοὺς
516 425 721 485 σῶσαι,”
767 426 841 474 καὶ
895 426 988 477 θεὶς
1037 423 1122 487 τὴν
1166 422 1331 491 ψυχὴν
1375 425 1518 473 αὐτοῦ
1571 422 1685 488 ὑπὲρ

99 506 284 568 αὑτῶν;
330 505 524 558 δυνατὸς
562 507 730 568 ὁμοίως
772 507 796 556 ὁ
839 506 1022 572 Πατὴρ,
1062 508 1210 559 οὕτως
1248 508 1339 573 ἔχει
1379 508 1454 556 καὶ
1494 507 1518 554 ὁ
1557 505 1684 559 Υἱός·
1707 527 1728 549 a
1765 516 1906 551 781A.

57 589 148 638 5τί
177 587 270 654 γὰρ
305 587 362 638 ἂν
389 588 455 651 εἴη
491 586 544 638 τὸ
581 588 901 653 δυνατώτερον
929 594 1012 639 τοῦ
1051 591 1126 639 καὶ
1166 590 1320 641 αὐτοῖς
1359 587 1688 640 ἐπιτάττοντος

99 675 196 723 τοῖς
221 671 485 736 στοιχείοις,
514 671 587 720 καὶ
616 668 831 737 θαλάττῃ
857 669 942 734 μὲν
967 672 1273 733 ἐπιτιμῶντος
1300 672 1375 720 καὶ
1401 669 1685 731 πνεύμασιν,

100 753 536 819 ἀναστοιχειοῦντος
564 751 610 801 δὲ
634 751 753 818 πρὸς
780 752 895 817 ὅπερ
927 752 984 803 ἂν
1012 754 1237 813 βούλοιτο
1273 757 1368 803 τῶν
1393 751 1690 818 πραγμάτων

99 833 184 888 τὰς
222 834 406 902 φύσεις,
433 836 508 885 καὶ
544 838 891 900 καθαρισθῆναι
924 835 1010 898 μὲν
1036 835 1366 888 ἐπιτάττοντος
1401 839 1467 903 τῷ
1503 837 1686 902 λεπρῷ,

100 914 154 967 τὸ
191 915 240 966 δὲ
274 916 472 977 βλέπειν
500 916 708 970 διδόντος
740 921 838 971 τοῖς
874 923 1090 985 τυφλοῖς,
1117 920 1165 968 ἐν
1190 916 1387 985 ἐξουσία
1422 920 1684 982 θεοπρεπεῖ.

34 1017 82 1042 10
101 996 192 1063 ζωὴ
238 997 359 1048 κατὰ
401 997 553 1066 φύσιν
591 999 616 1048 ὁ
657 999 844 1065 Πατήρ·
900 999 992 1066 ζωὴ
1035 999 1184 1050 πάλιν
1227 1000 1330 1049 ἐστὶ
1371 1000 1447 1049 καὶ
1487 999 1511 1048 ὁ
1552 997 1686 1060 Υἱὸς,

100 1079 338 1146 ζωοποιῶν
370 1079 478 1133 τοὺς
512 1081 937 1148 κατεφθαρμένους,
965 1085 1041 1132 καὶ
1080 1081 1134 1132 τὸ
1173 1086 1256 1132 τοῦ
1295 1080 1501 1131 θανάτου
1540 1103 1688 1131 κατα-

100 1162 326 1230 στρέφων
352 1161 535 1229 κράτος,
557 1161 634 1212 διά
658 1185 708 1214 τε
733 1169 873 1214 τοῦτο
899 1162 1006 1217 τοὺς
1033 1161 1222 1230 νεκροὺς
1249 1162 1461 1216 ἀνιστάς.
1504 1161 1692 1216 εἰκότως

100 1245 183 1295 οὖν
221 1245 313 1310 ἄρα
352 1246 476 1313 φησὶ
513 1243 633 1310 πρὸς
674 1244 920 1296 Φίλιππον
952 1246 1010 1296 tO
1051 1243 1253 1314 ἑωρακῶς
1294 1244 1372 1311 ἐμὲ
1419 1245 1581 1314 ἑώρακε
1624 1247 1691 1295 τὸν
1711 1250 1737 1291 b

103 1326 300 1395 Πατέρα.
350 1326 460 1395 ἐξὸν
494 1327 588 1393 γάρ
625 1350 719 1389 σοι,
753 1329 920 1396 φησὶν,
954 1329 1004 1378 εὖ
1041 1328 1176 1392 μάλα
1214 1332 1481 1394 περιαθρεῖν
1513 1329 1561 1377 ἐν
1591 1327 1697 1390 ἐμοί

35 1420 82 1459 15
102 1431 152 1460 τε
196 1412 272 1459 καὶ
316 1408 373 1477 ἐξ
413 1410 526 1473 ἐμοῦ
570 1408 652 1460 τὸν
695 1408 1009 1474 γεννήσαντα,
1052 1411 1157 1460 τίνα
1197 1408 1374 1476 τρόπον
1414 1410 1571 1476 ἕτερον
1609 1411 1694 1472 τῆς

103 1491 324 1544 θεοπτίας
384 1495 540 1553 αἰτεῖς,
601 1492 751 1542 καίτοι
808 1495 892 1556 τῆς
951 1492 1172 1555 δοθείσης
1228 1491 1548 1559 ἀρχαιοτέροις
1607 1490 1695 1555 τὴν

102 1573 276 1636 ἀμείνω
313 1571 491 1640 λαχὼν,
517 1575 592 1625 καὶ
628 1572 937 1641 ἀληθεστάτῃ
971 1573 1238 1642 περιτυχὼν
1269 1572 1422 1636 εἰκόνι,
1448 1572 1695 1624 τουτέστιν

103 1655 208 1719 ἐμοί
223 1677 235 1718 ;

173 1793 232 1835 Οὐ
272 1795 483 1836 Πιστεύειε
521 1797 585 1838 ὅτι
621 1796 707 1843 ὲΓὼ
743 1796 787 1837 ὲν
825 1799 887 1850 τῷ
919 1795 1054 1852 Πατρί
1094 1795 1162 1836 καί
1200 1796 1222 1837 ὁ
1260 1794 1410 1851 Πατιὶιρ
1448 1794 1492 1835 ἐν
1531 1792 1625 1841 ἐμοὶ
1717 1816 1763 1839 10

37 1886 87 1912 20
823 1880 962 1931 ἐστιν;

181 1985 312 2051 Ἐγὼ
338 1985 437 2049 μὲν,
465 1988 632 2054 φησὶν,
659 1984 695 2036 ὦ
722 1987 950 2049 Φίλιππε,
976 1985 1062 2050 τὴν
1087 1991 1171 2037 τοῦ
1197 1984 1515 2052 γεννήσαντος
1544 1984 1694 2053 φύσιν
1711 2009 1734 2036 c

107 2070 156 2119 ἐν
181 2069 366 2137 ἐμαυτῷ
393 2068 729 2136 καταγράφων,
757 2068 891 2119 εἰκών
916 2072 1006 2131 εἶμι
1032 2071 1115 2132 τῆς
1140 2069 1304 2121 οὐσίας
1340 2069 1496 2129 αὐτοῦ,
1521 2089 1696 2131 μεμορ-

109 2150 327 2217 φωμένος
366 2148 587 2214 δηλονότι
626 2151 726 2201 κατ’
764 2151 951 2212 ἐκεῖνον,
988 2150 1075 2216 οὐχ
1114 2152 1175 2203 ὡς
1214 2148 1271 2200 ἂν
1307 2148 1449 2200 οἴοιτό
1489 2172 1559 2202 τις
1597 2154 1697 2202 ταῖς

109 2231 284 2300 ἔξωθεν
311 2231 485 2301 δόξαις,
512 2233 620 2282 ἀλλ’
650 2231 754 2283 οὐδὲ
790 2231 940 2301 ξένοις
966 2230 994 2296 ἢ
1021 2234 1238 2285 ἐπακτοῖς
1265 2231 1698 2297 λελαμπρυσμένος

41 2328 90 2368 25
109 2314 540 2379 πλεονεκτήμασιν·
584 2315 695 2365 ἀλλ’
724 2316 773 2366 ἐν
799 2315 892 2383 ἰδίᾳ
928 2314 1073 2384 φύσει
1110 2318 1274 2382 φορῶν
1309 2314 1368 2365 τὰ
1405 2319 1488 2364 τοῦ
1523 2313 1694 2379 γεννή-

110 2387 287 2450 σαντος
336 2397 443 2458 ἰ’δια,
495 2397 573 2447 καὶ
622 2402 761 2447 τοῦτο
818 2396 1046 2464 ὑπάρχων
1095 2398 1301 2460 ἀληθῶς,
1353 2395 1467 2463 ὅπερ
1521 2394 1580 2446 ἂν
1629 2395 1697 2458 εἰἠ

111 2480 333 2540 κάκεῖνος,
365 2476 485 2529 κατά
523 2500 578 2543 γε
617 2477 701 2528 τὸν
739 2479 788 2528 ἐν
824 2477 1076 2542 ταυτότητι
1114 2477 1279 2544 λόγον,
1306 2482 1364 2545 τῇ
1403 2479 1501 2528 κατ’
1530 2478 1698 2528 οὐσίαν

111 2561 250 2628 φημί.
303 2558 369 2610 σὺ
396 2558 489 2626 γὰρ
516 2559 572 2622 δὴ
599 2558 748 2610 πάλιν
773 2559 893 2626 πρὸς
919 2566 1068 2611 ταῦτα
1101 2562 1230 2626 ἐρεῖς·
1272 2560 1326 2609 οὐ
1361 2559 1455 2625 γὰρ
1493 2559 1699 2622 διετέθης

112 2642 205 2708 ἄρα
239 2639 424 2703 λοιπὸν,
452 2643 514 2694 ὡς
549 2639 637 2706 ἐγῶ
670 2640 754 2702 μὲν
785 2643 822 2692 ὲν
854 2640 914 2709 Tc}
951 2646 1102 2708 πατρὶ,
1131 2648 1148 2693 o‘
1185 2640 1330 2709 πατῆρ
1365 2640 1413 2690 δὲ
1453 2641 1511 2690 αὖ
1548 2639 1697 2690 πάλιν
1715 2650 1743 2690 d

43 2746 93 2782 30
113 2724 227 2775 ἐστὶν
257 2724 294 2775 ἐν
332 2724 441 2790 ἐμοί.
495 2723 643 2774 καίτοι
683 2724 759 2774 καὶ
798 2724 885 2790 οὐχ
924 2722 1104 2786 ἑκόντα,
1136 2724 1299 2789 φησὶν,
1329 2719 1605 2783 ἐκβιάσεταί
1640 2744 1698 2772 σε

113 2804 337 2869 λοιπὸνὴ
372 2809 467 2856 τῶν
497 2805 749 2871 εἰρημένων
780 2804 972 2868 δύναμις
1011 2808 1074 2858 εἰς
1112 2804 1197 2868 τὴν
1223 2806 1297 2855 ἐπὶ
1336 2804 1487 2872 τούτῳ
1526 2806 1694 2854 συναί-

165 2926 195 2949 1.
222 2916 304 2948 κατὰ
322 2926 385 2961 pro
403 2915 456 2949 καὶ
476 2914 515 2949 Ε,
710 2925 740 2958 7.
768 2914 1080 2959 ἀναστοιχειοῦντες
1098 2914 1139 2948 Ε.
1334 2924 1385 2947 12.
1414 2912 1467 2946 διά
1485 2927 1519 2946 τε
1539 2914 1637 2946 τοῦτο
1657 2911 1698 2946 Ε.

115 2962 203 2996 διότε
223 2961 289 2997 Ed.

855 3020 878 3060 3
903 3020 917 3046 1
942 3019 964 3049 2
