2022 3272
139 124 236 164 xvii.
259 136 405 173 20‚21.
451 124 518 164 IN
561 125 603 165 S.
637 124 976 165 JOANNEM.
1040 125 1164 166 LIB.
1200 126 1277 166 XI.
1340 126 1577 166 (JAl’.xl.
1639 123 1720 165 733

138 236 476 301 ἀλογώτατον;
527 234 621 286 ἀπὸ
660 234 753 301 γὰρ
792 240 886 286 τῶν
919 235 1159 286 ἱσοτύπων
1193 235 1251 286 τὰ
1278 236 1530 303 ἀρχέτυπα,
1558 237 1632 285 καὶ
1672 236 1721 284 ἐκ

136 320 219 381 τῆς
258 316 376 368 κατὰ
413 319 613 381 μίμησιν
651 315 922 382 ὁμοιότητος
967 317 1052 381 τὴν
1091 318 1314 381 ἀλήθειαν
1353 316 1716 385 σχηματίζουσι·

135 403 359 462 τιμῶντες
384 398 470 463 μὲν
497 404 591 453 τοῖς
626 399 851 464 δευτέροις
887 399 946 450 τὰ
979 398 1065 463 τὴν
1090 399 1284 465 πρώτην
1310 401 1537 466 ἐπέχοντα
1563 399 1717 464 τάξιν,

134 479 221 543 τὴν
258 480 306 530 δέ
347 485 441 532 τῶν
478 480 680 548 πρώτων
719 481 966 549 ὑπόληψιν
1004 485 1100 535 τοῖς
1140 479 1260 545 μετὰ
1303 487 1450 532 ταῦτα
1495 481 1720 546 δευτέροις
1740 490 1765 530 b

92 576 115 614 5
135 562 398 627 ἐπάγοντες.

208 645 350 694 Ἀλλ’
391 645 466 695 ἵνα
509 644 574 709 μὴ
620 646 730 695 λίαν
774 649 870 699 τοῖς
913 647 1018 711 περὶ
1063 644 1241 696 τούτων
1284 647 1722 713 ἐμφιλοχωροῦντες

136 724 299 791 λόγοις
337 726 429 796 ε”ξω
466 750 558 778 που
595 732 691 778 τῶν
727 728 1043 793 προκειμένων
1079 727 1192 778 ἱέναι
1231 729 1453 789 δοκῶμεν,
1486 727 1628 776 ἐκεῖνο
1664 725 1721 789 δὴ

135 808 286 859 πάλιν
312 810 575 875 ἀναγκαίως
601 811 805 876 ἐροῦμεν,
832 812 893 863 ὡς
924 814 986 863 εἰς
1021 809 1174 860 εἰκόνα
1201 811 1276 860 καὶ
1302 808 1450 860 τύπον
1475 811 1557 872 τῆς
1584 810 1716 859 ἀδια-

135 889 363 942 σπάστου
398 891 561 960 φιλίας
594 914 643 942 τε
679 895 755 942 καὶ
790 892 1010 956 ὁμονοίας
1044 894 1120 942 καὶ
1155 892 1383 955 ἑνότητός,
1410 894 1491 955 τῆς
1527 892 1575 941 ἐν
1602 892 1719 955 ὁμο-

70 998 116 1023 10
134 973 290 1042 ψυχίᾳ
316 974 578 1037 νοουμένης,
604 971 690 1038 τὴν
717 974 922 1038 οὐσιώδη
947 973 1246 1040 παραλαβὼν
1272 972 1468 1037 ἑνότητα
1494 972 1722 1039 Χριστὸς,

134 1054 193 1118 ἣν
218 1054 311 1122 ἔχει
343 1055 428 1119 μὲν
463 1057 487 1106 ὁ
523 1055 693 1123 Πατὴρ
728 1054 846 1122 πρὸς
880 1054 1036 1119 αὑτὸν,
1063 1054 1201 1109 αὐτὸς
1241 1054 1290 1105 δὲ
1330 1055 1388 1106 αὖ
1425 1054 1574 1106 πάλιν
1605 1053 1722 1122 πρὸς

135 1137 218 1188 τὸν
246 1138 452 1204 Πατέρα·
492 1142 928 1204 συνανακιρνᾶσθαι
962 1136 1139 1204 τρόπον
1169 1136 1273 1189 τινὰ
1306 1138 1381 1188 καὶ
1408 1138 1528 1202 ἡμᾶς
1561 1136 1720 1202 ἀλλή-

137 1226 239 1274 λοις
265 1220 503 1283 βούλεται,
530 1222 578 1272 ἐν
606 1219 794 1284 δυνάμει
821 1222 968 1283 δῆλον
995 1219 1064 1270 ὅτι
1091 1223 1175 1284 τῆς
1201 1219 1338 1285 ἁγίας
1364 1242 1413 1270 τε
1439 1221 1514 1271 καὶ
1547 1220 1717 1284 ὁμοου-

137 1303 246 1353 σίου
285 1306 328 1353 Τ
329 1302 502 1369 ριάδος,
542 1304 603 1356 ὡς
643 1301 692 1353 ἓν
731 1306 939 1353 νοεῖσθαι
978 1301 1032 1353 τὸ
1070 1302 1269 1366 σύμπαν
1309 1305 1392 1366 τῆς
1429 1301 1760 1366 Ἐκκλησίαςο

71 1401 116 1439 15
137 1389 293 1448 σῶμα,
327 1384 403 1436 διὰ
441 1383 646 1435 συνόδου
683 1386 759 1435 καὶ
797 1386 1066 1450 συνδρομῆς
1104 1388 1199 1434 τῶν
1229 1383 1311 1435 δύο
1350 1388 1481 1434 λαῶν
1520 1387 1583 1437 εἷς
1620 1382 1722 1438 ἑνὸς

136 1468 314 1518 τελείου
349 1467 594 1518 σύστασιν
619 1468 876 1527 ἀναβαῖνον
901 1468 950 1516 ἐν
975 1469 1189 1535 Χριστῷ.
1242 1468 1304 1520 ὡς
1339 1465 1430 1534 γὰρ
1470 1467 1495 1517 ὁ
1524 1467 1722 1520 Παῦλός

138 1553 290 1616 φησιν
329 1556 356 1578 “
378 1548 533 1603 Αὐτὸς
583 1548 677 1614 γάρ
720 1549 851 1599 ἐστιν
889 1548 917 1611 ἡ
961 1548 1118 1614 εἰρήνη
1163 1548 1306 1611 ἡμῶν,
1347 1549 1371 1598 ὁ
1415 1547 1620 1612 ποιήσας
1663 1549 1723 1600 τὰ

137 1639 165 1662 “
191 1631 437 1699 ἀμφότερα
474 1631 522 1682 ἓν
555 1632 630 1682 καὶ
664 1628 718 1681 τό
753 1629 1036 1698 μεσότοιχον
1062 1636 1145 1682 τοῦ
1182 1634 1407 1699 φραγμοῦ
1442 1629 1610 1693 λύσας,
1637 1630 1723 1696 τὴν

138 1720 166 1743 “
191 1714 377 1781 ἔχθραν,
416 1714 464 1764 ἐν
506 1714 564 1781 τῇ
608 1716 752 1779 σαρκὶ
797 1713 952 1775 αὐτοῦ,
992 1711 1075 1764 τὸν
1115 1711 1259 1776 νόμον
1296 1717 1392 1764 τῶν
1432 1714 1637 1764 ἐντολῶν
1676 1716 1725 1764 ἐν

70 1821 119 1846 20
140 1802 166 1826 ‘⁶
194 1795 402 1861 δόγμασι
427 1794 749 1861 καταργήσας,
774 1795 849 1845 ἵνα
876 1792 982 1847 τοῦς
1009 1794 1092 1845 δύο
1118 1795 1259 1862 κτίσῃ
1295 1795 1343 1844 ἐν
1367 1794 1514 1863 ἑαυτῷ
1550 1798 1611 1848 εἷς
1645 1794 1725 1846 ἕνα

140 1885 167 1907 “
193 1876 352 1928 καινὸν
388 1877 650 1942 ἄνθρωπον,
677 1881 824 1927 ποιῶν
856 1875 1055 1942 εἰρήνην,
1085 1878 1159 1927 καὶ
1199 1876 1578 1945 ἀποκαταλλάξῃ
1615 1876 1724 1930 τοὺς

139 1966 166 1988 66

139 2048 165 2070 ί(
208 2043 217 2056 ’
376 2042 387 2058 Ι
528 2039 540 2055 x
610 2040 631 2058 'l
812 2042 822 2055 '
918 2040 928 2055 ⁵
979 2041 1046 2069 Α),
1090 2038 1106 2057 ‘x
1179 2039 1189 2055 x
1283 2042 1296 2057 x
1410 2037 1422 2056 Ι
1672 2045 1691 2054 ⁶

191 2063 465 2093 αποκτεινας
491 2063 575 2105 την
602 2044 775 2107 εχθραν
800 2063 849 2090 εν
875 2063 1001 2109 αυτῳ
1088 2063 1112 2090 ο
1140 2042 1196 2103 δη
1223 2063 1297 2090 και
1322 2046 1610 2103 τετελεσται,
1629 2063 1723 2091 των

137 2121 500 2176 πιστευσάντων
538 2126 599 2176 εἷς
645 2121 863 2188 Χριστὸν
907 2120 1326 2190 ὁμοψυχησάντων
1369 2121 1605 2186 ἀλλήλοις
1647 2124 1724 2173 καὶ

70 2229 117 2267 25
139 2207 332 2270 καρδίαν
357 2203 698 2265 ἀναλαβόντων
725 2206 860 2255 οἱονεὶ
884 2204 1008 2267 μίαν,
1031 2203 1105 2254 διὰ
1131 2206 1213 2266 τῆς
1240 2207 1302 2256 εἰς
1329 2201 1454 2254 ἅπαν
1481 2203 1724 2271 ἐμφερείας

138 2290 221 2351 τῆς
259 2287 358 2338 κατ’
400 2287 653 2349 εὐσέβειαν,
693 2288 767 2337 καὶ
809 2289 891 2350 τῆς
932 2288 980 2337 ἐν
1017 2289 1084 2355 τῷ
1125 2285 1363 2337 πιστεύειν
1402 2287 1607 2350 ὑπακοῆς
1650 2289 1726 2337 καὶ

139 2369 396 2438 φιλαρέτου
420 2368 737 2437 φρονήματος.

215 2453 310 2501 Καὶ
348 2453 480 2501 ταυτὶ
517 2449 601 2514 μὲν
640 2450 787 2516 ἔγωγε
825 2456 1012 2502 σκοποῦ
1049 2454 1134 2500 τοῦ
1173 2450 1435 2515 πρέποντος
1476 2450 1559 2500 οὐκ
1605 2448 1718 2511 ἄπο,

139 2531 335 2586 δεόντως
363 2531 411 2583 δὲ
436 2537 626 2596 μᾶλλον
653 2538 734 2583 νῦν
754 2535 968 2598 εἰρῆσθαι
995 2530 1179 2597 νομίζω.
1221 2529 1376 2594 ἐπειδὴ
1405 2530 1452 2581 δὲ
1478 2536 1573 2581 τῶν
1597 2554 1719 2596 προ-

68 2643 119 2679 30
139 2614 358 2678 κειμένων
382 2615 411 2678 ἡ
438 2613 628 2677 δύναμις
655 2613 916 2680 ἐκβιάζεταί
937 2636 1037 2667 πως
1064 2614 1184 2677 ἡμᾶς
1209 2611 1481 2679 βαθυτέρων
1499 2611 1583 2675 μὲν
1609 2613 1723 2664 ε’ίσω

138 2695 358 2762 γενέσθαι
392 2694 718 2762 θεωρημάτων,
745 2695 1010 2762 παραθήγει
1045 2694 1094 2745 δὲ
1129 2694 1347 2759 μάλιστα
1381 2696 1456 2745 καὶ
1493 2696 1518 2745 ὁ
1555 2694 1722 2761 Σωτὴρ
1741 2717 1762 2743 e

192 2829 245 2864 16.
272 2829 510 2869 ἀναβαίνοντος
529 2828 673 2873 (errore)
695 2828 802 2863 Cord.
1086 2837 1141 2871 25.
1168 2828 1227 2872 τὴν
1245 2827 1321 2871 (sed
1340 2827 1447 2862 habet
1464 2827 1661 2872 ἐμφερείας)
1681 2828 1723 2863 Ε.

143 2877 199 2912 28.
226 2876 285 2911 οὐκ
310 2876 388 2916 ἅπο,
408 2876 549 2911 δεόντως
570 2874 662 2909 edidi
687 2887 728 2909 ex
752 2875 807 2912 E..
826 2875 886 2921 qui
912 2875 972 2909 οὐκ
1000 2874 1210 2910 ἅποδέόντως
1233 2874 1384 2910 exhibet.
1404 2900 1413 2917 ‚
1432 2875 1490 2909 οὐκ
1513 2875 1723 2911 ἀποδεόντως

143 2922 208 2958 Ed.
351 2933 408 2966 31.
434 2921 620 2967 παραθήγει
638 2922 722 2958 E.F,
741 2921 807 2958 Ed.
825 2933 898 2968 mg.
914 2920 1106 2967 παραθήσει
1124 2921 1190 2956 Ed.

193 1959 487 2026 ἀμφοτέρους
527 1960 575 2008 ἐν
618 1959 682 2008 ἑνὶ
723 1957 913 2022 σώματι
957 1962 1023 2027 τῷ
1068 1961 1176 2027 Θεῷ
1226 1957 1302 2008 διὰ
1352 1963 1436 2009 τοῦ
1487 1963 1769 2025 σταυροῦ,(1

1784 1543 1868 1584 Eph.
1884 1544 1917 1576 ii.

1787 1587 1902 1627 14—16.
