<?xml version="1.0" encoding="UTF-8"?>
<!DOCTYPE html PUBLIC "-//W3C//DTD XHTML 1.0 Transitional//EN"
    "http://www.w3.org/TR/xhtml1/DTD/xhtml1-transitional.dtd">
<html xmlns="http://www.w3.org/1999/xhtml" xml:lang="en" lang="en">
 <head>
  <title>
</title>
<meta http-equiv="Content-Type" content="text/html;charset=utf-8" />
  <meta name='ocr-system' content='tesseract 3.04.00' />
  <meta name='ocr-capabilities' content='ocr_page ocr_carea ocr_par ocr_line ocrx_word'/>
</head>
<body>
  <div class='ocr_page' id='page_1' title='image "./operacyrilli04cyriuoft/operacyrilli04cyriuoft_0581.png"; bbox 0 0 2022 3272; ppageno 0'>
   <div class='ocr_carea' id='block_1_1' title="bbox 84 129 1668 182">
    <p class='ocr_par' dir='ltr' id='par_1_1' title="bbox 84 129 1668 182">
     <span class='ocr_line' id='line_1_1' title="bbox 84 129 1668 182; baseline 0.001 -17"><span class='ocrx_word' id='word_1_1' title='bbox 84 139 152 167; x_wconf 85' lang='lat' dir='ltr'>xv.</span> <span class='ocrx_word' id='word_1_2' title='bbox 172 142 210 182; x_wconf 89' lang='lat'>9,</span> <span class='ocrx_word' id='word_1_3' title='bbox 234 142 296 169; x_wconf 91' lang='lat'>10.</span> <span class='ocrx_word' id='word_1_4' title='bbox 340 130 413 170; x_wconf 94' lang='lat' dir='ltr'>IN</span> <span class='ocrx_word' id='word_1_5' title='bbox 457 131 500 171; x_wconf 88' lang='lat' dir='ltr'>S.</span> <span class='ocrx_word' id='word_1_6' title='bbox 533 131 875 172; x_wconf 68' lang='grc' dir='ltr'>ιῙΟΛΝΝΕΜ.</span> <span class='ocrx_word' id='word_1_7' title='bbox 940 132 1064 172; x_wconf 83' lang='lat' dir='ltr'><strong>LIB.</strong></span> <span class='ocrx_word' id='word_1_8' title='bbox 1100 132 1151 171; x_wconf 90' lang='lat' dir='ltr'>X.</span> <span class='ocrx_word' id='word_1_9' title='bbox 1214 132 1347 172; x_wconf 72' lang='lat' dir='ltr'>CAP.</span> <span class='ocrx_word' id='word_1_10' title='bbox 1384 131 1442 171; x_wconf 79' lang='lat' dir='ltr'>II.</span> <span class='ocrx_word' id='word_1_11' title='bbox 1585 129 1668 168; x_wconf 80' lang='lat'>569</span> 
     </span>
    </p>
   </div>
   <div class='ocr_carea' id='block_1_2' title="bbox 85 234 1667 389">
    <p class='ocr_par' dir='ltr' id='par_1_2' title="bbox 85 234 1667 389">
     <span class='ocr_line' id='line_1_2' title="bbox 162 234 1667 306; baseline 0.001 -19"><span class='ocrx_word' id='word_1_12' title='bbox 162 240 268 288; x_wconf 92' lang='grc' dir='ltr'>Ποῦ</span> <span class='ocrx_word' id='word_1_13' title='bbox 293 246 554 306; x_wconf 81' lang='grc' dir='ltr'>τοιγαροῦν,</span> <span class='ocrx_word' id='word_1_14' title='bbox 582 239 610 305; x_wconf 76' lang='grc' dir='ltr'>ἢ</span> <span class='ocrx_word' id='word_1_15' title='bbox 636 242 777 292; x_wconf 83' lang='grc' dir='ltr'>ποίαν</span> <span class='ocrx_word' id='word_1_16' title='bbox 802 246 886 292; x_wconf 87' lang='grc' dir='ltr'>τοῦ</span> <span class='ocrx_word' id='word_1_17' title='bbox 908 239 1098 306; x_wconf 82' lang='grc' dir='ltr'>Πατρὸς</span> <span class='ocrx_word' id='word_1_18' title='bbox 1127 240 1375 305; x_wconf 78' lang='grc' dir='ltr'>τετήρηκεν</span> <span class='ocrx_word' id='word_1_19' title='bbox 1401 236 1610 301; x_wconf 80' lang='grc' dir='ltr'>ἐντολὴν,</span> <span class='ocrx_word' id='word_1_20' title='bbox 1639 234 1667 299; x_wconf 76' lang='grc' dir='ltr'>ἦ</span> 
     </span>
     <span class='ocr_line' id='line_1_3' title="bbox 85 319 1663 389; baseline 0.002 -21"><span class='ocrx_word' id='word_1_21' title='bbox 85 319 160 368; x_wconf 75' lang='grc' dir='ltr'>καὶ</span> <span class='ocrx_word' id='word_1_22' title='bbox 199 320 302 370; x_wconf 81' lang='grc' dir='ltr'>τίνα</span> <span class='ocrx_word' id='word_1_23' title='bbox 339 322 515 387; x_wconf 83' lang='grc' dir='ltr'>τρόπον</span> <span class='ocrx_word' id='word_1_24' title='bbox 554 323 832 387; x_wconf 84' lang='grc' dir='ltr'>ήγαπῆσθαι</span> <span class='ocrx_word' id='word_1_25' title='bbox 859 323 1085 389; x_wconf 88' lang='grc' dir='ltr'>λέγεσθαι</span> <span class='ocrx_word' id='word_1_26' title='bbox 1111 323 1218 388; x_wconf 85' lang='grc' dir='ltr'>παρ’</span> <span class='ocrx_word' id='word_1_27' title='bbox 1250 322 1405 383; x_wconf 81' lang='grc' dir='ltr'>αὐτοῦ,</span> <span class='ocrx_word' id='word_1_28' title='bbox 1433 320 1663 386; x_wconf 75' lang='grc' dir='ltr'>ζητητέον.</span> 
     </span>
    </p>
   </div>
   <div class='ocr_carea' id='block_1_3' title="bbox 84 401 1868 503">
    <p class='ocr_par' dir='ltr' id='par_1_3' title="bbox 84 401 1868 503">
     <span class='ocr_line' id='line_1_4' title="bbox 84 401 1667 472; baseline 0.003 -22"><span class='ocrx_word' id='word_1_29' title='bbox 84 401 309 466; x_wconf 75' lang='grc' dir='ltr'>παρέστω</span> <span class='ocrx_word' id='word_1_30' title='bbox 335 409 584 469; x_wconf 79' lang='grc' dir='ltr'>τοιγαροῦν</span> <span class='ocrx_word' id='word_1_31' title='bbox 606 408 799 458; x_wconf 79' lang='grc' dir='ltr'>Παῦλος</span> <span class='ocrx_word' id='word_1_32' title='bbox 827 406 851 455; x_wconf 87' lang='grc' dir='ltr'>ὁ</span> <span class='ocrx_word' id='word_1_33' title='bbox 879 404 1178 472; x_wconf 83' lang='grc' dir='ltr'>σοφώτατος,</span> <span class='ocrx_word' id='word_1_34' title='bbox 1199 405 1273 454; x_wconf 79' lang='grc' dir='ltr'>καὶ</span> <span class='ocrx_word' id='word_1_35' title='bbox 1296 401 1667 467; x_wconf 77' lang='grc' dir='ltr'>μυσταγωγείτω</span> 
     </span>
     <span class='ocr_line' id='line_1_5' title="bbox 1732 473 1868 503; baseline 0.007 -1"><span class='ocrx_word' id='word_1_36' title='bbox 1732 473 1816 503; x_wconf 77' lang='lat' dir='ltr'>Phil.</span> <span class='ocrx_word' id='word_1_37' title='bbox 1835 473 1868 503; x_wconf 83' lang='lat' dir='ltr'>ii.</span> 
     </span>
    </p>
   </div>
   <div class='ocr_carea' id='block_1_4' title="bbox 1735 526 1806 556">
    <p class='ocr_par' dir='ltr' id='par_1_4' title="bbox 1735 526 1806 556">
     <span class='ocr_line' id='line_1_6' title="bbox 1735 526 1806 556; baseline 0.014 -1"><span class='ocrx_word' id='word_1_38' title='bbox 1735 526 1806 556; x_wconf 75' lang='lat'><strong>7-9·</strong></span> 
     </span>
    </p>
   </div>
   <div class='ocr_carea' id='block_1_5' title="bbox 16 482 1720 2763">
    <p class='ocr_par' dir='ltr' id='par_1_5' title="bbox 16 482 1720 2763">
     <span class='ocr_line' id='line_1_7' title="bbox 85 482 1665 554; baseline 0.001 -23"><span class='ocrx_word' id='word_1_39' title='bbox 85 482 241 547; x_wconf 84' lang='grc' dir='ltr'>λέγων</span> <span class='ocrx_word' id='word_1_40' title='bbox 278 486 383 550; x_wconf 84' lang='grc' dir='ltr'>περὶ</span> <span class='ocrx_word' id='word_1_41' title='bbox 422 487 579 548; x_wconf 82' lang='grc' dir='ltr'>αὐτοῦ,</span> <span class='ocrx_word' id='word_1_42' title='bbox 619 489 680 539; x_wconf 83' lang='grc' dir='ltr'>ὡς</span> <span class='ocrx_word' id='word_1_43' title='bbox 718 489 766 537; x_wconf 84' lang='grc' dir='ltr'>ἐν</span> <span class='ocrx_word' id='word_1_44' title='bbox 801 490 964 554; x_wconf 84' lang='grc' dir='ltr'>μορφῇ</span> <span class='ocrx_word' id='word_1_45' title='bbox 1000 485 1085 550; x_wconf 71' lang='grc' dir='ltr'>μὲν</span> <span class='ocrx_word' id='word_1_46' title='bbox 1125 488 1303 552; x_wconf 79' lang='grc' dir='ltr'>ὑπῆρχε</span> <span class='ocrx_word' id='word_1_47' title='bbox 1332 489 1472 545; x_wconf 88' lang='grc' dir='ltr'>Θεοῦ,</span> <span class='ocrx_word' id='word_1_48' title='bbox 1511 484 1665 532; x_wconf 86' lang='grc' dir='ltr'>“οἰλλ’</span> 
     </span>
     <span class='ocr_line' id='line_1_8' title="bbox 42 564 1664 636; baseline 0.001 -24"><span class='ocrx_word' id='word_1_49' title='bbox 42 573 65 611; x_wconf 90' lang='grc'>5</span> <span class='ocrx_word' id='word_1_50' title='bbox 88 571 114 593; x_wconf 85' lang='grc'><strong>“</strong></span> <span class='ocrx_word' id='word_1_51' title='bbox 140 564 303 616; x_wconf 83' lang='grc' dir='ltr'>ἑαυτὸν</span> <span class='ocrx_word' id='word_1_52' title='bbox 341 567 538 618; x_wconf 81' lang='grc' dir='ltr'>ε’κένωσε</span> <span class='ocrx_word' id='word_1_53' title='bbox 576 568 768 636; x_wconf 83' lang='grc' dir='ltr'>μορφὴν</span> <span class='ocrx_word' id='word_1_54' title='bbox 803 569 974 619; x_wconf 80' lang='grc' dir='ltr'>δούλου</span> <span class='ocrx_word' id='word_1_55' title='bbox 1009 567 1188 629; x_wconf 83' lang='grc' dir='ltr'>λαβὼν,</span> <span class='ocrx_word' id='word_1_56' title='bbox 1214 569 1262 617; x_wconf 81' lang='grc' dir='ltr'>ἐν</span> <span class='ocrx_word' id='word_1_57' title='bbox 1297 566 1555 630; x_wconf 81' lang='grc' dir='ltr'>ὁμοιώματι</span> <span class='ocrx_word' id='word_1_58' title='bbox 1582 567 1664 615; x_wconf 85' lang='grc' dir='ltr'>ἀν-</span> 
     </span>
     <span class='ocr_line' id='line_1_9' title="bbox 86 647 1715 718; baseline 0.002 -21"><span class='ocrx_word' id='word_1_59' title='bbox 86 652 115 674; x_wconf 82' lang='grc'><strong>“</strong></span> <span class='ocrx_word' id='word_1_60' title='bbox 140 647 342 713; x_wconf 86' lang='grc' dir='ltr'>θρώπων</span> <span class='ocrx_word' id='word_1_61' title='bbox 387 649 645 713; x_wconf 84' lang='grc' dir='ltr'>γενόμενος,</span> <span class='ocrx_word' id='word_1_62' title='bbox 692 653 767 701; x_wconf 81' lang='grc' dir='ltr'>καὶ</span> <span class='ocrx_word' id='word_1_63' title='bbox 818 651 1030 718; x_wconf 87' lang='grc' dir='ltr'>σχήματι</span> <span class='ocrx_word' id='word_1_64' title='bbox 1081 651 1274 716; x_wconf 75' lang='grc' dir='ltr'>εὑρεθεὶς</span> <span class='ocrx_word' id='word_1_65' title='bbox 1319 651 1381 702; x_wconf 84' lang='grc' dir='ltr'>ὡς</span> <span class='ocrx_word' id='word_1_66' title='bbox 1424 649 1715 713; x_wconf 70' lang='grc' dir='ltr'>ἅνθρωποςῖ)</span> 
     </span>
     <span class='ocr_line' id='line_1_10' title="bbox 87 727 1671 798; baseline 0 -19"><span class='ocrx_word' id='word_1_67' title='bbox 87 733 114 756; x_wconf 84' lang='grc'><strong>“</strong></span> <span class='ocrx_word' id='word_1_68' title='bbox 141 731 472 781; x_wconf 84' lang='grc' dir='ltr'>τεταπείνωκεν</span> <span class='ocrx_word' id='word_1_69' title='bbox 510 732 690 795; x_wconf 80' lang='grc' dir='ltr'>ἑαυτὸν,</span> <span class='ocrx_word' id='word_1_70' title='bbox 736 732 983 797; x_wconf 88' lang='grc' dir='ltr'>γενόμενος</span> <span class='ocrx_word' id='word_1_71' title='bbox 1027 731 1230 796; x_wconf 83' lang='grc' dir='ltr'>ὑπήκοος·</span> <span class='ocrx_word' id='word_1_72' title='bbox 1273 731 1411 798; x_wconf 86' lang='grc' dir='ltr'>μέχρι</span> <span class='ocrx_word' id='word_1_73' title='bbox 1452 727 1671 790; x_wconf 86' lang='grc' dir='ltr'>θανάτου,</span> 
     </span>
     <span class='ocr_line' id='line_1_11' title="bbox 87 810 1671 880; baseline 0.001 -20"><span class='ocrx_word' id='word_1_74' title='bbox 87 815 114 838; x_wconf 85' lang='grc'><strong>“</strong></span> <span class='ocrx_word' id='word_1_75' title='bbox 138 810 341 862; x_wconf 80' lang='grc' dir='ltr'>θανάτου</span> <span class='ocrx_word' id='word_1_76' title='bbox 379 812 427 863; x_wconf 79' lang='grc' dir='ltr'>δὲ</span> <span class='ocrx_word' id='word_1_77' title='bbox 465 819 692 879; x_wconf 86' lang='grc' dir='ltr'>σταυροῦ·</span> <span class='ocrx_word' id='word_1_78' title='bbox 742 813 915 865; x_wconf 75' lang='grc' dir='ltr'>διὸκαὶ</span> <span class='ocrx_word' id='word_1_79' title='bbox 957 815 982 864; x_wconf 88' lang='grc' dir='ltr'><strong>ὁ</strong></span> <span class='ocrx_word' id='word_1_80' title='bbox 1027 811 1147 867; x_wconf 78' lang='grc' dir='ltr'>Θεός</span> <span class='ocrx_word' id='word_1_81' title='bbox 1192 811 1334 863; x_wconf 76' lang='grc' dir='ltr'>αὑτὸν</span> <span class='ocrx_word' id='word_1_82' title='bbox 1382 811 1671 880; x_wconf 78' lang='grc' dir='ltr'>ὑπερύψωσε</span> 
     </span>
     <span class='ocr_line' id='line_1_12' title="bbox 85 892 1671 964; baseline 0.002 -22"><span class='ocrx_word' id='word_1_83' title='bbox 85 897 112 920; x_wconf 84' lang='grc'><strong>“</strong></span> <span class='ocrx_word' id='word_1_84' title='bbox 139 895 214 943; x_wconf 81' lang='grc' dir='ltr'>καὶ</span> <span class='ocrx_word' id='word_1_85' title='bbox 241 894 495 960; x_wconf 83' lang='grc' dir='ltr'>ἐχαρίσατο</span> <span class='ocrx_word' id='word_1_86' title='bbox 521 896 647 964; x_wconf 72' lang='grc' dir='ltr'>αὐτῷ</span> <span class='ocrx_word' id='word_1_87' title='bbox 672 894 820 959; x_wconf 75' lang='grc' dir='ltr'>ὄνομα</span> <span class='ocrx_word' id='word_1_88' title='bbox 854 894 907 946; x_wconf 84' lang='grc' dir='ltr'>τὸ</span> <span class='ocrx_word' id='word_1_89' title='bbox 944 894 1058 961; x_wconf 78' lang='grc' dir='ltr'>ὑπὲρ</span> <span class='ocrx_word' id='word_1_90' title='bbox 1088 899 1183 946; x_wconf 83' lang='grc' dir='ltr'>πᾶν</span> <span class='ocrx_word' id='word_1_91' title='bbox 1213 893 1400 957; x_wconf 85' lang='grc' dir='ltr'>ὅνομα.”</span> <span class='ocrx_word' id='word_1_92' title='bbox 1456 892 1671 957; x_wconf 84' lang='grc' dir='ltr'>ἀκήκοας,</span> 
     </span>
     <span class='ocr_line' id='line_1_13' title="bbox 16 972 1673 1044; baseline 0.002 -21"><span class='ocrx_word' id='word_1_93' title='bbox 16 990 66 1016; x_wconf 92' lang='lat'>10</span> <span class='ocrx_word' id='word_1_94' title='bbox 86 972 213 1028; x_wconf 76' lang='grc' dir='ltr'>ὅπως</span> <span class='ocrx_word' id='word_1_95' title='bbox 238 975 385 1026; x_wconf 86' lang='grc' dir='ltr'>καίτοι</span> <span class='ocrx_word' id='word_1_96' title='bbox 413 975 534 1030; x_wconf 81' lang='grc' dir='ltr'>Θεὸς</span> <span class='ocrx_word' id='word_1_97' title='bbox 561 975 785 1044; x_wconf 77' lang='grc' dir='ltr'>ὑπάρχων</span> <span class='ocrx_word' id='word_1_98' title='bbox 811 975 1045 1041; x_wconf 80' lang='grc' dir='ltr'>ἀληθινὸς,</span> <span class='ocrx_word' id='word_1_99' title='bbox 1075 975 1152 1026; x_wconf 81' lang='grc' dir='ltr'>ἅτε</span> <span class='ocrx_word' id='word_1_100' title='bbox 1189 974 1246 1039; x_wconf 87' lang='grc' dir='ltr'>δὴ</span> <span class='ocrx_word' id='word_1_101' title='bbox 1278 977 1354 1025; x_wconf 75' lang='grc' dir='ltr'>καὶ</span> <span class='ocrx_word' id='word_1_102' title='bbox 1386 974 1673 1043; x_wconf 81' lang='grc' dir='ltr'>σύμμορφος</span> 
     </span>
     <span class='ocr_line' id='line_1_14' title="bbox 85 1055 1673 1124; baseline 0.002 -18"><span class='ocrx_word' id='word_1_103' title='bbox 85 1059 151 1123; x_wconf 75' lang='grc' dir='ltr'>τῷ</span> <span class='ocrx_word' id='word_1_104' title='bbox 189 1055 367 1107; x_wconf 85' lang='grc' dir='ltr'>τεκόντι</span> <span class='ocrx_word' id='word_1_105' title='bbox 408 1060 576 1124; x_wconf 79' lang='grc' dir='ltr'>Πατρῖ,</span> <span class='ocrx_word' id='word_1_106' title='bbox 609 1059 938 1109; x_wconf 85' lang='grc' dir='ltr'>τεταπείνωκεν</span> <span class='ocrx_word' id='word_1_107' title='bbox 977 1057 1141 1108; x_wconf 81' lang='grc' dir='ltr'>ἑαυτὸν</span> <span class='ocrx_word' id='word_1_108' title='bbox 1180 1056 1429 1123; x_wconf 88' lang='grc' dir='ltr'>γενόμενος</span> <span class='ocrx_word' id='word_1_109' title='bbox 1471 1056 1673 1120; x_wconf 86' lang='grc' dir='ltr'>ὑπήκοος</span> 
     </span>
     <span class='ocr_line' id='line_1_15' title="bbox 85 1136 1672 1206; baseline 0.001 -19"><span class='ocrx_word' id='word_1_110' title='bbox 85 1136 221 1204; x_wconf 85' lang='grc' dir='ltr'>μέχρι</span> <span class='ocrx_word' id='word_1_111' title='bbox 249 1136 452 1190; x_wconf 85' lang='grc' dir='ltr'>θανάτου</span> <span class='ocrx_word' id='word_1_112' title='bbox 474 1161 486 1201; x_wconf 83' lang='lat'>3</span> <span class='ocrx_word' id='word_1_113' title='bbox 530 1140 684 1204; x_wconf 83' lang='grc' dir='ltr'>ἐπειδὴ</span> <span class='ocrx_word' id='word_1_114' title='bbox 712 1139 805 1205; x_wconf 77' lang='grc' dir='ltr'>γὰρ</span> <span class='ocrx_word' id='word_1_115' title='bbox 838 1141 1074 1190; x_wconf 82' lang='grc' dir='ltr'>διασῶσαι</span> <span class='ocrx_word' id='word_1_116' title='bbox 1109 1138 1162 1189; x_wconf 76' lang='grc' dir='ltr'>τὸ</span> <span class='ocrx_word' id='word_1_117' title='bbox 1190 1137 1573 1206; x_wconf 83' lang='grc' dir='ltr'>κατεφθαρμένον</span> <span class='ocrx_word' id='word_1_118' title='bbox 1598 1139 1672 1189; x_wconf 83' lang='grc' dir='ltr'>ἐπὶ</span> 
     </span>
     <span class='ocr_line' id='line_1_16' title="bbox 85 1219 1671 1286; baseline -0.001 -14"><span class='ocrx_word' id='word_1_119' title='bbox 85 1221 172 1284; x_wconf 80' lang='grc' dir='ltr'>γῆς</span> <span class='ocrx_word' id='word_1_120' title='bbox 207 1219 339 1284; x_wconf 86' lang='grc' dir='ltr'>γένος</span> <span class='ocrx_word' id='word_1_121' title='bbox 373 1220 693 1282; x_wconf 79' lang='grc' dir='ltr'>ἐβουλεύσατο</span> <span class='ocrx_word' id='word_1_122' title='bbox 720 1222 744 1271; x_wconf 85' lang='grc' dir='ltr'>ὁ</span> <span class='ocrx_word' id='word_1_123' title='bbox 772 1220 893 1274; x_wconf 82' lang='grc' dir='ltr'>Θεὸς</span> <span class='ocrx_word' id='word_1_124' title='bbox 926 1223 1000 1272; x_wconf 74' lang='grc' dir='ltr'>καὶ</span> <span class='ocrx_word' id='word_1_125' title='bbox 1030 1219 1212 1286; x_wconf 78' lang='grc' dir='ltr'>Πατὴρ,</span> <span class='ocrx_word' id='word_1_126' title='bbox 1241 1221 1322 1270; x_wconf 80' lang='grc' dir='ltr'>οὐκ</span> <span class='ocrx_word' id='word_1_127' title='bbox 1357 1219 1414 1284; x_wconf 76' lang='grc' dir='ltr'>ἦν</span> <span class='ocrx_word' id='word_1_128' title='bbox 1447 1219 1494 1270; x_wconf 80' lang='grc' dir='ltr'>δὲ</span> <span class='ocrx_word' id='word_1_129' title='bbox 1532 1226 1671 1270; x_wconf 89' lang='grc' dir='ltr'>τοῦτο</span> 
     </span>
     <span class='ocr_line' id='line_1_17' title="bbox 87 1300 1712 1369; baseline 0.001 -19"><span class='ocrx_word' id='word_1_130' title='bbox 87 1302 305 1352; x_wconf 89' lang='grc' dir='ltr'>διανῦσαι</span> <span class='ocrx_word' id='word_1_131' title='bbox 343 1303 471 1365; x_wconf 84' lang='grc' dir='ltr'>θέμις</span> <span class='ocrx_word' id='word_1_132' title='bbox 509 1308 603 1354; x_wconf 81' lang='grc' dir='ltr'>τῶν</span> <span class='ocrx_word' id='word_1_133' title='bbox 629 1305 677 1354; x_wconf 82' lang='grc' dir='ltr'>ἐν</span> <span class='ocrx_word' id='word_1_134' title='bbox 702 1301 883 1369; x_wconf 84' lang='grc' dir='ltr'>γενέσει</span> <span class='ocrx_word' id='word_1_135' title='bbox 909 1305 1012 1365; x_wconf 78' lang='grc' dir='ltr'>τινῖ,</span> <span class='ocrx_word' id='word_1_136' title='bbox 1037 1307 1202 1353; x_wconf 81' lang='grc' dir='ltr'>πᾶσαν</span> <span class='ocrx_word' id='word_1_137' title='bbox 1228 1300 1390 1368; x_wconf 73' lang='grc' dir='ltr'>ὥσπερ</span> <span class='ocrx_word' id='word_1_138' title='bbox 1425 1301 1511 1364; x_wconf 86' lang='grc' dir='ltr'>τὴν</span> <span class='ocrx_word' id='word_1_139' title='bbox 1537 1303 1663 1351; x_wconf 81' lang='grc' dir='ltr'>ε’νοῦ-</span> <span class='ocrx_word' id='word_1_140' title='bbox 1688 1318 1712 1346; x_wconf 87' lang='lat'>0</span> 
     </span>
     <span class='ocr_line' id='line_1_18' title="bbox 18 1383 1672 1451; baseline 0.002 -19"><span class='ocrx_word' id='word_1_141' title='bbox 18 1404 66 1444; x_wconf 89' lang='lat'>15</span> <span class='ocrx_word' id='word_1_142' title='bbox 89 1405 184 1434; x_wconf 92' lang='grc' dir='ltr'>σαν</span> <span class='ocrx_word' id='word_1_143' title='bbox 232 1388 289 1451; x_wconf 79' lang='grc' dir='ltr'>τῇ</span> <span class='ocrx_word' id='word_1_144' title='bbox 340 1386 489 1435; x_wconf 83' lang='grc' dir='ltr'>κτίσει</span> <span class='ocrx_word' id='word_1_145' title='bbox 535 1385 729 1447; x_wconf 82' lang='grc' dir='ltr'>δύναμιν</span> <span class='ocrx_word' id='word_1_146' title='bbox 781 1387 1112 1448; x_wconf 83' lang='grc' dir='ltr'>ἀναπηδῶντος</span> <span class='ocrx_word' id='word_1_147' title='bbox 1163 1389 1246 1434; x_wconf 92' lang='grc' dir='ltr'>τοῦ</span> <span class='ocrx_word' id='word_1_148' title='bbox 1294 1383 1672 1448; x_wconf 73' lang='grc' dir='ltr'>κατορθώματος,</span> 
     </span>
     <span class='ocr_line' id='line_1_19' title="bbox 88 1464 1673 1532; baseline -0.001 -17"><span class='ocrx_word' id='word_1_149' title='bbox 88 1464 228 1519; x_wconf 83' lang='grc' dir='ltr'>αὐτὸς</span> <span class='ocrx_word' id='word_1_150' title='bbox 271 1466 413 1518; x_wconf 85' lang='grc' dir='ltr'>ὑπέδυ</span> <span class='ocrx_word' id='word_1_151' title='bbox 457 1466 543 1530; x_wconf 82' lang='grc' dir='ltr'>τὴν</span> <span class='ocrx_word' id='word_1_152' title='bbox 588 1468 867 1531; x_wconf 79' lang='grc' dir='ltr'>οἰκονομίαν,</span> <span class='ocrx_word' id='word_1_153' title='bbox 907 1468 931 1517; x_wconf 86' lang='grc' dir='ltr'>ὁ</span> <span class='ocrx_word' id='word_1_154' title='bbox 975 1467 1226 1532; x_wconf 84' lang='grc' dir='ltr'>γινώσκων</span> <span class='ocrx_word' id='word_1_155' title='bbox 1269 1465 1322 1516; x_wconf 84' lang='grc' dir='ltr'>τὸ</span> <span class='ocrx_word' id='word_1_156' title='bbox 1365 1465 1549 1529; x_wconf 83' lang='grc' dir='ltr'>θέλημα</span> <span class='ocrx_word' id='word_1_157' title='bbox 1589 1470 1673 1515; x_wconf 89' lang='grc' dir='ltr'>τοῦ</span> 
     </span>
     <span class='ocr_line' id='line_1_20' title="bbox 88 1546 1675 1615; baseline -0.001 -18"><span class='ocrx_word' id='word_1_158' title='bbox 88 1550 213 1598; x_wconf 89' lang='grc' dir='ltr'>Θεοῦ</span> <span class='ocrx_word' id='word_1_159' title='bbox 257 1549 332 1598; x_wconf 79' lang='grc' dir='ltr'>καὶ</span> <span class='ocrx_word' id='word_1_160' title='bbox 375 1548 564 1615; x_wconf 82' lang='grc' dir='ltr'>Πατρὸς</span> <span class='ocrx_word' id='word_1_161' title='bbox 605 1549 726 1603; x_wconf 82' lang='grc' dir='ltr'>Θεὸς</span> <span class='ocrx_word' id='word_1_162' title='bbox 767 1548 1059 1615; x_wconf 87' lang='grc' dir='ltr'>Μονογενής.</span> <span class='ocrx_word' id='word_1_163' title='bbox 1116 1547 1289 1612; x_wconf 60' lang='grc' dir='ltr'>κατέβη</span> <span class='ocrx_word' id='word_1_164' title='bbox 1331 1546 1380 1598; x_wconf 79' lang='grc' dir='ltr'>δὲ</span> <span class='ocrx_word' id='word_1_165' title='bbox 1425 1548 1571 1600; x_wconf 81' lang='grc' dir='ltr'>οὕτως</span> <span class='ocrx_word' id='word_1_166' title='bbox 1612 1550 1675 1600; x_wconf 81' lang='grc' dir='ltr'>εἰς</span> 
     </span>
     <span class='ocr_line' id='line_1_21' title="bbox 87 1628 1674 1698; baseline -0.001 -19"><span class='ocrx_word' id='word_1_167' title='bbox 87 1629 300 1680; x_wconf 80' lang='grc' dir='ltr'>ἑκούσιον</span> <span class='ocrx_word' id='word_1_168' title='bbox 346 1630 601 1696; x_wconf 77' lang='grc' dir='ltr'>ὑποταγὴν,</span> <span class='ocrx_word' id='word_1_169' title='bbox 647 1633 709 1685; x_wconf 83' lang='grc' dir='ltr'>ὡς</span> <span class='ocrx_word' id='word_1_170' title='bbox 749 1632 824 1682; x_wconf 82' lang='grc' dir='ltr'>καὶ</span> <span class='ocrx_word' id='word_1_171' title='bbox 863 1631 1000 1698; x_wconf 86' lang='grc' dir='ltr'>μέχρι</span> <span class='ocrx_word' id='word_1_172' title='bbox 1041 1629 1246 1681; x_wconf 85' lang='grc' dir='ltr'>θανάτου</span> <span class='ocrx_word' id='word_1_173' title='bbox 1284 1628 1557 1680; x_wconf 90' lang='grc' dir='ltr'>καθικέσθαι</span> <span class='ocrx_word' id='word_1_174' title='bbox 1598 1629 1674 1678; x_wconf 78' lang='grc' dir='ltr'>καὶ</span> 
     </span>
     <span class='ocr_line' id='line_1_22' title="bbox 86 1709 1675 1782; baseline -0.001 -22"><span class='ocrx_word' id='word_1_175' title='bbox 86 1709 253 1762; x_wconf 84' lang='grc' dir='ltr'>τούτου</span> <span class='ocrx_word' id='word_1_176' title='bbox 291 1711 587 1776; x_wconf 84' lang='grc' dir='ltr'>ἀτιμοτάτου.</span> <span class='ocrx_word' id='word_1_177' title='bbox 650 1712 704 1764; x_wconf 78' lang='grc' dir='ltr'>τὸ</span> <span class='ocrx_word' id='word_1_178' title='bbox 744 1712 837 1780; x_wconf 80' lang='grc' dir='ltr'>γὰρ</span> <span class='ocrx_word' id='word_1_179' title='bbox 876 1713 1167 1782; x_wconf 76' lang='grc' dir='ltr'>ἐξηρτῆσθαι</span> <span class='ocrx_word' id='word_1_180' title='bbox 1209 1716 1434 1776; x_wconf 90' lang='grc' dir='ltr'>σταυροῦ,</span> <span class='ocrx_word' id='word_1_181' title='bbox 1475 1714 1575 1762; x_wconf 80' lang='grc' dir='ltr'>πῶς</span> <span class='ocrx_word' id='word_1_182' title='bbox 1617 1709 1675 1759; x_wconf 79' lang='grc' dir='ltr'>ἂν</span> 
     </span>
     <span class='ocr_line' id='line_1_23' title="bbox 19 1790 1669 1861; baseline -0.001 -19"><span class='ocrx_word' id='word_1_183' title='bbox 19 1817 69 1843; x_wconf 86' lang='lat'>20</span> <span class='ocrx_word' id='word_1_184' title='bbox 87 1791 154 1856; x_wconf 78' lang='grc' dir='ltr'>εἵη</span> <span class='ocrx_word' id='word_1_185' title='bbox 192 1794 358 1856; x_wconf 87' lang='grc' dir='ltr'>τίμιον,</span> <span class='ocrx_word' id='word_1_186' title='bbox 389 1799 580 1856; x_wconf 82' lang='grc' dir='ltr'>μᾶλλον</span> <span class='ocrx_word' id='word_1_187' title='bbox 614 1793 662 1845; x_wconf 78' lang='grc' dir='ltr'>δὲ</span> <span class='ocrx_word' id='word_1_188' title='bbox 696 1799 796 1848; x_wconf 85' lang='grc' dir='ltr'>πῶς</span> <span class='ocrx_word' id='word_1_189' title='bbox 837 1795 924 1861; x_wconf 79' lang='grc' dir='ltr'>οὐχ</span> <span class='ocrx_word' id='word_1_190' title='bbox 965 1793 1155 1858; x_wconf 85' lang='grc' dir='ltr'>ἁπάσης</span> <span class='ocrx_word' id='word_1_191' title='bbox 1197 1793 1388 1861; x_wconf 75' lang='grc' dir='ltr'>ἀδοξίας</span> <span class='ocrx_word' id='word_1_192' title='bbox 1427 1790 1669 1852; x_wconf 69' lang='grc' dir='ltr'>ἐπέκεινα,</span> 
     </span>
     <span class='ocr_line' id='line_1_24' title="bbox 87 1872 1671 1944; baseline -0.002 -19"><span class='ocrx_word' id='word_1_193' title='bbox 87 1874 243 1940; x_wconf 84' lang='grc' dir='ltr'>ἐπειδὴ</span> <span class='ocrx_word' id='word_1_194' title='bbox 270 1875 326 1939; x_wconf 77' lang='grc' dir='ltr'>δὴ</span> <span class='ocrx_word' id='word_1_195' title='bbox 354 1875 401 1926; x_wconf 76' lang='grc' dir='ltr'>δὲ</span> <span class='ocrx_word' id='word_1_196' title='bbox 433 1882 582 1927; x_wconf 87' lang='grc' dir='ltr'>ταῦτα</span> <span class='ocrx_word' id='word_1_197' title='bbox 617 1875 810 1940; x_wconf 82' lang='grc' dir='ltr'>ὑπέστη,</span> <span class='ocrx_word' id='word_1_198' title='bbox 838 1878 1002 1944; x_wconf 80' lang='grc' dir='ltr'>φησὶν,</span> <span class='ocrx_word' id='word_1_199' title='bbox 1031 1877 1055 1925; x_wconf 86' lang='grc' dir='ltr'>ὁ</span> <span class='ocrx_word' id='word_1_200' title='bbox 1083 1874 1204 1928; x_wconf 79' lang='grc' dir='ltr'>Θεὸς</span> <span class='ocrx_word' id='word_1_201' title='bbox 1240 1873 1381 1925; x_wconf 78' lang='grc' dir='ltr'>αὐτὸν</span> <span class='ocrx_word' id='word_1_202' title='bbox 1416 1872 1671 1940; x_wconf 79' lang='grc' dir='ltr'>ὑπερύψω-</span> 
     </span>
     <span class='ocr_line' id='line_1_25' title="bbox 87 1956 1675 2025; baseline -0.003 -18"><span class='ocrx_word' id='word_1_203' title='bbox 87 1976 189 2007; x_wconf 82' lang='grc' dir='ltr'>σεν”</span> <span class='ocrx_word' id='word_1_204' title='bbox 246 1958 411 2008; x_wconf 78' lang='grc' dir='ltr'>οὐκοῦν</span> <span class='ocrx_word' id='word_1_205' title='bbox 438 1957 569 2025; x_wconf 75' lang='grc' dir='ltr'>ἔχεις,</span> <span class='ocrx_word' id='word_1_206' title='bbox 596 1959 643 2008; x_wconf 82' lang='grc' dir='ltr'>ἐν</span> <span class='ocrx_word' id='word_1_207' title='bbox 667 1957 752 2021; x_wconf 74' lang='grc' dir='ltr'>μὲν</span> <span class='ocrx_word' id='word_1_208' title='bbox 779 1961 837 2025; x_wconf 80' lang='grc' dir='ltr'>τῇ</span> <span class='ocrx_word' id='word_1_209' title='bbox 873 1956 991 2007; x_wconf 81' lang='grc' dir='ltr'>κατὰ</span> <span class='ocrx_word' id='word_1_210' title='bbox 1025 1956 1223 2020; x_wconf 85' lang='grc' dir='ltr'>θέλησιν</span> <span class='ocrx_word' id='word_1_211' title='bbox 1258 1957 1437 2022; x_wconf 81' lang='grc' dir='ltr'>ὑπακοῇ</span> <span class='ocrx_word' id='word_1_212' title='bbox 1473 1958 1566 2004; x_wconf 81' lang='grc' dir='ltr'>τῶν</span> <span class='ocrx_word' id='word_1_213' title='bbox 1592 1958 1675 2004; x_wconf 89' lang='grc' dir='ltr'>τοῦ</span> 
     </span>
     <span class='ocr_line' id='line_1_26' title="bbox 91 2035 1720 2106; baseline -0.004 -16"><span class='ocrx_word' id='word_1_214' title='bbox 91 2038 282 2106; x_wconf 80' lang='grc' dir='ltr'>Πατρὸς</span> <span class='ocrx_word' id='word_1_215' title='bbox 301 2039 639 2103; x_wconf 78' lang='grc' dir='ltr'>βουλευμάτων</span> <span class='ocrx_word' id='word_1_216' title='bbox 662 2038 749 2102; x_wconf 86' lang='grc' dir='ltr'>τὴν</span> <span class='ocrx_word' id='word_1_217' title='bbox 773 2037 1042 2105; x_wconf 86' lang='grc' dir='ltr'>πλήρωσιν·</span> <span class='ocrx_word' id='word_1_218' title='bbox 1085 2036 1116 2088; x_wconf 81' lang='grc' dir='ltr'>ἃ</span> <span class='ocrx_word' id='word_1_219' title='bbox 1141 2039 1215 2088; x_wconf 78' lang='grc' dir='ltr'>καὶ</span> <span class='ocrx_word' id='word_1_220' title='bbox 1243 2039 1291 2088; x_wconf 85' lang='grc' dir='ltr'>ἐν</span> <span class='ocrx_word' id='word_1_221' title='bbox 1315 2035 1444 2105; x_wconf 74' lang='grc' dir='ltr'>τάξει</span> <span class='ocrx_word' id='word_1_222' title='bbox 1469 2037 1673 2086; x_wconf 83' lang='grc' dir='ltr'>ἐντολῶν</span> <span class='ocrx_word' id='word_1_223' title='bbox 1692 2039 1720 2081; x_wconf 85' lang='lat' dir='ltr'><strong>d</strong></span> 
     </span>
     <span class='ocr_line' id='line_1_27' title="bbox 90 2115 1676 2190; baseline -0.004 -18"><span class='ocrx_word' id='word_1_224' title='bbox 90 2125 214 2190; x_wconf 88' lang='grc' dir='ltr'>φησι</span> <span class='ocrx_word' id='word_1_225' title='bbox 240 2121 460 2188; x_wconf 87' lang='grc' dir='ltr'>γενέσθαι</span> <span class='ocrx_word' id='word_1_226' title='bbox 492 2121 610 2188; x_wconf 79' lang='grc' dir='ltr'>πρὸς</span> <span class='ocrx_word' id='word_1_227' title='bbox 641 2120 783 2172; x_wconf 81' lang='grc' dir='ltr'>αὐτὸν</span> <span class='ocrx_word' id='word_1_228' title='bbox 805 2122 830 2171; x_wconf 84' lang='grc' dir='ltr'><em>ὁ</em></span> <span class='ocrx_word' id='word_1_229' title='bbox 856 2119 985 2174; x_wconf 80' lang='grc' dir='ltr'>Υἱός.</span> <span class='ocrx_word' id='word_1_230' title='bbox 1034 2122 1190 2173; x_wconf 78' lang='grc' dir='ltr'>συνεὶς</span> <span class='ocrx_word' id='word_1_231' title='bbox 1217 2118 1309 2186; x_wconf 77' lang='grc' dir='ltr'>γὰρ</span> <span class='ocrx_word' id='word_1_232' title='bbox 1337 2121 1398 2172; x_wconf 87' lang='grc' dir='ltr'>ὡς</span> <span class='ocrx_word' id='word_1_233' title='bbox 1426 2116 1582 2182; x_wconf 84' lang='grc' dir='ltr'>Λόγος</span> <span class='ocrx_word' id='word_1_234' title='bbox 1617 2115 1676 2167; x_wconf 79' lang='grc' dir='ltr'>τὰ</span> 
     </span>
     <span class='ocr_line' id='line_1_28' title="bbox 21 2199 1674 2269; baseline -0.002 -17"><span class='ocrx_word' id='word_1_235' title='bbox 21 2224 70 2263; x_wconf 90' lang='lat'>25</span> <span class='ocrx_word' id='word_1_236' title='bbox 89 2205 138 2254; x_wconf 88' lang='grc' dir='ltr'>ἐν</span> <span class='ocrx_word' id='word_1_237' title='bbox 166 2205 321 2269; x_wconf 75' lang='grc' dir='ltr'>Πατρῖ</span> <span class='ocrx_word' id='word_1_238' title='bbox 352 2203 617 2267; x_wconf 64' lang='grc' dir='ltr'>σκεμματα,</span> <span class='ocrx_word' id='word_1_239' title='bbox 645 2204 720 2254; x_wconf 77' lang='grc' dir='ltr'>καὶ</span> <span class='ocrx_word' id='word_1_240' title='bbox 747 2208 828 2253; x_wconf 88' lang='grc' dir='ltr'>τοῦ</span> <span class='ocrx_word' id='word_1_241' title='bbox 855 2201 1066 2256; x_wconf 89' lang='grc' dir='ltr'>τεκόντος</span> <span class='ocrx_word' id='word_1_242' title='bbox 1093 2201 1234 2252; x_wconf 82' lang='grc' dir='ltr'>αὑτὸν</span> <span class='ocrx_word' id='word_1_243' title='bbox 1259 2200 1319 2251; x_wconf 82' lang='grc' dir='ltr'>τὰ</span> <span class='ocrx_word' id='word_1_244' title='bbox 1344 2199 1471 2264; x_wconf 81' lang='grc' dir='ltr'>βάθη</span> <span class='ocrx_word' id='word_1_245' title='bbox 1500 2202 1674 2265; x_wconf 90' lang='grc' dir='ltr'>διερευ-</span> 
     </span>
     <span class='ocr_line' id='line_1_29' title="bbox 91 2281 1678 2354; baseline -0.004 -18"><span class='ocrx_word' id='word_1_246' title='bbox 91 2285 308 2354; x_wconf 77' lang='grc' dir='ltr'>νώμενος,</span> <span class='ocrx_word' id='word_1_247' title='bbox 334 2289 524 2349; x_wconf 83' lang='grc' dir='ltr'>μᾶλλον</span> <span class='ocrx_word' id='word_1_248' title='bbox 552 2284 599 2335; x_wconf 78' lang='grc' dir='ltr'>δὲ</span> <span class='ocrx_word' id='word_1_249' title='bbox 630 2282 769 2339; x_wconf 78' lang='grc' dir='ltr'>αὐτὸς</span> <span class='ocrx_word' id='word_1_250' title='bbox 807 2283 1032 2352; x_wconf 79' lang='grc' dir='ltr'>ὑπάρχων</span> <span class='ocrx_word' id='word_1_251' title='bbox 1057 2285 1084 2348; x_wconf 82' lang='grc' dir='ltr'>ἡ</span> <span class='ocrx_word' id='word_1_252' title='bbox 1111 2284 1264 2352; x_wconf 85' lang='grc' dir='ltr'>σοφία</span> <span class='ocrx_word' id='word_1_253' title='bbox 1303 2284 1377 2333; x_wconf 76' lang='grc' dir='ltr'>καὶ</span> <span class='ocrx_word' id='word_1_254' title='bbox 1416 2282 1444 2346; x_wconf 83' lang='grc' dir='ltr'>ἡ</span> <span class='ocrx_word' id='word_1_255' title='bbox 1485 2281 1678 2343; x_wconf 82' lang='grc' dir='ltr'>δύναμις</span> 
     </span>
     <span class='ocr_line' id='line_1_30' title="bbox 91 2361 1679 2435; baseline -0.001 -17"><span class='ocrx_word' id='word_1_256' title='bbox 91 2373 174 2418; x_wconf 89' lang='grc' dir='ltr'>τοῦ</span> <span class='ocrx_word' id='word_1_257' title='bbox 202 2366 406 2433; x_wconf 69' lang='grc' dir='ltr'>Πατρός,</span> <span class='ocrx_word' id='word_1_258' title='bbox 434 2371 496 2420; x_wconf 75' lang='grc' dir='ltr'>εἷς</span> <span class='ocrx_word' id='word_1_259' title='bbox 533 2367 671 2433; x_wconf 68' lang='grc' dir='ltr'>ἔργον</span> <span class='ocrx_word' id='word_1_260' title='bbox 697 2366 798 2432; x_wconf 73' lang='grc' dir='ltr'>ἄγει</span> <span class='ocrx_word' id='word_1_261' title='bbox 833 2366 887 2417; x_wconf 82' lang='grc' dir='ltr'>τὸ</span> <span class='ocrx_word' id='word_1_262' title='bbox 928 2365 1088 2435; x_wconf 74' lang='grc' dir='ltr'>δόξαν,</span> <span class='ocrx_word' id='word_1_263' title='bbox 1114 2370 1175 2419; x_wconf 81' lang='grc' dir='ltr'>εἷς</span> <span class='ocrx_word' id='word_1_264' title='bbox 1210 2364 1356 2416; x_wconf 88' lang='grc' dir='ltr'>τόπον</span> <span class='ocrx_word' id='word_1_265' title='bbox 1388 2361 1500 2414; x_wconf 79' lang='grc' dir='ltr'>αὐτὸ</span> <span class='ocrx_word' id='word_1_266' title='bbox 1539 2364 1679 2416; x_wconf 78' lang='grc' dir='ltr'>τιθεὶς</span> 
     </span>
     <span class='ocr_line' id='line_1_31' title="bbox 91 2443 1679 2514; baseline -0.004 -15"><span class='ocrx_word' id='word_1_267' title='bbox 91 2450 298 2512; x_wconf 79' lang='grc' dir='ltr'>ἐντολῆς,</span> <span class='ocrx_word' id='word_1_268' title='bbox 326 2450 401 2499; x_wconf 80' lang='grc' dir='ltr'>καὶ</span> <span class='ocrx_word' id='word_1_269' title='bbox 426 2447 665 2514; x_wconf 75' lang='grc' dir='ltr'>ὀνομάζων</span> <span class='ocrx_word' id='word_1_270' title='bbox 692 2449 838 2501; x_wconf 78' lang='grc' dir='ltr'>οὕτως</span> <span class='ocrx_word' id='word_1_271' title='bbox 864 2447 1293 2514; x_wconf 82' lang='grc' dir='ltr'>ἀνθρωπινώτερον·</span> <span class='ocrx_word' id='word_1_272' title='bbox 1339 2445 1490 2507; x_wconf 83' lang='grc' dir='ltr'>βλέπε</span> <span class='ocrx_word' id='word_1_273' title='bbox 1517 2443 1566 2494; x_wconf 80' lang='grc' dir='ltr'>δὲ</span> <span class='ocrx_word' id='word_1_274' title='bbox 1591 2445 1679 2494; x_wconf 84' lang='grc' dir='ltr'>κάν</span> 
     </span>
     <span class='ocr_line' id='line_1_32' title="bbox 92 2524 1678 2600; baseline -0.005 -18"><span class='ocrx_word' id='word_1_275' title='bbox 92 2531 242 2600; x_wconf 77' lang='grc' dir='ltr'>τούτῳ</span> <span class='ocrx_word' id='word_1_276' title='bbox 281 2533 364 2594; x_wconf 82' lang='grc' dir='ltr'>τῆς</span> <span class='ocrx_word' id='word_1_277' title='bbox 408 2529 595 2595; x_wconf 82' lang='grc' dir='ltr'>ἀγάπης</span> <span class='ocrx_word' id='word_1_278' title='bbox 633 2528 687 2579; x_wconf 82' lang='grc' dir='ltr'>τὸ</span> <span class='ocrx_word' id='word_1_279' title='bbox 739 2529 924 2595; x_wconf 89' lang='grc' dir='ltr'>μέτρον.</span> <span class='ocrx_word' id='word_1_280' title='bbox 998 2528 1287 2595; x_wconf 75' lang='grc' dir='ltr'>ὑπερύψωσε</span> <span class='ocrx_word' id='word_1_281' title='bbox 1330 2526 1422 2593; x_wconf 81' lang='grc' dir='ltr'>γὰρ</span> <span class='ocrx_word' id='word_1_282' title='bbox 1466 2524 1608 2576; x_wconf 80' lang='grc' dir='ltr'>αὑτὸν</span> <span class='ocrx_word' id='word_1_283' title='bbox 1653 2525 1678 2574; x_wconf 85' lang='grc' dir='ltr'>ὁ</span> 
     </span>
     <span class='ocr_line' id='line_1_33' title="bbox 24 2606 1677 2681; baseline -0.004 -20"><span class='ocrx_word' id='word_1_284' title='bbox 24 2637 75 2672; x_wconf 81' lang='lat'>30</span> <span class='ocrx_word' id='word_1_285' title='bbox 95 2611 231 2675; x_wconf 79' lang='grc' dir='ltr'>Θεὸς,</span> <span class='ocrx_word' id='word_1_286' title='bbox 248 2613 389 2681; x_wconf 87' lang='grc' dir='ltr'>φησί·</span> <span class='ocrx_word' id='word_1_287' title='bbox 431 2610 514 2662; x_wconf 82' lang='grc' dir='ltr'>τὸν</span> <span class='ocrx_word' id='word_1_288' title='bbox 541 2608 734 2679; x_wconf 77' lang='grc' dir='ltr'>ὑψηλὸν</span> <span class='ocrx_word' id='word_1_289' title='bbox 754 2610 842 2674; x_wconf 74' lang='grc' dir='ltr'>ἤδη</span> <span class='ocrx_word' id='word_1_290' title='bbox 861 2612 935 2660; x_wconf 79' lang='grc' dir='ltr'>καὶ</span> <span class='ocrx_word' id='word_1_291' title='bbox 963 2610 1310 2678; x_wconf 73' lang='grc' dir='ltr'>δεδοξασμένον</span> <span class='ocrx_word' id='word_1_292' title='bbox 1339 2610 1578 2674; x_wconf 68' lang='grc' dir='ltr'>ὑπερυψοῖ</span> <span class='ocrx_word' id='word_1_293' title='bbox 1600 2606 1677 2655; x_wconf 81' lang='grc' dir='ltr'>καὶ</span> 
     </span>
     <span class='ocr_line' id='line_1_34' title="bbox 94 2684 1678 2763; baseline -0.004 -18"><span class='ocrx_word' id='word_1_294' title='bbox 94 2693 289 2763; x_wconf 72' lang='grc' dir='ltr'>δοξάζει,</span> <span class='ocrx_word' id='word_1_295' title='bbox 328 2694 476 2744; x_wconf 82' lang='grc' dir='ltr'>καίτοι</span> <span class='ocrx_word' id='word_1_296' title='bbox 509 2692 630 2746; x_wconf 84' lang='grc' dir='ltr'>Θεὸς</span> <span class='ocrx_word' id='word_1_297' title='bbox 662 2690 783 2742; x_wconf 79' lang='grc' dir='ltr'>κατὰ</span> <span class='ocrx_word' id='word_1_298' title='bbox 817 2692 966 2759; x_wconf 84' lang='grc' dir='ltr'>φύσιν</span> <span class='ocrx_word' id='word_1_299' title='bbox 995 2693 1098 2742; x_wconf 83' lang='grc' dir='ltr'>ἐστὶ</span> <span class='ocrx_word' id='word_1_300' title='bbox 1132 2693 1207 2742; x_wconf 82' lang='grc' dir='ltr'>καὶ</span> <span class='ocrx_word' id='word_1_301' title='bbox 1240 2688 1477 2754; x_wconf 80' lang='grc' dir='ltr'>ἀληθινὸς,</span> <span class='ocrx_word' id='word_1_302' title='bbox 1505 2687 1584 2739; x_wconf 81' lang='grc' dir='ltr'>ἅτε</span> <span class='ocrx_word' id='word_1_303' title='bbox 1620 2684 1678 2750; x_wconf 85' lang='grc' dir='ltr'>δὴ</span> 
     </span>
    </p>
   </div>
   <div class='ocr_carea' id='block_1_6' title="bbox 95 2842 1679 2984">
    <p class='ocr_par' dir='ltr' id='par_1_6' title="bbox 95 2842 1679 2984">
     <span class='ocr_line' id='line_1_35' title="bbox 146 2842 1679 2892; baseline -0.005 -8"><span class='ocrx_word' id='word_1_304' title='bbox 146 2862 177 2884; x_wconf 88' lang='lat'>1.</span> <span class='ocrx_word' id='word_1_305' title='bbox 201 2848 486 2892; x_wconf 80' lang='grc' dir='ltr'>ποίας--ἐντολῆς</span> <span class='ocrx_word' id='word_1_306' title='bbox 503 2847 546 2882; x_wconf 81' lang='grc' dir='ltr'>Ε.</span> <span class='ocrx_word' id='word_1_307' title='bbox 564 2847 733 2882; x_wconf 75' lang='lat' dir='ltr'>Voluitne</span> <span class='ocrx_word' id='word_1_308' title='bbox 750 2846 1059 2883; x_wconf 56' lang='grc' dir='ltr'>ποίας-ἐντολέις.ἶ</span> <span class='ocrx_word' id='word_1_309' title='bbox 1293 2856 1325 2879; x_wconf 84' lang='grc'>2.</span> <span class='ocrx_word' id='word_1_310' title='bbox 1350 2842 1533 2890; x_wconf 82' lang='grc' dir='ltr'>λέγεσθαι]</span> <span class='ocrx_word' id='word_1_311' title='bbox 1552 2842 1602 2877; x_wconf 80' lang='grc' dir='ltr'>ἰ’σ.</span> <span class='ocrx_word' id='word_1_312' title='bbox 1621 2842 1679 2876; x_wconf 80' lang='grc' dir='ltr'>λέ-</span> 
     </span>
     <span class='ocr_line' id='line_1_36' title="bbox 95 2888 1677 2942; baseline -0.004 -12"><span class='ocrx_word' id='word_1_313' title='bbox 95 2911 190 2942; x_wconf 79' lang='grc' dir='ltr'>γεται</span> <span class='ocrx_word' id='word_1_314' title='bbox 209 2896 276 2930; x_wconf 83' lang='lat' dir='ltr'>Ed.</span> <span class='ocrx_word' id='word_1_315' title='bbox 294 2907 364 2940; x_wconf 76' lang='lat' dir='ltr'>mg.</span> <span class='ocrx_word' id='word_1_316' title='bbox 386 2894 552 2941; x_wconf 83' lang='grc' dir='ltr'>λέγεσθαι</span> <span class='ocrx_word' id='word_1_317' title='bbox 568 2894 673 2928; x_wconf 82' lang='lat' dir='ltr'>habet</span> <span class='ocrx_word' id='word_1_318' title='bbox 691 2894 729 2928; x_wconf 88' lang='lat' dir='ltr'>F.</span> <span class='ocrx_word' id='word_1_319' title='bbox 872 2907 905 2936; x_wconf 88' lang='lat'>4.</span> <span class='ocrx_word' id='word_1_320' title='bbox 928 2894 988 2937; x_wconf 86' lang='grc' dir='ltr'>μὲν</span> <span class='ocrx_word' id='word_1_321' title='bbox 1005 2898 1227 2937; x_wconf 75' lang='lat' dir='ltr'>assumptum</span> <span class='ocrx_word' id='word_1_322' title='bbox 1245 2903 1286 2926; x_wconf 81' lang='lat' dir='ltr'>ex</span> <span class='ocrx_word' id='word_1_323' title='bbox 1310 2892 1347 2925; x_wconf 81' lang='lat' dir='ltr'>E.</span> <span class='ocrx_word' id='word_1_324' title='bbox 1495 2901 1547 2924; x_wconf 91' lang='lat'>10.</span> <span class='ocrx_word' id='word_1_325' title='bbox 1571 2888 1677 2936; x_wconf 79' lang='grc' dir='ltr'>ὅπως]</span> 
     </span>
     <span class='ocr_line' id='line_1_37' title="bbox 102 2940 1006 2984; baseline -0.003 -8"><span class='ocrx_word' id='word_1_326' title='bbox 102 2948 137 2984; x_wconf 61' lang='grc' dir='ltr'>-ι-</span> <span class='ocrx_word' id='word_1_327' title='bbox 159 2958 194 2976; x_wconf 87' lang='grc' dir='ltr'>τε</span> <span class='ocrx_word' id='word_1_328' title='bbox 214 2943 255 2977; x_wconf 84' lang='grc' dir='ltr'>Ε.</span> <span class='ocrx_word' id='word_1_329' title='bbox 475 2952 530 2975; x_wconf 84' lang='lat'>21.</span> <span class='ocrx_word' id='word_1_330' title='bbox 557 2940 788 2975; x_wconf 82' lang='lat' dir='ltr'>omittendum</span> <span class='ocrx_word' id='word_1_331' title='bbox 807 2946 845 2974; x_wconf 82' lang='lat' dir='ltr'>ut</span> <span class='ocrx_word' id='word_1_332' title='bbox 864 2940 935 2974; x_wconf 78' lang='lat' dir='ltr'>vid.</span> <span class='ocrx_word' id='word_1_333' title='bbox 955 2940 1006 2983; x_wconf 84' lang='grc' dir='ltr'>δὴ.</span> 
     </span>
    </p>
   </div>
   <div class='ocr_carea' id='block_1_7' title="bbox 154 3008 942 3045">
    <p class='ocr_par' dir='ltr' id='par_1_7' title="bbox 154 3008 942 3045">
     <span class='ocr_line' id='line_1_38' title="bbox 154 3008 942 3045; baseline -0.003 -9"><span class='ocrx_word' id='word_1_334' title='bbox 154 3009 247 3037; x_wconf 71' lang='lat' dir='ltr'>VOL.</span> <span class='ocrx_word' id='word_1_335' title='bbox 271 3009 319 3037; x_wconf 81' lang='grc' dir='ltr'>Π.</span> <span class='ocrx_word' id='word_1_336' title='bbox 869 3011 893 3045; x_wconf 75' lang='lat'>4</span> <span class='ocrx_word' id='word_1_337' title='bbox 919 3008 942 3034; x_wconf 85' lang='lat' dir='ltr'>D</span> 
     </span>
    </p>
   </div>
  </div>
 </body>
</html>
