2022 3272
72 605 94 642 (τι

51 1004 144 1049 10“

55 1842 104 1866 20

114 153 380 206 xvii.18‚1‹).
435 152 506 192 IN
550 152 592 191 S.
627 150 964 191 ιῙΟΛΝΝΕΜ.
1031 149 1154 189 Lm.
1191 149 1267 189 XI.
1331 149 1462 189 CAP.
1489 150 1540 189 X.
1623 151 1704 189 719

114 261 211 312 οἷον
249 261 613 327 μεμερισμένως.
659 258 1001 311 ἱδιοσυστάτως
1040 258 1125 322 μὲν
1154 259 1248 325 γὰρ
1284 257 1404 309 εἶναί
1440 263 1596 327 φαμεν
1622 257 1704 308 τὸν

114 343 245 404 Υὶὸν,
290 342 565 408 ἐνυπάρχειν
610 341 658 392 δὲ
700 342 758 392 αὖ
801 344 868 409 τῷ
914 341 1012 410 ἰδίῳ
1060 339 1318 407 γεννήτορι,
1369 343 1444 390 καὶ
1491 339 1612 406 ε”χειν
1657 341 1705 389 ἐν

115 426 264 493 ἑαυτῷ
313 423 396 474 τὸν
444 423 756 489 γεννήσαντα.
821 422 892 474 ὅτι
937 422 985 473 δὲ
1027 422 1081 473 τὸ
1123 428 1206 473 τοῦ
1254 421 1444 487 Πατρὸς
1489 426 1702 483 Πνεῦμα,

117 510 310 568 Πνεῦμα
343 507 557 573 φαίνεται
591 512 674 557 τοῦ
699 509 832 568 Υὶοῦ,
860 507 935 555 καὶ
971 510 1053 555 τοῦ
1082 503 1272 570 Πατρὸς
1306 504 1573 566 πέμποντος
1604 504 1706 567 ἤτοι

116 587 345 651 διανέμειν
371 587 788 654 ἐπαγγελλομένου
819 591 916 640 τοῖς
953 587 1103 653 ἁγίοις
1133 585 1260 649 αὐτὸ,
1288 587 1532 636 διαδίδωσι
1557 585 1706 636 πάλιν

116 672 178 722 ὡς
205 669 320 720 ἴδιον
348 671 372 720 ὁ
400 669 526 732 Υἱὸς,
555 668 629 720 διὰ
663 668 748 733 τὴν
773 667 1037 733 ταυτότητα
1062 671 1145 732 τῆς
1180 669 1345 722 οὐσίας
1376 668 1430 732 ἧς
1465 667 1557 734 ε”χει
1588 667 1706 731 πρὸς

116 751 199 802 τὸν
222 752 427 818 Πατέρα,
451 755 525 802 καὶ
552 751 621 802 ὅτι
647 750 768 818 πρὸς
793 755 888 802 πᾶν
910 752 1064 802 ὁτιοῦν
1092 749 1277 816 ἐνεργὸς
1304 752 1329 801 ὁ
1352 747 1521 815 Πατὴρ
1549 750 1602 799 δι’
1626 749 1704 799 αὐ-

115 838 216 895 τοῦ,
239 834 527 901 σαφέστατα
552 831 698 884 πάλιν
726 831 864 887 αὐτὸς
892 832 1227 897 διαμεμήνυκεν
1254 833 1395 884 εἰπών
1420 840 1447 861 “
1470 831 1706 899 Συμφέρει

117 922 144 944 “
171 916 278 977 ὑμῖν
303 916 377 965 ἵνα
405 914 496 980 ἐγὼ
523 915 734 966 ἀπέλθω·
784 915 864 965 ἐὰν
898 914 991 981 γὰρ
1017 914 1082 978 μὴ
1110 914 1320 977 ἀπέλθω,
1346 916 1371 965 ὁ
1401 913 1706 979 παράκλητος

172 997 225 1047 οὐ
267 996 331 1061 μὴ
374 995 492 1065 ’έλθῃ
527 996 645 1063 πρὸς
681 998 814 1057 ὑμᾶς·
871 996 984 1048 ὅταν
1023 996 1071 1048 δὲ
1109 996 1315 1059 ἀπέλθω,
1346 996 1525 1065 πέμψω
1565 995 1707 1046 αὐτὸν

118 1086 144 1108 “
172 1078 291 1144 πρὸς
342 1080 507 1142 ὑμᾶς,”
557 1080 606 1129 ἐν
657 1079 828 1145 ἑτέροις
887 1078 1028 1129 εἰπών
1079 1085 1106 1108 “
1131 1077 1280 1143 Κάγὼ
1344 1077 1568 1144 ἐρωτήσω
1624 1076 1707 1127 τὸν

119 1168 145 1190 “
176 1160 368 1226 Πατέρα
408 1163 481 1211 καὶ
521 1162 676 1212 ἄλλον
705 1161 1026 1227 Παράκλητον
1065 1161 1207 1212 δώσει
1235 1162 1386 1223 ὑμῖν·”
1436 1159 1708 1227 ἀναφανδὸν

119 1246 167 1294 ἐν
206 1242 387 1296 τούτοις
419 1243 556 1297 αὐτὸς
592 1243 702 1306 ἡμῖν
732 1242 814 1294 τὸν
852 1243 1160 1308 παράκλητον
1189 1242 1519 1311 καταπέμψειν
1557 1243 1704 1307 ἐπαγ-

120 1324 360 1392 γέλλεται.

193 1406 389 1470 Ἐπειδὴ
429 1408 584 1458 τοίνυν
622 1406 999 1474 προβέβληνται,
1032 1412 1197 1473 φησὶν,
1226 1411 1288 1459 εἷς
1319 1406 1601 1470 ἀποστολὴν
1627 1405 1712 1469 τὴν

121 1491 169 1540 ἐν
210 1489 377 1558 κόσμω
416 1488 523 1540 καθ’
566 1489 818 1554 ὁμοιότητα
863 1488 948 1553 τὴν
987 1488 1116 1552 ἐμὴν,
1161 1491 1203 1539 οἱ
1244 1493 1340 1542 τοῖς
1382 1489 1507 1551 ἐμοῖς
1550 1486 1714 1553 λόγοις

121 1571 515 1637 προσεδρεύοντες
559 1572 768 1635 μαθηταί
803 1572 982 1640 Timo-ov
1021 1569 1200 1632 αὐτοὺς,
1241 1569 1347 1636 ἅγιε
1387 1569 1550 1638 Πατερ,
1589 1593 1628 1621 εν
1667 1573 1718 1627 τῆ

121 1652 309 1724 ἀληθειοι
347 1677 438 1713 σου,
466 1675 709 1704 τουτεστιν
741 1655 789 1703 ἐν
813 1656 880 1722 τῷ
911 1675 986 1703 σω
1014 1651 1178 1721 Λόγω,
1209 1654 1257 1703 ἐν
1283 1676 1320 1702 ω
1360 1675 1436 1702 και
1476 1653 1530 1703 δι’
1567 1652 1620 1702 οῦ
1659 1675 1713 1702 το
1733 1663 1760 1704 d

122 1733 359 1801 ἀγιάζον’
338 1758 439 1785 εστι
465 1758 514 1785 τε
542 1738 617 1786 καὶ
648 1733 837 1801 πρόεισι
865 1739 1074 1799 Πνεῦμα.
1132 1757 1206 1784 και
1235 1735 1304 1788 τίς
1336 1739 1484 1784 ταῦτα
1523 1733 1714 1798 λέγοντι

121 1821 187 1884 τῷ
214 1819 400 1882 Σωτῆρι
434 1816 648 1877 σκοπός;
693 1818 764 1884 ἐφ’
794 1817 915 1879 ἡμᾶς
954 1814 1122 1869 αὐτοὺς
1160 1815 1243 1866 τὸν
1280 1818 1328 1866 ἐν
1357 1815 1599 1877 Πνεύματι
1638 1817 1714 1865 καὶ

123 1897 198 1948 διὰ
226 1897 502 1961 Πνεύματος
531 1897 772 1964 ἁγιασμὸν
797 1897 953 1948 ἐκάλει
985 1897 1117 1963 παρὰ
1145 1896 1351 1963 Πατρὸς,
1388 1900 1462 1948 καὶ
1502 1897 1616 1962 ὅπερ
1656 1896 1714 1961 ῆν

122 1981 171 2030 ἐν
196 1980 305 2043 ἡμῖν
331 1978 425 2029 ἀπὸ
451 1979 653 2044 πρώτων
677 1982 760 2043 τῆς
786 1978 1011 2044 γενέσεως
1041 1980 1226 2047 χρόνων
1253 1982 1326 2030 καὶ
1363 1980 1411 2029 ἐν
1438 1981 1605 2046 ἀρχαῖς
1630 1985 1713 2029 τοῦ

122 2064 412 2124 πεποιῆσθαι
437 2060 567 2127 παρὰ
593 2065 733 2123 Θεοῦ,
760 2067 897 2111 τοῦτο
923 2059 1071 2112 πάλιν
1098 2062 1146 2112 ἐν
1172 2061 1281 2125 ἡμῖν
1307 2061 1714 2127 ἀναζωπυρεΐσθαι

124 2142 360 2203 βούλεται.
412 2144 486 2193 καὶ
517 2141 665 2193 ταῦτά
691 2148 861 2211 φαμεν,
888 2142 969 2194 ἅτε
1000 2142 1057 2207 δὴ
1091 2143 1417 2207 μεσιτεύοντος
1444 2145 1519 2193 καὶ
1551 2142 1605 2192 τὸ
1632 2149 1715 2193 τοῦ

57 2250 76 2275 2
86 2250 107 2286 5
124 2223 433 2289 παρακλήτου
467 2222 730 2290 πρόσωπον
757 2227 1146 2290 ἀποπληροῦντος
1179 2225 1294 2290 ὑπὲρ
1326 2225 1457 2288 ἡμῶν
1483 2223 1600 2290 πρὸς
1633 2224 1715 2275 τὸν

60 2660 109 2696 30

109 2309 173 2358 ,ἐν
213 2311 309 2360 τοῖς
353 2306 562 2372 οὐρανοῖς
604 2307 796 2372 Πατέρα
841 2312 923 2358 τοῦ
967 2311 1287 2372 Μονογενοῦς.
1359 2307 1469 2357 ἀλλ’
1517 2308 1591 2357 ἵνα
1631 2309 1714 2367 τῆς

125 2389 360 2456 ἀσαφείας
399 2389 473 2438 καὶ
513 2387 595 2439 τὸν
636 2391 710 2439 ἐπὶ
750 2389 902 2459 τούτῳ
945 2388 1094 2454 λόγον
1133 2388 1537 2446 ἀπαλλάττοντες,
1578 2387 1711 2439 εὐκά-

125 2492 302 2521 τοπτον
341 2473 436 2522 τοῖς
473 2469 782 2535 ἀκροωμένοις
818 2470 904 2534 τὴν
939 2475 1032 2521 τῶν
1058 2470 1307 2537 εἰρημένων
1333 2470 1715 2534 καταστήσωμεν

127 2550 340 2612 δύναμιν,
369 2550 482 2618 φέρε
509 2573 553 2600 τι
579 2551 736 2618 βραχὺ
761 2555 865 2618 περὶ
891 2558 973 2603 τοῦ
999 2551 1385 2618 πρωτοπλάστου
1412 2551 1641 2617 λέγωμεν.

1768 832 1874 882 Supra

1769 887 1836 907 xvl.
1856 886 1883 916 7.

1771 1088 1821 1119 ΙΙ),
1843 1089 1907 1119 xiv.

1776 1132 1823 1162 16.

192 2631 330 2697 ’Έφη
370 2630 526 2682 τοίνυν
571 2635 787 2697 Μωυσῆς
834 2635 858 2684 ὁ
899 2633 1152 2686 θεσπέσιος
1196 2637 1301 2697 περὶ
1343 2634 1498 2695 αὑτοῦ,
1541 2632 1611 2683 ὅτι
1656 2631 1752 2697 δὴῆ
1780 2657 1868 2690 988
1882 2657 1932 2690 Α,

129 2719 243 2780 χοῦν
281 2713 376 2764 ἀπὸ
414 2715 501 2778 γῆς
541 2713 708 2773 λαβὼν
739 2715 764 2764 ὁ
792 2714 913 2768 Θεὸς
952 2715 1135 2765 ἔπλασε
1170 2714 1252 2765 τὸν
1291 2715 1557 2779 ἄνθρωπον.
1614 2713 1711 2765 εἶτα
1772 2722 1904 2752 Gen-fi·

128 2795 182 2847 τὸ
233 2794 349 2863 ζῷον
390 2799 451 2848 εἰς
495 2794 577 2845 τὸν
620 2794 798 2845 τέλειον
843 2796 970 2861 ἄγων
1012 2796 1326 2861 ἀπαρτισμὸν,
1373 2796 1497 2849 ὅπως
1542 2819 1591 2847 τε
1636 2799 1710 2846 καὶ

1776 2772 1802 2804 7.

129 2878 233 2927 τίνα
270 2876 446 2941 τρόπον
481 2876 708 2944 ἐψυχώθη
748 2878 984 2927 διδάσκων
1021 2885 1045 2906 ‘⁶
1061 2878 1340 2945 ἐνεφύσησε,
1375 2880 1537 2944 φησὶν,
1564 2882 1624 2932 εἷς
1658 2877 1710 2927 τὸ
1772 2902 1822 2932 ῃ),
