<?xml version="1.0" encoding="UTF-8"?>
<!DOCTYPE html PUBLIC "-//W3C//DTD XHTML 1.0 Transitional//EN"
    "http://www.w3.org/TR/xhtml1/DTD/xhtml1-transitional.dtd">
<html xmlns="http://www.w3.org/1999/xhtml" xml:lang="en" lang="en">
 <head>
  <title>
</title>
<meta http-equiv="Content-Type" content="text/html;charset=utf-8" />
  <meta name='ocr-system' content='tesseract 3.04.00' />
  <meta name='ocr-capabilities' content='ocr_page ocr_carea ocr_par ocr_line ocrx_word'/>
</head>
<body>
  <div class='ocr_page' id='page_1' title='image "./operacyrilli04cyriuoft/operacyrilli04cyriuoft_0359.png"; bbox 0 0 2022 3272; ppageno 0'>
   <div class='ocr_carea' id='block_1_1' title="bbox 113 129 1695 176">
    <p class='ocr_par' dir='ltr' id='par_1_1' title="bbox 113 129 1695 176">
     <span class='ocr_line' id='line_1_1' title="bbox 113 129 1695 176; baseline 0 -7"><span class='ocrx_word' id='word_1_1' title='bbox 113 129 199 170; x_wconf 79' lang='lat' dir='ltr'>xiii.</span> <span class='ocrx_word' id='word_1_2' title='bbox 217 131 254 172; x_wconf 85' lang='lat'>8.</span> <span class='ocrx_word' id='word_1_3' title='bbox 489 135 560 175; x_wconf 94' lang='lat' dir='ltr'>IN</span> <span class='ocrx_word' id='word_1_4' title='bbox 604 136 647 176; x_wconf 90' lang='lat' dir='ltr'>S.</span> <span class='ocrx_word' id='word_1_5' title='bbox 682 135 1021 176; x_wconf 74' lang='lat' dir='ltr'><strong>JOANNEM.</strong></span> <span class='ocrx_word' id='word_1_6' title='bbox 1086 135 1208 175; x_wconf 78' lang='lat' dir='ltr'>Lll3.</span> <span class='ocrx_word' id='word_1_7' title='bbox 1246 135 1321 174; x_wconf 82' lang='lat' dir='ltr'>lx.</span> <span class='ocrx_word' id='word_1_8' title='bbox 1612 132 1695 170; x_wconf 49' lang='lat'>3117</span> 
     </span>
    </p>
   </div>
   <div class='ocr_carea' id='block_1_2' title="bbox 112 238 1697 474">
    <p class='ocr_par' dir='ltr' id='par_1_2' title="bbox 112 238 1697 474">
     <span class='ocr_line' id='line_1_2' title="bbox 113 238 1694 313; baseline -0.001 -24"><span class='ocrx_word' id='word_1_9' title='bbox 113 238 167 289; x_wconf 83' lang='grc' dir='ltr'>τὸ</span> <span class='ocrx_word' id='word_1_10' title='bbox 200 242 249 290; x_wconf 81' lang='grc' dir='ltr'>ἐκ</span> <span class='ocrx_word' id='word_1_11' title='bbox 283 247 367 292; x_wconf 91' lang='grc' dir='ltr'>τοῦ</span> <span class='ocrx_word' id='word_1_12' title='bbox 401 243 682 309; x_wconf 86' lang='grc' dir='ltr'>πράγματος</span> <span class='ocrx_word' id='word_1_13' title='bbox 720 245 883 313; x_wconf 76' lang='grc' dir='ltr'>ἄχθος,</span> <span class='ocrx_word' id='word_1_14' title='bbox 914 245 990 295; x_wconf 75' lang='grc' dir='ltr'>καὶ</span> <span class='ocrx_word' id='word_1_15' title='bbox 1025 247 1108 308; x_wconf 81' lang='grc' dir='ltr'>τῆς</span> <span class='ocrx_word' id='word_1_16' title='bbox 1143 244 1379 307; x_wconf 81' lang='grc' dir='ltr'>συνήθους</span> <span class='ocrx_word' id='word_1_17' title='bbox 1410 243 1485 291; x_wconf 83' lang='grc' dir='ltr'>καὶ</span> <span class='ocrx_word' id='word_1_18' title='bbox 1512 262 1694 305; x_wconf 91' lang='grc' dir='ltr'>τετριμ-</span> 
     </span>
     <span class='ocr_line' id='line_1_3' title="bbox 112 322 1694 396; baseline -0.009 -12"><span class='ocrx_word' id='word_1_19' title='bbox 112 322 254 386; x_wconf 63' lang='grc' dir='ltr'>μένης</span> <span class='ocrx_word' id='word_1_20' title='bbox 303 325 553 386; x_wconf 73' lang='grc' dir='ltr'>Εὖλαβείας</span> <span class='ocrx_word' id='word_1_21' title='bbox 602 328 728 396; x_wconf 76' lang='grc' dir='ltr'>αὐτῷ</span> <span class='ocrx_word' id='word_1_22' title='bbox 777 327 959 393; x_wconf 82' lang='grc' dir='ltr'>καρπὸν</span> <span class='ocrx_word' id='word_1_23' title='bbox 1008 331 1206 377; x_wconf 80' lang='grc' dir='ltr'>ποιεῖται</span> <span class='ocrx_word' id='word_1_24' title='bbox 1255 324 1341 390; x_wconf 85' lang='grc' dir='ltr'>τὴν</span> <span class='ocrx_word' id='word_1_25' title='bbox 1390 322 1694 389; x_wconf 81' lang='grc' dir='ltr'>παραίτησιν,</span> 
     </span>
     <span class='ocr_line' id='line_1_4' title="bbox 112 406 1697 474; baseline -0.005 -14"><span class='ocrx_word' id='word_1_26' title='bbox 112 407 269 458; x_wconf 67' lang='grc' dir='ltr'>συνεὶς</span> <span class='ocrx_word' id='word_1_27' title='bbox 304 406 352 457; x_wconf 74' lang='grc' dir='ltr'>δὲ</span> <span class='ocrx_word' id='word_1_28' title='bbox 390 408 520 458; x_wconf 75' lang='grc' dir='ltr'>οὔπω</span> <span class='ocrx_word' id='word_1_29' title='bbox 557 408 644 473; x_wconf 83' lang='grc' dir='ltr'>τὴν</span> <span class='ocrx_word' id='word_1_30' title='bbox 681 410 837 460; x_wconf 82' lang='grc' dir='ltr'>αἰτίαν</span> <span class='ocrx_word' id='word_1_31' title='bbox 875 414 958 460; x_wconf 90' lang='grc' dir='ltr'>τοῦ</span> <span class='ocrx_word' id='word_1_32' title='bbox 996 408 1291 474; x_wconf 83' lang='grc' dir='ltr'>πράγματος,</span> <span class='ocrx_word' id='word_1_33' title='bbox 1318 406 1464 457; x_wconf 78' lang='grc' dir='ltr'>οἴεταί</span> <span class='ocrx_word' id='word_1_34' title='bbox 1498 427 1541 455; x_wconf 91' lang='grc' dir='ltr'>τι</span> <span class='ocrx_word' id='word_1_35' title='bbox 1580 407 1697 468; x_wconf 80' lang='grc' dir='ltr'>δρᾶν</span> 
     </span>
    </p>
   </div>
   <div class='ocr_carea' id='block_1_3' title="bbox 112 486 1697 559">
    <p class='ocr_par' dir='ltr' id='par_1_3' title="bbox 112 486 1697 559">
     <span class='ocr_line' id='line_1_5' title="bbox 112 486 1697 559; baseline 0.001 -24"><span class='ocrx_word' id='word_1_36' title='bbox 112 489 211 552; x_wconf 82' lang='grc' dir='ltr'>εἰκῇ</span> <span class='ocrx_word' id='word_1_37' title='bbox 250 486 332 538; x_wconf 81' lang='grc' dir='ltr'>τὸν</span> <span class='ocrx_word' id='word_1_38' title='bbox 360 488 550 555; x_wconf 79' lang='grc' dir='ltr'>Κύριον,</span> <span class='ocrx_word' id='word_1_39' title='bbox 578 494 653 541; x_wconf 80' lang='grc' dir='ltr'>καὶ</span> <span class='ocrx_word' id='word_1_40' title='bbox 684 491 840 559; x_wconf 81' lang='grc' dir='ltr'>ψιλὴν</span> <span class='ocrx_word' id='word_1_41' title='bbox 873 492 1028 544; x_wconf 80' lang='grc' dir='ltr'>αὐτοῖς</span> <span class='ocrx_word' id='word_1_42' title='bbox 1067 497 1148 541; x_wconf 89' lang='grc' dir='ltr'>τοῦ</span> <span class='ocrx_word' id='word_1_43' title='bbox 1188 489 1412 553; x_wconf 80' lang='grc' dir='ltr'>σώματος</span> <span class='ocrx_word' id='word_1_44' title='bbox 1450 489 1697 549; x_wconf 78' lang='grc' dir='ltr'>ἐπινοῆσαι</span> 
     </span>
    </p>
   </div>
   <div class='ocr_carea' id='block_1_4' title="bbox 71 577 94 613">
    <p class='ocr_par' dir='ltr' id='par_1_4' title="bbox 71 577 94 613">
     <span class='ocr_line' id='line_1_6' title="bbox 71 577 94 613; textangle 90"><span class='ocrx_word' id='word_1_45' title='bbox 71 577 94 613; x_wconf 73' lang='lat' dir='ltr'>tn</span> 
     </span>
    </p>
   </div>
   <div class='ocr_carea' id='block_1_5' title="bbox 47 567 1743 1955">
    <p class='ocr_par' dir='ltr' id='par_1_5' title="bbox 47 567 1743 1955">
     <span class='ocr_line' id='line_1_7' title="bbox 114 567 1743 639; baseline 0.002 -22"><span class='ocrx_word' id='word_1_46' title='bbox 114 567 198 631; x_wconf 83' lang='grc' dir='ltr'>τὴν</span> <span class='ocrx_word' id='word_1_47' title='bbox 235 569 520 622; x_wconf 78' lang='grc' dir='ltr'>ἀνάπαυσιν·</span> <span class='ocrx_word' id='word_1_48' title='bbox 580 571 634 623; x_wconf 79' lang='grc' dir='ltr'>τὸ</span> <span class='ocrx_word' id='word_1_49' title='bbox 673 572 767 639; x_wconf 73' lang='grc' dir='ltr'>γὰρ</span> <span class='ocrx_word' id='word_1_50' title='bbox 807 572 1110 638; x_wconf 72' lang='grc' dir='ltr'>ἀπονίζεσθαι</span> <span class='ocrx_word' id='word_1_51' title='bbox 1148 572 1255 625; x_wconf 78' lang='grc' dir='ltr'>τοῦς</span> <span class='ocrx_word' id='word_1_52' title='bbox 1295 570 1443 624; x_wconf 75' lang='grc' dir='ltr'>πόδας</span> <span class='ocrx_word' id='word_1_53' title='bbox 1481 573 1743 621; x_wconf 68' lang='grc' dir='ltr'>συντελεῖά</span> 
     </span>
     <span class='ocr_line' id='line_1_8' title="bbox 112 652 1699 723; baseline 0.002 -22"><span class='ocrx_word' id='word_1_54' title='bbox 112 673 213 704; x_wconf 91' lang='grc' dir='ltr'>πως</span> <span class='ocrx_word' id='word_1_55' title='bbox 239 655 301 705; x_wconf 84' lang='grc' dir='ltr'>εὶς</span> <span class='ocrx_word' id='word_1_56' title='bbox 327 658 482 716; x_wconf 89' lang='grc' dir='ltr'>τοῦτο,</span> <span class='ocrx_word' id='word_1_57' title='bbox 509 656 585 705; x_wconf 80' lang='grc' dir='ltr'>καὶ</span> <span class='ocrx_word' id='word_1_58' title='bbox 611 656 809 721; x_wconf 80' lang='grc' dir='ltr'>μετρίως</span> <span class='ocrx_word' id='word_1_59' title='bbox 835 657 1062 723; x_wconf 77' lang='grc' dir='ltr'>ἀποχαλᾷ</span> <span class='ocrx_word' id='word_1_60' title='bbox 1088 654 1173 719; x_wconf 86' lang='grc' dir='ltr'>τὴν</span> <span class='ocrx_word' id='word_1_61' title='bbox 1199 656 1249 705; x_wconf 87' lang='grc' dir='ltr'>ἐκ</span> <span class='ocrx_word' id='word_1_62' title='bbox 1283 659 1367 704; x_wconf 90' lang='grc' dir='ltr'>τοῦ</span> <span class='ocrx_word' id='word_1_63' title='bbox 1401 652 1699 714; x_wconf 75' lang='grc' dir='ltr'>βαδίσματος</span> 
     </span>
     <span class='ocr_line' id='line_1_9' title="bbox 113 732 1698 806; baseline 0 -24"><span class='ocrx_word' id='word_1_64' title='bbox 113 732 307 783; x_wconf 81' lang='grc' dir='ltr'>στάσιν·</span> <span class='ocrx_word' id='word_1_65' title='bbox 351 733 426 784; x_wconf 80' lang='grc' dir='ltr'>διὰ</span> <span class='ocrx_word' id='word_1_66' title='bbox 453 742 593 787; x_wconf 91' lang='grc' dir='ltr'>τοῦτο</span> <span class='ocrx_word' id='word_1_67' title='bbox 620 739 695 787; x_wconf 82' lang='grc' dir='ltr'>καὶ</span> <span class='ocrx_word' id='word_1_68' title='bbox 721 738 916 806; x_wconf 87' lang='grc' dir='ltr'>σφόδρα</span> <span class='ocrx_word' id='word_1_69' title='bbox 941 741 1122 803; x_wconf 80' lang='grc' dir='ltr'>θερμῶς</span> <span class='ocrx_word' id='word_1_70' title='bbox 1154 737 1344 803; x_wconf 83' lang='grc' dir='ltr'>ε’νείργει</span> <span class='ocrx_word' id='word_1_71' title='bbox 1378 734 1533 800; x_wconf 77' lang='grc' dir='ltr'>λέγων</span> <span class='ocrx_word' id='word_1_72' title='bbox 1562 732 1698 803; x_wconf 74' lang='grc' dir='ltr'>Κύριε,</span> 
     </span>
     <span class='ocr_line' id='line_1_10' title="bbox 113 813 1700 886; baseline 0 -22"><span class='ocrx_word' id='word_1_73' title='bbox 113 814 171 865; x_wconf 73' lang='grc' dir='ltr'>σύ</span> <span class='ocrx_word' id='word_1_74' title='bbox 204 840 291 883; x_wconf 75' lang='grc' dir='ltr'>μου</span> <span class='ocrx_word' id='word_1_75' title='bbox 331 820 495 873; x_wconf 79' lang='grc' dir='ltr'>νίπτεις</span> <span class='ocrx_word' id='word_1_76' title='bbox 533 819 629 874; x_wconf 58' lang='grc' dir='ltr'>τοὺς</span> <span class='ocrx_word' id='word_1_77' title='bbox 662 817 836 879; x_wconf 52' lang='grc' dir='ltr'>πόθοιςς</span> <span class='ocrx_word' id='word_1_78' title='bbox 878 820 967 870; x_wconf 75' lang='grc' dir='ltr'>ἔδει</span> <span class='ocrx_word' id='word_1_79' title='bbox 1005 819 1099 885; x_wconf 77' lang='grc' dir='ltr'>γὰρ</span> <span class='ocrx_word' id='word_1_80' title='bbox 1138 818 1239 881; x_wconf 70' lang='grc' dir='ltr'>ἔδει,</span> <span class='ocrx_word' id='word_1_81' title='bbox 1268 819 1406 886; x_wconf 73' lang='grc' dir='ltr'>φησὶ,</span> <span class='ocrx_word' id='word_1_82' title='bbox 1432 815 1540 869; x_wconf 77' lang='grc' dir='ltr'>τοὺς</span> <span class='ocrx_word' id='word_1_83' title='bbox 1579 813 1700 865; x_wconf 79' lang='grc' dir='ltr'>κατὰ</span> 
     </span>
     <span class='ocr_line' id='line_1_11' title="bbox 114 896 1701 969; baseline 0 -22"><span class='ocrx_word' id='word_1_84' title='bbox 114 896 265 963; x_wconf 80' lang='grc' dir='ltr'>φύσιν</span> <span class='ocrx_word' id='word_1_85' title='bbox 300 899 478 953; x_wconf 74' lang='grc' dir='ltr'>οἰκέτας</span> <span class='ocrx_word' id='word_1_86' title='bbox 515 906 654 952; x_wconf 90' lang='grc' dir='ltr'>τοῦτο</span> <span class='ocrx_word' id='word_1_87' title='bbox 691 901 915 968; x_wconf 86' lang='grc' dir='ltr'>πράττειν</span> <span class='ocrx_word' id='word_1_88' title='bbox 954 902 1091 965; x_wconf 80' lang='grc' dir='ltr'>ἡμᾶς,</span> <span class='ocrx_word' id='word_1_89' title='bbox 1121 901 1229 969; x_wconf 80' lang='grc' dir='ltr'>οὐχί</span> <span class='ocrx_word' id='word_1_90' title='bbox 1262 923 1320 950; x_wconf 92' lang='grc' dir='ltr'>σε</span> <span class='ocrx_word' id='word_1_91' title='bbox 1359 899 1443 950; x_wconf 83' lang='grc' dir='ltr'>τὸν</span> <span class='ocrx_word' id='word_1_92' title='bbox 1477 897 1701 949; x_wconf 80' lang='grc' dir='ltr'>ἁπάντων</span> 
     </span>
     <span class='ocr_line' id='line_1_12' title="bbox 47 979 1701 1049; baseline -0.001 -19"><span class='ocrx_word' id='word_1_93' title='bbox 47 993 95 1018; x_wconf 91' lang='lat'>10</span> <span class='ocrx_word' id='word_1_94' title='bbox 117 979 307 1045; x_wconf 82' lang='grc' dir='ltr'>Κύριον.</span> <span class='ocrx_word' id='word_1_95' title='bbox 358 983 470 1032; x_wconf 84' lang='grc' dir='ltr'>ἀλλ’</span> <span class='ocrx_word' id='word_1_96' title='bbox 500 984 794 1049; x_wconf 83' lang='grc' dir='ltr'>ὑπερτίθεται</span> <span class='ocrx_word' id='word_1_97' title='bbox 820 982 903 1047; x_wconf 79' lang='grc' dir='ltr'>μὲν</span> <span class='ocrx_word' id='word_1_98' title='bbox 929 989 1013 1035; x_wconf 93' lang='grc' dir='ltr'>τοῦ</span> <span class='ocrx_word' id='word_1_99' title='bbox 1048 983 1330 1049; x_wconf 86' lang='grc' dir='ltr'>πράγματος</span> <span class='ocrx_word' id='word_1_100' title='bbox 1359 980 1445 1045; x_wconf 81' lang='grc' dir='ltr'>τὴν</span> <span class='ocrx_word' id='word_1_101' title='bbox 1470 979 1701 1048; x_wconf 76' lang='grc' dir='ltr'>ἐξήγησιν</span> 
     </span>
     <span class='ocr_line' id='line_1_13' title="bbox 113 1061 1702 1134; baseline 0 -22"><span class='ocrx_word' id='word_1_102' title='bbox 113 1065 175 1114; x_wconf 81' lang='grc' dir='ltr'>εἰς</span> <span class='ocrx_word' id='word_1_103' title='bbox 219 1061 380 1129; x_wconf 81' lang='grc' dir='ltr'>καιρὸν</span> <span class='ocrx_word' id='word_1_104' title='bbox 418 1065 443 1114; x_wconf 83' lang='grc' dir='ltr'><em>ὁ</em></span> <span class='ocrx_word' id='word_1_105' title='bbox 488 1064 716 1132; x_wconf 81' lang='grc' dir='ltr'>Χριστὸς,</span> <span class='ocrx_word' id='word_1_106' title='bbox 756 1065 826 1117; x_wconf 79' lang='grc' dir='ltr'>ὅτι</span> <span class='ocrx_word' id='word_1_107' title='bbox 870 1065 1020 1132; x_wconf 85' lang='grc' dir='ltr'>γεμὴν</span> <span class='ocrx_word' id='word_1_108' title='bbox 1058 1065 1441 1134; x_wconf 76' lang='grc' dir='ltr'>ἀξιολογωτέραν</span> <span class='ocrx_word' id='word_1_109' title='bbox 1479 1064 1576 1130; x_wconf 75' lang='grc' dir='ltr'>ἔχοι</span> <span class='ocrx_word' id='word_1_110' title='bbox 1616 1062 1702 1126; x_wconf 89' lang='grc' dir='ltr'>τὴν</span> 
     </span>
     <span class='ocr_line' id='line_1_14' title="bbox 113 1143 1699 1216; baseline 0.002 -23"><span class='ocrx_word' id='word_1_111' title='bbox 113 1143 279 1208; x_wconf 79' lang='grc' dir='ltr'>αἰτίαν,</span> <span class='ocrx_word' id='word_1_112' title='bbox 310 1143 364 1196; x_wconf 85' lang='grc' dir='ltr'>τὸ</span> <span class='ocrx_word' id='word_1_113' title='bbox 403 1148 512 1214; x_wconf 83' lang='grc' dir='ltr'>παρ’</span> <span class='ocrx_word' id='word_1_114' title='bbox 540 1148 683 1199; x_wconf 76' lang='grc' dir='ltr'>αὐτοῦ</span> <span class='ocrx_word' id='word_1_115' title='bbox 724 1148 919 1215; x_wconf 85' lang='grc' dir='ltr'>γεγονὸς</span> <span class='ocrx_word' id='word_1_116' title='bbox 957 1147 1185 1212; x_wconf 88' lang='grc' dir='ltr'>συνήσειν</span> <span class='ocrx_word' id='word_1_117' title='bbox 1217 1149 1341 1216; x_wconf 83' lang='grc' dir='ltr'>φησὶ</span> <span class='ocrx_word' id='word_1_118' title='bbox 1379 1145 1501 1214; x_wconf 56' lang='grc' dir='ltr'>μετὰ</span> <span class='ocrx_word' id='word_1_119' title='bbox 1538 1147 1699 1208; x_wconf 73' lang='grc' dir='ltr'>ταῦτα,</span> 
     </span>
     <span class='ocr_line' id='line_1_15' title="bbox 113 1225 1739 1297; baseline 0.003 -21"><span class='ocrx_word' id='word_1_120' title='bbox 113 1225 226 1277; x_wconf 80' lang='grc' dir='ltr'>ὅταν</span> <span class='ocrx_word' id='word_1_121' title='bbox 254 1227 474 1291; x_wconf 86' lang='grc' dir='ltr'>δηλονότι</span> <span class='ocrx_word' id='word_1_122' title='bbox 499 1230 800 1297; x_wconf 77' lang='grc' dir='ltr'>πλατυτέραν</span> <span class='ocrx_word' id='word_1_123' title='bbox 825 1232 932 1297; x_wconf 81' lang='grc' dir='ltr'>περὶ</span> <span class='ocrx_word' id='word_1_124' title='bbox 960 1231 1103 1281; x_wconf 79' lang='grc' dir='ltr'>αὐτοῦ</span> <span class='ocrx_word' id='word_1_125' title='bbox 1125 1234 1323 1281; x_wconf 80' lang='grc' dir='ltr'>ποιεῖται</span> <span class='ocrx_word' id='word_1_126' title='bbox 1350 1228 1435 1293; x_wconf 87' lang='grc' dir='ltr'>τὴν</span> <span class='ocrx_word' id='word_1_127' title='bbox 1454 1228 1697 1297; x_wconf 76' lang='grc' dir='ltr'>ἐξήγησιν.</span> <span class='ocrx_word' id='word_1_128' title='bbox 1717 1254 1739 1281; x_wconf 82' lang='lat' dir='ltr'>e</span> 
     </span>
     <span class='ocr_line' id='line_1_16' title="bbox 185 1308 1702 1376; baseline 0 -17"><span class='ocrx_word' id='word_1_129' title='bbox 185 1308 383 1374; x_wconf 88' lang='grc' dir='ltr'>Ὀνήσει</span> <span class='ocrx_word' id='word_1_130' title='bbox 418 1310 466 1362; x_wconf 76' lang='grc' dir='ltr'>δὲ</span> <span class='ocrx_word' id='word_1_131' title='bbox 500 1312 610 1363; x_wconf 86' lang='grc' dir='ltr'>λίαν</span> <span class='ocrx_word' id='word_1_132' title='bbox 638 1314 714 1363; x_wconf 75' lang='grc' dir='ltr'>καὶ</span> <span class='ocrx_word' id='word_1_133' title='bbox 747 1319 887 1363; x_wconf 89' lang='grc' dir='ltr'>τοῦτο</span> <span class='ocrx_word' id='word_1_134' title='bbox 921 1312 1069 1364; x_wconf 85' lang='grc' dir='ltr'>πάλιν</span> <span class='ocrx_word' id='word_1_135' title='bbox 1100 1312 1220 1376; x_wconf 81' lang='grc' dir='ltr'>ἡμᾶς</span> <span class='ocrx_word' id='word_1_136' title='bbox 1255 1309 1373 1375; x_wconf 76' lang='grc' dir='ltr'>μετὰ</span> <span class='ocrx_word' id='word_1_137' title='bbox 1406 1315 1501 1361; x_wconf 83' lang='grc' dir='ltr'>τῶν</span> <span class='ocrx_word' id='word_1_138' title='bbox 1534 1309 1702 1360; x_wconf 76' lang='grc' dir='ltr'>ἄλλων</span> 
     </span>
     <span class='ocr_line' id='line_1_17' title="bbox 48 1391 1698 1462; baseline 0 -19"><span class='ocrx_word' id='word_1_139' title='bbox 48 1405 93 1443; x_wconf 88' lang='lat'>15</span> <span class='ocrx_word' id='word_1_140' title='bbox 113 1391 167 1441; x_wconf 81' lang='grc' dir='ltr'>οὐ</span> <span class='ocrx_word' id='word_1_141' title='bbox 212 1396 404 1458; x_wconf 78' lang='grc' dir='ltr'>μικρῶς.</span> <span class='ocrx_word' id='word_1_142' title='bbox 475 1394 557 1444; x_wconf 85' lang='grc' dir='ltr'>θέα</span> <span class='ocrx_word' id='word_1_143' title='bbox 600 1394 693 1462; x_wconf 81' lang='grc' dir='ltr'>γὰρ</span> <span class='ocrx_word' id='word_1_144' title='bbox 737 1394 863 1449; x_wconf 78' lang='grc' dir='ltr'>ὅπως</span> <span class='ocrx_word' id='word_1_145' title='bbox 910 1400 1071 1461; x_wconf 86' lang='grc' dir='ltr'>καιροῦ</span> <span class='ocrx_word' id='word_1_146' title='bbox 1122 1400 1380 1448; x_wconf 85' lang='grc' dir='ltr'>καλοῦντος</span> <span class='ocrx_word' id='word_1_147' title='bbox 1430 1397 1491 1447; x_wconf 83' lang='grc' dir='ltr'>εἰς</span> <span class='ocrx_word' id='word_1_148' title='bbox 1542 1393 1698 1459; x_wconf 73' lang='grc' dir='ltr'>ἔργον,</span> 
     </span>
     <span class='ocr_line' id='line_1_18' title="bbox 115 1475 1702 1544; baseline 0.003 -20"><span class='ocrx_word' id='word_1_149' title='bbox 115 1475 406 1540; x_wconf 82' lang='grc' dir='ltr'>ὑπερτίθεται</span> <span class='ocrx_word' id='word_1_150' title='bbox 445 1475 528 1526; x_wconf 85' lang='grc' dir='ltr'>τὸν</span> <span class='ocrx_word' id='word_1_151' title='bbox 565 1476 728 1543; x_wconf 84' lang='grc' dir='ltr'>λόγον,</span> <span class='ocrx_word' id='word_1_152' title='bbox 767 1482 929 1544; x_wconf 85' lang='grc' dir='ltr'>καιροῦ</span> <span class='ocrx_word' id='word_1_153' title='bbox 968 1475 1017 1527; x_wconf 74' lang='grc' dir='ltr'>δὲ</span> <span class='ocrx_word' id='word_1_154' title='bbox 1057 1477 1115 1527; x_wconf 83' lang='grc' dir='ltr'>αῦ</span> <span class='ocrx_word' id='word_1_155' title='bbox 1151 1476 1299 1528; x_wconf 89' lang='grc' dir='ltr'>πάλιν</span> <span class='ocrx_word' id='word_1_156' title='bbox 1335 1476 1600 1541; x_wconf 84' lang='grc' dir='ltr'>ἐπείγοντος</span> <span class='ocrx_word' id='word_1_157' title='bbox 1639 1479 1702 1529; x_wconf 80' lang='grc' dir='ltr'>εἰς</span> 
     </span>
     <span class='ocr_line' id='line_1_19' title="bbox 114 1554 1702 1626; baseline 0.001 -20"><span class='ocrx_word' id='word_1_158' title='bbox 114 1554 263 1620; x_wconf 83' lang='grc' dir='ltr'>λόγον</span> <span class='ocrx_word' id='word_1_159' title='bbox 302 1557 549 1610; x_wconf 78' lang='grc' dir='ltr'>ἀναδύεται</span> <span class='ocrx_word' id='word_1_160' title='bbox 592 1559 646 1610; x_wconf 82' lang='grc' dir='ltr'>τὸ</span> <span class='ocrx_word' id='word_1_161' title='bbox 693 1563 826 1626; x_wconf 81' lang='grc' dir='ltr'>δρᾶν·</span> <span class='ocrx_word' id='word_1_162' title='bbox 895 1558 1052 1610; x_wconf 88' lang='grc' dir='ltr'>πάντα</span> <span class='ocrx_word' id='word_1_163' title='bbox 1095 1558 1188 1625; x_wconf 77' lang='grc' dir='ltr'>γὰρ</span> <span class='ocrx_word' id='word_1_164' title='bbox 1233 1563 1408 1625; x_wconf 79' lang='grc' dir='ltr'>καιροῖς</span> <span class='ocrx_word' id='word_1_165' title='bbox 1452 1556 1702 1621; x_wconf 73' lang='grc' dir='ltr'>ἀπονέμων</span> 
     </span>
     <span class='ocr_line' id='line_1_20' title="bbox 114 1640 1701 1707; baseline 0.002 -19"><span class='ocrx_word' id='word_1_166' title='bbox 114 1643 210 1691; x_wconf 83' lang='grc' dir='ltr'>τοῖς</span> <span class='ocrx_word' id='word_1_167' title='bbox 256 1640 433 1691; x_wconf 83' lang='grc' dir='ltr'>ἐοικόσι</span> <span class='ocrx_word' id='word_1_168' title='bbox 477 1642 554 1692; x_wconf 76' lang='grc' dir='ltr'>καὶ</span> <span class='ocrx_word' id='word_1_169' title='bbox 604 1642 871 1707; x_wconf 75' lang='grc' dir='ltr'>πρέπουσιν</span> <span class='ocrx_word' id='word_1_170' title='bbox 922 1641 995 1706; x_wconf 79' lang='grc' dir='ltr'>ἦν.</span> <span class='ocrx_word' id='word_1_171' title='bbox 1057 1640 1364 1694; x_wconf 79' lang='grc' dir='ltr'>ἀνανεύοντος</span> <span class='ocrx_word' id='word_1_172' title='bbox 1410 1641 1567 1691; x_wconf 87' lang='grc' dir='ltr'>τοίνυν</span> <span class='ocrx_word' id='word_1_173' title='bbox 1618 1646 1701 1691; x_wconf 92' lang='grc' dir='ltr'>τοῦ</span> 
     </span>
     <span class='ocr_line' id='line_1_21' title="bbox 116 1720 1702 1793; baseline 0.001 -22"><span class='ocrx_word' id='word_1_174' title='bbox 116 1720 316 1788; x_wconf 78' lang='grc' dir='ltr'>Πέτρου,</span> <span class='ocrx_word' id='word_1_175' title='bbox 358 1725 433 1774; x_wconf 82' lang='grc' dir='ltr'>καὶ</span> <span class='ocrx_word' id='word_1_176' title='bbox 477 1723 846 1793; x_wconf 78' lang='grc' dir='ltr'>ἀποφάσκοντος</span> <span class='ocrx_word' id='word_1_177' title='bbox 889 1725 1096 1790; x_wconf 82' lang='grc' dir='ltr'>ἐναργῶς</span> <span class='ocrx_word' id='word_1_178' title='bbox 1142 1724 1225 1774; x_wconf 85' lang='grc' dir='ltr'>οῦκ</span> <span class='ocrx_word' id='word_1_179' title='bbox 1268 1722 1327 1774; x_wconf 77' lang='grc' dir='ltr'>ἂν</span> <span class='ocrx_word' id='word_1_180' title='bbox 1371 1724 1514 1773; x_wconf 80' lang='grc' dir='ltr'>αὑτοῦ</span> <span class='ocrx_word' id='word_1_181' title='bbox 1564 1723 1702 1791; x_wconf 76' lang='grc' dir='ltr'>νίψαι</span> 
     </span>
     <span class='ocr_line' id='line_1_22' title="bbox 47 1801 1703 1872; baseline 0.001 -18"><span class='ocrx_word' id='word_1_182' title='bbox 47 1823 95 1848; x_wconf 88' lang='lat'>20</span> <span class='ocrx_word' id='word_1_183' title='bbox 115 1801 210 1858; x_wconf 62' lang='grc' dir='ltr'>τοὶς</span> <span class='ocrx_word' id='word_1_184' title='bbox 261 1802 409 1860; x_wconf 47' lang='grc' dir='ltr'>πόθοις</span> <span class='ocrx_word' id='word_1_185' title='bbox 459 1811 515 1861; x_wconf 74' lang='grc' dir='ltr'>εἰς</span> <span class='ocrx_word' id='word_1_186' title='bbox 568 1806 634 1858; x_wconf 66' lang='grc' dir='ltr'>τὶν</span> <span class='ocrx_word' id='word_1_187' title='bbox 686 1806 839 1869; x_wconf 47' lang='lat' dir='ltr'>aidum,</span> <span class='ocrx_word' id='word_1_188' title='bbox 881 1805 967 1870; x_wconf 84' lang='grc' dir='ltr'>τὴν</span> <span class='ocrx_word' id='word_1_189' title='bbox 1009 1806 1238 1870; x_wconf 77' lang='grc' dir='ltr'>ἐσομένην</span> <span class='ocrx_word' id='word_1_190' title='bbox 1282 1805 1448 1872; x_wconf 72' lang='grc' dir='ltr'>ζημίαν</span> <span class='ocrx_word' id='word_1_191' title='bbox 1493 1807 1703 1856; x_wconf 87' lang='grc' dir='ltr'>ἐντεῦθεν</span> 
     </span>
     <span class='ocr_line' id='line_1_23' title="bbox 115 1887 1105 1955; baseline 0.003 -19"><span class='ocrx_word' id='word_1_192' title='bbox 115 1887 326 1953; x_wconf 80' lang='grc' dir='ltr'>φανερὰν</span> <span class='ocrx_word' id='word_1_193' title='bbox 365 1889 390 1939; x_wconf 86' lang='grc' dir='ltr'><strong>ὁ</strong></span> <span class='ocrx_word' id='word_1_194' title='bbox 431 1887 599 1955; x_wconf 83' lang='grc' dir='ltr'>Σωτὴρ</span> <span class='ocrx_word' id='word_1_195' title='bbox 638 1890 896 1952; x_wconf 82' lang='grc' dir='ltr'>καθίστησι</span> <span class='ocrx_word' id='word_1_196' title='bbox 934 1889 1105 1954; x_wconf 75' lang='grc' dir='ltr'>λε’γων·</span> 
     </span>
    </p>
   </div>
   <div class='ocr_carea' id='block_1_6' title="bbox 50 2063 1923 2807">
    <p class='ocr_par' dir='ltr' id='par_1_6' title="bbox 50 2063 1923 2807">
     <span class='ocr_line' id='line_1_24' title="bbox 129 2063 1923 2123; baseline 0.001 -17"><span class='ocrx_word' id='word_1_197' title='bbox 129 2065 360 2123; x_wconf 75' lang='grc' dir='ltr'>ἈΠεκρίθΗ</span> <span class='ocrx_word' id='word_1_198' title='bbox 399 2067 516 2122; x_wconf 76' lang='grc' dir='ltr'>αὐτῷ</span> <span class='ocrx_word' id='word_1_199' title='bbox 553 2067 575 2110; x_wconf 86' lang='grc' dir='ltr'><strong>ὁ</strong></span> <span class='ocrx_word' id='word_1_200' title='bbox 607 2067 773 2109; x_wconf 76' lang='grc' dir='ltr'>ἸΗσοῦο</span> <span class='ocrx_word' id='word_1_201' title='bbox 806 2066 911 2108; x_wconf 81' lang='grc' dir='ltr'>Ἐὰν</span> <span class='ocrx_word' id='word_1_202' title='bbox 949 2065 1005 2115; x_wconf 62' lang='grc' dir='ltr'>μὴ</span> <span class='ocrx_word' id='word_1_203' title='bbox 1047 2065 1159 2117; x_wconf 79' lang='grc' dir='ltr'>νίψω</span> <span class='ocrx_word' id='word_1_204' title='bbox 1197 2081 1255 2116; x_wconf 80' lang='grc' dir='ltr'>σε,</span> <span class='ocrx_word' id='word_1_205' title='bbox 1293 2066 1369 2106; x_wconf 85' lang='grc' dir='ltr'>οὐκ</span> <span class='ocrx_word' id='word_1_206' title='bbox 1406 2063 1516 2121; x_wconf 70' lang='grc' dir='ltr'>ἔχεις</span> <span class='ocrx_word' id='word_1_207' title='bbox 1552 2064 1682 2121; x_wconf 65' lang='grc' dir='ltr'>μέρος</span> <span class='ocrx_word' id='word_1_208' title='bbox 1717 2083 1740 2107; x_wconf 83' lang='lat' dir='ltr'>a</span> <span class='ocrx_word' id='word_1_209' title='bbox 1772 2072 1855 2109; x_wconf 84' lang='lat'>723</span> <span class='ocrx_word' id='word_1_210' title='bbox 1871 2072 1923 2107; x_wconf 90' lang='lat' dir='ltr'>A.</span> 
     </span>
     <span class='ocr_line' id='line_1_25' title="bbox 784 2150 1029 2199; baseline 0.004 -8"><span class='ocrx_word' id='word_1_211' title='bbox 784 2151 868 2199; x_wconf 80' lang='grc' dir='ltr'>μετ’</span> <span class='ocrx_word' id='word_1_212' title='bbox 910 2150 1029 2199; x_wconf 82' lang='grc' dir='ltr'>ἐμοῦ.</span> 
     </span>
     <span class='ocr_line' id='line_1_26' title="bbox 182 2243 1702 2316; baseline -0.001 -20"><span class='ocrx_word' id='word_1_213' title='bbox 182 2244 346 2298; x_wconf 65' lang='grc' dir='ltr'>“Οσον</span> <span class='ocrx_word' id='word_1_214' title='bbox 379 2246 464 2311; x_wconf 71' lang='grc' dir='ltr'>μὲν</span> <span class='ocrx_word' id='word_1_215' title='bbox 502 2247 584 2298; x_wconf 82' lang='grc' dir='ltr'>οῦν</span> <span class='ocrx_word' id='word_1_216' title='bbox 621 2247 731 2312; x_wconf 78' lang='grc' dir='ltr'>ἧκεν</span> <span class='ocrx_word' id='word_1_217' title='bbox 769 2250 831 2301; x_wconf 82' lang='grc' dir='ltr'>εὶς</span> <span class='ocrx_word' id='word_1_218' title='bbox 870 2247 952 2298; x_wconf 83' lang='grc' dir='ltr'>τὸν</span> <span class='ocrx_word' id='word_1_219' title='bbox 991 2248 1176 2316; x_wconf 83' lang='grc' dir='ltr'>ἐμφανῆ</span> <span class='ocrx_word' id='word_1_220' title='bbox 1217 2247 1292 2296; x_wconf 80' lang='grc' dir='ltr'>καὶ</span> <span class='ocrx_word' id='word_1_221' title='bbox 1330 2243 1581 2311; x_wconf 83' lang='grc' dir='ltr'>πρόχειρον</span> <span class='ocrx_word' id='word_1_222' title='bbox 1618 2250 1702 2294; x_wconf 90' lang='grc' dir='ltr'>τοῦ</span> 
     </span>
     <span class='ocr_line' id='line_1_27' title="bbox 50 2326 1702 2398; baseline -0.001 -20"><span class='ocrx_word' id='word_1_223' title='bbox 50 2350 97 2390; x_wconf 88' lang='lat'>25</span> <span class='ocrx_word' id='word_1_224' title='bbox 117 2328 419 2394; x_wconf 70' lang='grc' dir='ltr'>προκειμένου</span> <span class='ocrx_word' id='word_1_225' title='bbox 445 2329 630 2381; x_wconf 85' lang='grc' dir='ltr'>σκοπόν</span> <span class='ocrx_word' id='word_1_226' title='bbox 657 2333 716 2380; x_wconf 79' lang='grc' dir='ltr'>Εἰ</span> <span class='ocrx_word' id='word_1_227' title='bbox 746 2328 811 2394; x_wconf 88' lang='grc' dir='ltr'>μὴ</span> <span class='ocrx_word' id='word_1_228' title='bbox 843 2328 1133 2398; x_wconf 73' lang='grc' dir='ltr'>καταδέξαιο,</span> <span class='ocrx_word' id='word_1_229' title='bbox 1159 2329 1297 2397; x_wconf 72' lang='grc' dir='ltr'>φησὶ,</span> <span class='ocrx_word' id='word_1_230' title='bbox 1323 2327 1377 2378; x_wconf 81' lang='grc' dir='ltr'>τὸ</span> <span class='ocrx_word' id='word_1_231' title='bbox 1404 2326 1539 2396; x_wconf 73' lang='grc' dir='ltr'>ξένον</span> <span class='ocrx_word' id='word_1_232' title='bbox 1563 2332 1702 2377; x_wconf 89' lang='grc' dir='ltr'>τοῦτο</span> 
     </span>
     <span class='ocr_line' id='line_1_28' title="bbox 118 2409 1704 2481; baseline -0.002 -20"><span class='ocrx_word' id='word_1_233' title='bbox 118 2413 193 2461; x_wconf 78' lang='grc' dir='ltr'>καὶ</span> <span class='ocrx_word' id='word_1_234' title='bbox 220 2411 360 2474; x_wconf 77' lang='grc' dir='ltr'>ἄηθες</span> <span class='ocrx_word' id='word_1_235' title='bbox 383 2415 465 2476; x_wconf 83' lang='grc' dir='ltr'>τῆς</span> <span class='ocrx_word' id='word_1_236' title='bbox 495 2411 935 2481; x_wconf 76' lang='grc' dir='ltr'>ταπεινοφροσύνης</span> <span class='ocrx_word' id='word_1_237' title='bbox 971 2409 1184 2475; x_wconf 89' lang='grc' dir='ltr'>μάθημα,</span> <span class='ocrx_word' id='word_1_238' title='bbox 1214 2409 1379 2476; x_wconf 89' lang='grc' dir='ltr'>μερίδα</span> <span class='ocrx_word' id='word_1_239' title='bbox 1415 2411 1491 2459; x_wconf 78' lang='grc' dir='ltr'>καὶ</span> <span class='ocrx_word' id='word_1_240' title='bbox 1525 2411 1704 2474; x_wconf 82' lang='grc' dir='ltr'>κλῆρον</span> 
     </span>
     <span class='ocr_line' id='line_1_29' title="bbox 119 2490 1704 2561; baseline -0.002 -19"><span class='ocrx_word' id='word_1_241' title='bbox 119 2493 203 2542; x_wconf 81' lang='grc' dir='ltr'>οὐκ</span> <span class='ocrx_word' id='word_1_242' title='bbox 240 2491 297 2542; x_wconf 77' lang='grc' dir='ltr'>ἂν</span> <span class='ocrx_word' id='word_1_243' title='bbox 322 2494 470 2558; x_wconf 76' lang='grc' dir='ltr'>εὕροις</span> <span class='ocrx_word' id='word_1_244' title='bbox 496 2497 590 2561; x_wconf 82' lang='grc' dir='ltr'>μετ’</span> <span class='ocrx_word' id='word_1_245' title='bbox 619 2495 735 2561; x_wconf 78' lang='grc' dir='ltr'>ἐμοῦ.</span> <span class='ocrx_word' id='word_1_246' title='bbox 787 2491 941 2556; x_wconf 85' lang='grc' dir='ltr'>ἐπειδὴ</span> <span class='ocrx_word' id='word_1_247' title='bbox 974 2493 1022 2544; x_wconf 80' lang='grc' dir='ltr'>δὲ</span> <span class='ocrx_word' id='word_1_248' title='bbox 1053 2491 1291 2545; x_wconf 86' lang='grc' dir='ltr'>πολλάκις</span> <span class='ocrx_word' id='word_1_249' title='bbox 1318 2493 1343 2542; x_wconf 83' lang='grc' dir='ltr'><strong>ὁ</strong></span> <span class='ocrx_word' id='word_1_250' title='bbox 1373 2491 1545 2556; x_wconf 88' lang='grc' dir='ltr'>Κύριος</span> <span class='ocrx_word' id='word_1_251' title='bbox 1571 2490 1704 2553; x_wconf 81' lang='grc' dir='ltr'>ἡμῶν</span> 
     </span>
     <span class='ocr_line' id='line_1_30' title="bbox 118 2569 1700 2640; baseline -0.001 -15"><span class='ocrx_word' id='word_1_252' title='bbox 118 2576 307 2639; x_wconf 87' lang='grc' dir='ltr'>Ἰησοῦς</span> <span class='ocrx_word' id='word_1_253' title='bbox 345 2575 369 2624; x_wconf 87' lang='grc' dir='ltr'>ὁ</span> <span class='ocrx_word' id='word_1_254' title='bbox 395 2574 623 2640; x_wconf 82' lang='grc' dir='ltr'>Χριστὸς,</span> <span class='ocrx_word' id='word_1_255' title='bbox 649 2576 725 2624; x_wconf 76' lang='grc' dir='ltr'>καὶ</span> <span class='ocrx_word' id='word_1_256' title='bbox 759 2573 926 2640; x_wconf 82' lang='grc' dir='ltr'>μικρὰς</span> <span class='ocrx_word' id='word_1_257' title='bbox 963 2579 1058 2624; x_wconf 83' lang='grc' dir='ltr'>τῶν</span> <span class='ocrx_word' id='word_1_258' title='bbox 1083 2573 1244 2638; x_wconf 87' lang='grc' dir='ltr'>λόγων</span> <span class='ocrx_word' id='word_1_259' title='bbox 1270 2572 1438 2633; x_wconf 81' lang='grc' dir='ltr'>λαβὼν</span> <span class='ocrx_word' id='word_1_260' title='bbox 1464 2569 1700 2638; x_wconf 78' lang='grc' dir='ltr'>ἀφορμὰς,</span> 
     </span>
     <span class='ocr_line' id='line_1_31' title="bbox 119 2650 1703 2723; baseline -0.003 -17"><span class='ocrx_word' id='word_1_261' title='bbox 119 2655 308 2722; x_wconf 85' lang='grc' dir='ltr'>γενικὴν</span> <span class='ocrx_word' id='word_1_262' title='bbox 342 2660 539 2707; x_wconf 81' lang='grc' dir='ltr'>ποιεῖται</span> <span class='ocrx_word' id='word_1_263' title='bbox 576 2654 664 2718; x_wconf 86' lang='grc' dir='ltr'>τὴν</span> <span class='ocrx_word' id='word_1_264' title='bbox 694 2655 937 2723; x_wconf 75' lang='grc' dir='ltr'>ἐξήγησιν,</span> <span class='ocrx_word' id='word_1_265' title='bbox 967 2657 1043 2704; x_wconf 83' lang='grc' dir='ltr'>καὶ</span> <span class='ocrx_word' id='word_1_266' title='bbox 1082 2658 1143 2706; x_wconf 79' lang='grc' dir='ltr'>εἷς</span> <span class='ocrx_word' id='word_1_267' title='bbox 1180 2652 1364 2706; x_wconf 88' lang='grc' dir='ltr'>πλάτος</span> <span class='ocrx_word' id='word_1_268' title='bbox 1402 2652 1608 2721; x_wconf 73' lang='grc' dir='ltr'>ἐξέλκων</span> <span class='ocrx_word' id='word_1_269' title='bbox 1643 2650 1703 2702; x_wconf 75' lang='grc' dir='ltr'>τὰ</span> 
     </span>
     <span class='ocr_line' id='line_1_32' title="bbox 53 2732 1748 2807; baseline -0.004 -18"><span class='ocrx_word' id='word_1_270' title='bbox 53 2768 101 2805; x_wconf 87' lang='lat'>30</span> <span class='ocrx_word' id='word_1_271' title='bbox 120 2740 192 2807; x_wconf 84' lang='grc' dir='ltr'>ἐφ’</span> <span class='ocrx_word' id='word_1_272' title='bbox 236 2738 337 2792; x_wconf 85' lang='grc' dir='ltr'>ἑνὸς</span> <span class='ocrx_word' id='word_1_273' title='bbox 385 2736 678 2803; x_wconf 88' lang='grc' dir='ltr'>πράγματος,</span> <span class='ocrx_word' id='word_1_274' title='bbox 723 2737 871 2802; x_wconf 73' lang='grc' dir='ltr'>ἤγουν</span> <span class='ocrx_word' id='word_1_275' title='bbox 911 2735 974 2790; x_wconf 81' lang='grc' dir='ltr'>ε’ίς</span> <span class='ocrx_word' id='word_1_276' title='bbox 1024 2758 1068 2785; x_wconf 93' lang='grc' dir='ltr'>τι</span> <span class='ocrx_word' id='word_1_277' title='bbox 1117 2734 1255 2801; x_wconf 78' lang='grc' dir='ltr'>μέρος</span> <span class='ocrx_word' id='word_1_278' title='bbox 1304 2735 1427 2787; x_wconf 78' lang='grc' dir='ltr'>ἰδίως</span> <span class='ocrx_word' id='word_1_279' title='bbox 1472 2732 1748 2799; x_wconf 78' lang='grc' dir='ltr'>εἶρημένα,1)</span> 
     </span>
    </p>
   </div>
   <div class='ocr_carea' id='block_1_7' title="bbox 127 2890 1701 2985">
    <p class='ocr_par' dir='ltr' id='par_1_7' title="bbox 127 2890 1701 2985">
     <span class='ocr_line' id='line_1_33' title="bbox 170 2890 1701 2941; baseline -0.003 -11"><span class='ocrx_word' id='word_1_280' title='bbox 170 2904 202 2941; x_wconf 86' lang='lat'>7.</span> <span class='ocrx_word' id='word_1_281' title='bbox 231 2896 332 2930; x_wconf 82' lang='grc' dir='ltr'>τάσιν</span> <span class='ocrx_word' id='word_1_282' title='bbox 349 2893 510 2929; x_wconf 81' lang='lat' dir='ltr'>emendat</span> <span class='ocrx_word' id='word_1_283' title='bbox 529 2893 673 2938; x_wconf 83' lang='lat' dir='ltr'>Migne:</span> <span class='ocrx_word' id='word_1_284' title='bbox 701 2892 761 2927; x_wconf 85' lang='lat' dir='ltr'>sed</span> <span class='ocrx_word' id='word_1_285' title='bbox 779 2897 914 2937; x_wconf 83' lang='lat' dir='ltr'>praeter</span> <span class='ocrx_word' id='word_1_286' title='bbox 931 2903 1003 2925; x_wconf 81' lang='lat' dir='ltr'>rem</span> <span class='ocrx_word' id='word_1_287' title='bbox 1022 2897 1060 2925; x_wconf 87' lang='lat' dir='ltr'>ut</span> <span class='ocrx_word' id='word_1_288' title='bbox 1077 2890 1227 2926; x_wconf 83' lang='lat' dir='ltr'><strong>videtur.</strong></span> <span class='ocrx_word' id='word_1_289' title='bbox 1427 2901 1479 2936; x_wconf 88' lang='lat'>13.</span> <span class='ocrx_word' id='word_1_290' title='bbox 1505 2892 1640 2935; x_wconf 82' lang='grc' dir='ltr'>ποιῆται</span> <span class='ocrx_word' id='word_1_291' title='bbox 1659 2891 1701 2926; x_wconf 92' lang='grc' dir='ltr'>Ε.</span> 
     </span>
     <span class='ocr_line' id='line_1_34' title="bbox 127 2937 1383 2985; baseline -0.004 -9"><span class='ocrx_word' id='word_1_292' title='bbox 127 2942 178 2976; x_wconf 88' lang='lat'>16.</span> <span class='ocrx_word' id='word_1_293' title='bbox 206 2942 241 2977; x_wconf 78' lang='grc' dir='ltr'>δὲ</span> <span class='ocrx_word' id='word_1_294' title='bbox 261 2943 304 2977; x_wconf 86' lang='grc' dir='ltr'>Ε.</span> <span class='ocrx_word' id='word_1_295' title='bbox 320 2941 348 2977; x_wconf 77' lang='grc' dir='ltr'>δ’</span> <span class='ocrx_word' id='word_1_296' title='bbox 370 2941 436 2976; x_wconf 89' lang='lat' dir='ltr'>Ed.</span> <span class='ocrx_word' id='word_1_297' title='bbox 581 2951 636 2975; x_wconf 88' lang='lat'>22.</span> <span class='ocrx_word' id='word_1_298' title='bbox 660 2939 841 2984; x_wconf 79' lang='grc' dir='ltr'>Ἀπεκρίθη</span> <span class='ocrx_word' id='word_1_299' title='bbox 861 2939 950 2985; x_wconf 78' lang='grc' dir='ltr'>αὐτῷ</span> <span class='ocrx_word' id='word_1_300' title='bbox 967 2940 985 2972; x_wconf 89' lang='grc' dir='ltr'>ὁ</span> <span class='ocrx_word' id='word_1_301' title='bbox 1002 2937 1135 2982; x_wconf 82' lang='grc' dir='ltr'>Ἰησοῦς</span> <span class='ocrx_word' id='word_1_302' title='bbox 1152 2938 1208 2972; x_wconf 78' lang='lat' dir='ltr'>hic</span> <span class='ocrx_word' id='word_1_303' title='bbox 1226 2937 1324 2983; x_wconf 80' lang='lat' dir='ltr'>ponit</span> <span class='ocrx_word' id='word_1_304' title='bbox 1343 2937 1383 2971; x_wconf 90' lang='lat' dir='ltr'>E.</span> 
     </span>
    </p>
   </div>
   <div class='ocr_carea' id='block_1_8' title="bbox 850 3006 971 3048">
    <p class='ocr_par' dir='ltr' id='par_1_8' title="bbox 850 3006 971 3048">
     <span class='ocr_line' id='line_1_35' title="bbox 850 3006 971 3048; baseline 0 -13"><span class='ocrx_word' id='word_1_305' title='bbox 850 3006 971 3048; x_wconf 66' lang='lat' dir='ltr'>yyz</span> 
     </span>
    </p>
   </div>
  </div>
 </body>
</html>
