2037 3266
113 1176 197 1216 Eph.
217 1176 262 1208 iii.

340 152 422 193 736
740 153 791 193 B.
825 152 1105 193 CYRILLI
1145 152 1527 195 ALEXANDR.
1654 153 1754 194 xvii.
1772 164 1835 201 20,
1857 163 1922 195 21.

339 269 366 291 ‘⁶
392 260 516 324 ὦμεν
574 260 742 325 νήπιοι,
794 260 1180 327 κλυδωνιζόμενοι
1237 264 1313 313 καὶ
1372 262 1727 331 περιφερόμενοι
1783 261 1924 311 παντὶ

339 350 366 373 “
393 343 547 413 ἀνέμῳ
589 346 673 407 τῆς
711 343 1022 398 διδασκαλίας
1059 345 1107 394 ἐν
1141 347 1200 410 τῇ
1239 345 1402 413 κυβείᾳ
1440 348 1534 395 τῶν
1570 342 1844 408 ἀνθρώπων,
1877 342 1925 390 ἐν

338 431 367 456 “
389 426 652 495 πανουργίᾳ
681 424 801 492 πρὸς
830 424 916 490 τὴν
940 425 1184 489 μεθοδειάν
1209 428 1292 489 τῆς
1317 424 1515 490 πλάνης,
1545 424 1850 489 ἀληθεύοντες
1877 422 1924 473 δὲ

338 513 366 538 “
391 507 441 558 ἐν
485 507 649 576 ἀγάπῃ
692 506 978 576 αὐξήσωμεν
1022 509 1086 560 εἷς
1129 506 1272 558 αὐτὸν
1313 506 1371 558 τὰ
1417 508 1588 571 πάντα,
1631 507 1680 560 ὅς
1724 508 1855 557 ἐστιν
1896 506 1924 569 ἡ

335 596 366 619 “
393 589 597 659 κεφαλὴ,
622 588 851 656 Χριστὸς,
878 589 935 658 ἐξ
957 589 1011 640 οῦ
1034 593 1130 640 πᾶν
1155 587 1209 640 τὸ
1244 593 1388 652 σῶμα
1419 587 1926 656 συναρμολογούμενον

336 679 364 702 “
391 673 468 723 καὶ
494 670 907 738 συμβιβαζόμενον
934 669 1010 722 διὰ
1034 668 1195 734 πάσης
1221 671 1348 739 ἁφῆς
1380 673 1463 735 τῆς
1497 670 1797 739 ἐπιχορηγίας
1823 668 1922 719 κατ’

335 761 364 784 “
391 754 620 820 ἐνέργειαν
646 755 694 804 ἐν
719 753 875 822 με’τρῷ
909 751 1009 805 ἑνὸς
1046 750 1250 803 ἑκάστου
1284 749 1458 816 μέλους
1491 751 1577 817 τὴν
1608 752 1812 821 αὔξησιν
1841 755 1925 801 τοῦ

337 844 363 867 “
389 835 611 899 σώματος
647 840 843 887 ποιεῖται
878 838 940 888 εἷς
975 832 1223 898 οἰκοδομὴν
1249 836 1413 885 ἑαυτοῦ
1447 835 1496 885 ἐν
1521 833 1728 902 ἀγάπῃ.”
1771 833 1841 884 ὅτι
1875 831 1924 883 δὲ

295 920 411 969 οκαὶ
450 917 535 982 τὴν
574 917 693 968 κατὰ
732 921 875 980 σῶμα
915 915 1165 980 νοουμένην
1203 916 1387 979 ἕνωσιν,
1427 918 1550 983 φημὶ
1589 914 1645 980 δὴ
1685 913 1770 979 τὴν
1806 913 1925 980 πρὸς

335 998 564 1066 Χριστὸν,
605 1004 647 1051 οἱ
685 1002 768 1063 τῆς
806 999 942 1064 ἁγίας
982 999 1124 1049 αὐτοῦ
1162 996 1340 1064 σαρκὸς
1377 999 1426 1048 ἐν
1462 997 1644 1066 μεθέξει
1681 995 1924 1063 γεγονότες

336 1083 746 1148 ἀποκερδαίνομεν,
773 1080 1063 1147 μαρτυρήσει
1104 1078 1251 1131 πάλιν
1287 1081 1311 1130 ὁ
1347 1084 1542 1133 Παῦλος
1579 1082 1684 1145 περὶ
1723 1085 1805 1130 τοῦ
1843 1081 1926 1143 τῆς

337 1164 575 1225 εὐσεβείας
611 1164 873 1230 μυστηρίου
908 1162 1061 1228 λέγων
1089 1161 1203 1212 “⁰0
1237 1161 1410 1228 ἑτέραις
1446 1167 1622 1227 γενεαῖς
1658 1163 1740 1212 οὐκ
1774 1162 1919 1226 ἐγνω-

337 1253 362 1275 “
389 1246 534 1311 ρίσθη
569 1251 665 1299 τοῖς
701 1249 812 1298 υἱοῖς
845 1248 939 1296 τῶν
965 1244 1241 1311 ἀνθρώπων,
1269 1246 1330 1297 ὡς
1366 1250 1447 1294 νῦν
1479 1244 1793 1310 ἀπεκαλύφθη
1829 1246 1924 1295 τοῖς

336 1335 362 1358 “
390 1328 539 1393 ἁγίοις
566 1327 857 1380 ἀποστόλοις
884 1327 1026 1377 αὑτοῦ
1054 1328 1129 1376 καὶ
1155 1324 1424 1395 προφήταις
1456 1328 1503 1376 ἐν
1532 1324 1785 1387 Πνεύματι,
1811 1321 1924 1373 εἶναι

334 1417 362 1440 “
389 1409 448 1461 τὰ
475 1410 583 1474 ε”θνη
610 1407 982 1476 συγκληρονόμα
1017 1409 1093 1459 καὶ
1128 1408 1408 1475 συμμέτοχα
1443 1410 1525 1471 τῆς
1559 1408 1842 1472 ἐπαγγελίας
1876 1407 1924 1456 ἐν

335 1499 362 1522 “
389 1491 629 1561 Χριστῷ.”
689 1495 726 1542 εἰ
776 1490 823 1542 δὲ
877 1489 1136 1555 σύσσωμοι
1187 1489 1357 1543 πάντες
1407 1488 1641 1553 ἀλλήλοις
1691 1485 1834 1551 ἐσμὲν
1876 1488 1925 1536 ἐν

333 1579 548 1643 Χριστῷ,
577 1576 651 1624 καὶ
678 1574 780 1640 οὐχὶ
807 1571 951 1636 μόνον
979 1571 1226 1636 ἀλλήλοις,
1254 1570 1386 1622 ἀλλὰ
1414 1573 1488 1622 καὶ
1522 1571 1647 1640 αὐτῷ
1679 1572 1827 1634 δῆλον
1853 1568 1923 1619 ὅτι

333 1661 401 1727 τῷ
439 1658 487 1707 ἐν
527 1657 636 1721 ἡμῖν
674 1654 901 1723 γινομένῳ
941 1652 1015 1703 διὰ
1053 1656 1136 1717 τῆς
1176 1654 1292 1706 ἰδίας
1328 1653 1522 1719 σαρκός·
1572 1657 1673 1706 πῶς
1712 1653 1794 1702 οὐκ
1832 1650 1922 1714 ἤδη

286 1747 313 1788 d
336 1742 508 1807 σαφῶς
534 1738 583 1788 ἕν
607 1739 751 1800 ἐσμεν
777 1739 818 1786 οἱ
848 1735 1019 1789 πάντες
1056 1737 1131 1785 καὶ
1165 1736 1213 1784 ἐν
1240 1733 1474 1798 ἀλλήλοις
1509 1736 1584 1784 καὶ
1614 1735 1662 1784 ἐν
1688 1736 1919 1801 Χριστῷ;

334 1819 547 1887 Χριστὸς
567 1818 659 1886 γάρ
680 1820 810 1869 ἐστιν
838 1819 861 1868 ὁ
890 1820 971 1881 τῆς
998 1815 1211 1880 ἑνότητος
1239 1816 1521 1878 σύνδεσμος,
1543 1815 1665 1868 Θεός
1691 1838 1738 1865 τε
1767 1812 1914 1879 ὑπάρ-

335 1926 434 1970 χων
459 1904 507 1953 ἐν
533 1903 686 1970 ταύτῷ
713 1902 786 1952 καὶ
815 1900 1079 1965 ἄνθρωπος.
1134 1900 1239 1964 περὶ
1267 1898 1323 1948 δέ
1342 1920 1396 1963 γε
1422 1900 1505 1961 τῆς
1529 1897 1740 1949 ἑνώσεως
1766 1898 1849 1959 τῆς
1874 1896 1923 1946 ἐν

338 1984 591 2049 Πνεύματι,
638 1983 723 2047 τὴν
769 1981 914 2046 αὐτὴν
958 1979 1121 2046 ὥσπερ
1166 1984 1260 2031 τῶν
1306 1977 1620 2045 θεωρημάτων
1666 1976 1924 2031 διαθέοντες

336 2068 515 2133 τρίβον,
542 2068 734 2132 ἐροῦμεν
761 2063 817 2129 δὴ
851 2061 1016 2121 πάλιν,
1046 2062 1116 2113 ὅτι
1150 2060 1320 2115 πάντες
1356 2060 1404 2112 ἓν
1437 2063 1512 2111 καὶ
1546 2059 1600 2111 τὸ
1635 2058 1747 2111 αὐτὸ
1783 2058 1921 2127 δεξά-

335 2171 466 2212 μενοι
496 2151 705 2211 Πνεῦμα,
732 2148 854 2216 φημὶ
890 2145 946 2209 δὴ
983 2144 1036 2195 τὸ
1061 2144 1248 2209 ”Αγιον,
1276 2141 1714 2208 συνανακιρνάμεθα
1747 2141 1924 2207 τρόπον

335 2230 438 2281 τινὰ
463 2231 537 2280 καὶ
565 2228 799 2293 ἀλλήλοις
825 2230 899 2279 καὶ
928 2230 1050 2296 Θεῷ.
1104 2230 1141 2277 εἰ
1175 2225 1269 2292 γὰρ
1304 2227 1379 2276 καὶ
1415 2228 1617 2278 πολλοῖς
1652 2224 1788 2274 οὖσιν
1815 2223 1924 2287 ἡμῖν

334 2311 424 2362 ἀνὰ
457 2311 610 2378 μερος,
637 2310 823 2379 ἑκάστῳ
859 2307 913 2360 τό
948 2330 998 2359 τε
1033 2312 1116 2359 τοῦ
1151 2305 1342 2373 Πατρὸς
1377 2307 1453 2356 καὶ
1485 2305 1539 2356 τὸ
1575 2305 1690 2356 ’ίδιον
1721 2303 1922 2369 ἐνοικίζει

336 2398 533 2457 Πνεῦμα
558 2392 784 2459 Χριστὸς,
811 2391 922 2441 ἀλλ’
949 2390 998 2440 ἕν
1024 2391 1127 2440 ἐστι
1154 2391 1228 2439 καὶ
1255 2388 1525 2454 ἀμέριστον,
1551 2385 1609 2437 τὰ
1645 2389 1727 2450 τῆς
1758 2385 1915 2450 ἀλλή-

333 2484 434 2527 λων
477 2475 691 2539 ἑνότητος
740 2471 1077 2536 διακεκομμένα
1126 2470 1383 2534 πνεύματα,
1427 2467 1546 2520 κατά
1595 2491 1649 2533 γε
1699 2466 1753 2518 τὸ
1805 2465 1925 2518 εἶναί

334 2562 503 2625 φαμεν,
531 2558 579 2607 ἐν
604 2560 662 2624 τῇ
697 2556 803 2606 καθ’
833 2554 1034 2622 ὕπαρξιν
1066 2551 1257 2615 ἰδιότητι
1293 2551 1496 2618 συνέχον
1529 2554 1589 2603 εἷς
1626 2548 1833 2613 ἑνότητα,
1862 2549 1916 2598 δι’

1945 602 1967 637 :n

1949 1016 1995 1040 10

1945 1836 1993 1860 20

1946 2240 1992 2278 25

111 2641 500 2691 100οΑ.ειὲαυτοῦ
540 2641 615 2689 καὶ
664 2640 700 2689 ὡ
725 2637 799 2692 ςὲν
836 2660 880 2688 τι
920 2634 1028 2689 τοῦς
1064 2633 1244 2687 πάντας
1286 2632 1631 2701 ἀναφαίνεσθαι
1669 2636 1834 2682 ποιοῦν
1872 2631 1920 2680 ἐν
1942 2654 1993 2690 30

380 2783 413 2813 4.
441 2769 493 2815 ὃς]
515 2769 580 2804 ὅσά
600 2769 641 2803 Ε.
812 2776 865 2812 15.
893 2762 1172 2812 συγκληρονόμα]
1197 2768 1234 2805 -Ι-
1256 2767 1323 2797 “et
1341 2761 1606 2807 concorpores'’
1627 2760 1755 2805 Georg.
1773 2759 1918 2803 Trapez.

333 2821 357 2837 “
369 2821 403 2851 et
430 2815 724 2861 concorporales⁵⁹
752 2814 926 2849 traductio
960 2813 1093 2851 Latina,
1123 2817 1213 2845 recte
1246 2817 1285 2844 ut
1311 2809 1471 2848 videtur;
1508 2808 1586 2842 vide
1616 2808 1645 2841 εἷ
1674 2807 1710 2841 δέ
1737 2806 1920 2849 σύσσωμοι

332 2865 449 2908 paullo
468 2864 568 2897 infra.
618 2863 783 2896 Attamen
801 2861 907 2895 verba
924 2861 978 2893 καὶ
997 2858 1168 2901 σύσσωμα
1187 2868 1258 2890 non
1277 2856 1418 2891 exhibet
1437 2855 1475 2889 F.
1646 2865 1701 2887 21.
1730 2853 1855 2898 Usque
1875 2851 1920 2884 ad

332 2912 392 2944 fin.
412 2910 531 2953 capitis
550 2910 683 2955 citatAp.
961 2917 1016 2939 22.
1043 2903 1272 2949 διατρεῦοντες
1291 2903 1331 2937 Ε.
1352 2901 1542 2937 διαθέοντες
1559 2903 1625 2936 τῶν
1643 2900 1867 2945 θεωρημάτων
1885 2909 1919 2943 p.

334 2968 388 2999 24.
415 2955 472 3001 δὴ]
494 2957 528 2990 δέ
548 2969 582 3001 p.
729 2963 783 2999 27.
812 2953 846 2988 ἕν
865 2965 935 2988 om.
955 2953 997 2988 Ε.
