1971 3272
101 140 153 183 ix.
176 143 212 193 8,
232 158 269 197 9.
347 143 419 184 IN
465 143 505 184 S.
541 142 877 183 JOANNEM.
942 139 1170 181 LIBRI.
1232 139 1365 179 CAP.
1400 139 1434 179 I.
1608 138 1687 176 150

101 259 127 282 ‘⁶
155 253 359 318 δίψυχος
394 251 512 318 ἀνὴρ
546 252 875 303 ἀκατάστατος
909 252 957 300 ἐν
988 249 1169 302 πάσαις
1204 251 1305 300 ταῖς
1341 248 1463 298 ὁδοῖς
1499 245 1685 304 αὐτοῦ,”

101 334 222 384 καθά
278 334 558 399 γέγραπται,
614 336 688 384 καὶ
752 331 961 400 λήψεται
1023 330 1154 396 παρὰ
1212 330 1389 395 Κυρίου
1445 331 1690 378 παντελῶς

101 416 249 466 οὐδέν.

102 556 151 600 Οἱ
201 556 273 600 οὖν
323 559 508 606 Γείτονεε
558 558 625 599 καὶ
675 556 712 600 οἷ
763 561 1030 614 θεωροῦντες
1085 557 1215 598 αὐτὸν
1264 556 1313 597 τὸ
1362 554 1574 610 Πρότερον
1623 553 1687 593 ὅτι
1710 553 1731 589 8

59 645 81 684 5
168 642 404 699 ΠροσαίτΗε
454 640 518 694 ιῖἷν,
565 642 714 690 ἕλει-ον
765 641 850 698 Οὐχ
899 640 1024 683 οὗτός
1079 641 1193 681 ὲοτιν
1242 639 1264 681 ὁ
1323 638 1564 685 καθήμενος
1621 634 1689 674 καὶ

169 726 445 782 Προσαιτὼν;
507 726 638 766 ἄλλος
695 726 840 773 ἕΛεῙ-εν
892 724 1006 780 Οὐχὶ,
1053 724 1143 765 ἀλλ’
1198 724 1346 772 ὅμοιος
1396 720 1513 774 αὐτῷ
1563 719 1691 760 ἐστιν.
1711 720 1733 756 9

168 806 333 850 ἐκεῖνος
370 809 516 856 ἕλεΓεν
553 810 619 851 ὅτι
656 808 742 856 ereb
779 806 877 857 εἶμι.

177 922 563 990 Δυσπαράδεκτά
600 946 701 976 πως
739 926 802 977 εἰς
839 922 1003 973 πίστιν
1034 920 1093 971 τὰ
1131 924 1226 970 τῶν
1260 916 1513 981 θαυμάτων
1553 917 1693 981 ὑπερ-
1710 916 1737 957 d

103 1008 238 1073 φερῆ,
288 1008 364 1056 καὶ
413 1005 467 1056 τὸ
518 1004 791 1069 μηδαμόθεν
839 1046 1049 1056 ......
1097 1003 1180 1054 οὐκ
1230 1001 1568 1065 ἀταλαίπωρον
1620 1000 1690 1067 ἐφ’

37 1104 85 1130 10
103 1088 252 1157 ἑαυτῷ
286 1086 372 1152 τὴν
397 1087 594 1138 σύνεσιν
619 1087 723 1154 ἔχει,
751 1091 939 1151 τιμᾶται
971 1085 1019 1137 δὲ
1052 1085 1191 1150 μόλις
1219 1082 1507 1149 ἀπεριέργως
1532 1085 1689 1132 εἰσκο-

101 1168 274 1233 μισθὲν
308 1174 408 1223 ταῖς
446 1173 586 1221 τινῶν
621 1170 857 1222 διανοίαις.
909 1167 963 1219 τὸ
1002 1167 1096 1234 γάρ
1133 1165 1406 1232 βασανίζειν
1438 1168 1695 1230 πειρᾶσθαι

102 1251 163 1304 τὰ
198 1250 314 1318 ὑπὲρ
350 1258 459 1303 νοῦν
485 1254 580 1303 δεῖν
606 1254 681 1302 καὶ
709 1251 872 1317 λόγον,
898 1251 1104 1315 εὐηθείας
1139 1250 1193 1300 οὐ
1231 1245 1430 1313 μακράν.
1485 1248 1695 1297 ἐντεῦθεν

103 1332 230 1399 οἶμαι
269 1336 344 1385 καὶ
382 1333 655 1397 ἀπιστῆσαί
691 1357 820 1387 τινας
858 1338 953 1384 τῶν
991 1331 1182 1383 εἰδότων
1221 1330 1305 1394 μὲν
1343 1329 1574 1395 πρότερον
1611 1327 1694 1379 τὸν

101 1421 203 1471 ταῖς
246 1415 447 1483 τριόδοις
492 1417 916 1484 ἐμφιλοχωροῦντα
960 1412 1161 1482 τυφλὸν,
1205 1410 1597 1475 κατατεθηπότων
1643 1409 1691 1461 δὲ

37 1510 84 1550 15
103 1499 249 1562 αὖθις,
290 1499 476 1564 ἐπείπερ
522 1496 664 1549 αὐτὸν
704 1496 942 1562 ἀδοκήτως
990 1497 1175 1564 φαιδρῷ
1221 1491 1537 1559 διαπρέποντα
1575 1492 1693 1553 βλέ-

102 1604 277 1633 πουσιν
303 1581 559 1649 ὀφθαλμῷ.
615 1579 999 1645 καταμερίζονται
1038 1577 1085 1629 δὲ
1125 1575 1244 1643 πρὸς
1283 1573 1565 1637 ἐνδοιασμὸν
1596 1572 1733 1625 &arbe

101 1668 185 1714 τοῦ
225 1661 600 1727 συμβεβηκότος,
641 1664 717 1713 καὶ
756 1665 797 1712 οἱ
836 1660 920 1724 μὲν
959 1664 1025 1730 τῷ
1064 1659 1249 1725 μεγέθει
1287 1663 1369 1708 τοῦ
1409 1655 1692 1722 πράγματος

102 1746 350 1812 ἐνορῶντες
394 1744 746 1810 ἀκριβέστερον,
793 1742 895 1794 οὐδὲ
941 1741 1084 1793 αὐτὸν
1128 1739 1242 1792 εἶναι
1287 1738 1370 1791 τὸν
1415 1738 1687 1804 ἄνθρωπον,

102 1829 281 1896 ἐμφερῆ
325 1825 373 1877 δὲ
415 1828 525 1877 λίαν
562 1830 629 1896 τῷ
673 1825 1011 1894 γινωσκομένῳ
1053 1824 1191 1891 φασί.
1260 1824 1336 1873 καὶ
1375 1821 1468 1887 γὰρ
1515 1820 1572 1885 δὴ
1615 1823 1692 1872 καὶ

36 1928 85 1953 20
103 1909 249 1963 ὅντως
287 1909 370 1959 οὐκ
411 1907 598 1962 ἀπεικός
635 1931 680 1959 τι
717 1911 884 1958 παθεῖν
916 1908 964 1957 ἐν
997 1905 1176 1958 τούτοις
1211 1903 1338 1957 τινάς
1372 1903 1491 1970 πρὸς
1525 1903 1579 1954 τὸ
1615 1906 1690 1954 καὶ

103 1990 250 2055 αὐτὴν
269 1994 599 2056 παραιτεῖσθαι
625 1989 711 2053 τὴν
737 1989 976 2053 ἀλήθειαν,
997 1991 1063 2056 τῷ
1090 1986 1275 2051 μεγέθει
1300 1988 1383 2049 τῆς
1410 1986 1690 2049 θεοσημείας

103 2075 164 2126 εἰς
209 2070 494 2136 ἀνεθέλητον
534 2070 697 2137 ὥσπερ
740 2070 1086 2139 ἐξωθουμένους
1129 2068 1468 2137 ψευδομυθίαν.
1543 2067 1689 2133 ἕτεροι

103 2153 152 2206 δὲ
190 2159 284 2206 τῶν
315 2154 670 2219 εὐμαθεστέρων
702 2157 1000 2218 μελλησμῶν
1035 2151 1284 2217 ἐλευθέραν
1322 2155 1565 2201 ποιοῦνται
1603 2148 1689 2214 τὴν

102 2237 312 2299 σύνεσιν,
353 2239 477 2287 αἰδοῖ
515 2234 564 2287 δὲ
605 2240 680 2286 καὶ
725 2235 868 2304 φόβῳ
913 2234 966 2285 τὸ
1012 2237 1171 2296 θαῦμα
1215 2230 1500 2296 τιμήσαντες
1547 2230 1729 2283 αὐτὸνει
1759 2244 1916 2281 604A.

35 2333 84 2372 25
103 2320 274 2377 ἐκεῖνον
312 2316 430 2369 εἶναί
472 2323 613 2387 φασι.
685 2317 787 2368 λύει
832 2317 880 2368 δὲ
918 2319 1210 2383 παραχρῆμα
1248 2313 1302 2364 τὸ
1343 2313 1622 2380 ζητούμενον
1662 2315 1688 2365 ὁ

102 2401 505 2467 τεθεραπευμένος,
550 2397 938 2468 ἀξιολογωτάτην
983 2399 1054 2465 ἐφ’
1099 2398 1247 2466 ἑαυτῷ
1291 2395 1377 2458 τὴν
1420 2397 1541 2446 ἰδίαν
1580 2400 1683 2446 εἰσ-

101 2483 262 2551 φέρων
296 2482 571 2547 ὀμολογίαν.
629 2483 682 2532 οὐ
721 2480 814 2547 γὰρ
855 2479 912 2531 ἂν
946 2478 1110 2532 ἑαυτὸν
1143 2476 1358 2544 ἠγνόησέ
1388 2499 1472 2539 τις,
1506 2477 1610 2528 οὐδὲ
1649 2482 1687 2529 εἰ

102 2563 297 2633 σφόδρα
332 2569 472 2615 νοσοῖ
501 2561 555 2615 τὸ
592 2569 768 2629 ληρεῖν.
823 2560 1124 2629 πανταχόθεν
1158 2559 1206 2611 δὲ
1241 2564 1308 2629 τῷ
1343 2560 1688 2625 θαυματουργῲ

150 2734 184 2766 9.
209 2721 402 2766 μηδαμόθεν
420 2721 479 2754 οὐκ
498 2720 555 2761 Β.,
574 2719 633 2754 sed
654 2719 773 2753 deesse
790 2719 929 2753 videtur
946 2717 1090 2763 aliquid.
1297 2726 1351 2749 21.
1379 2712 1498 2759 αὐτὴν]
1518 2713 1639 2748 αὐτοὺς
1655 2725 1687 2747 a.

105 2769 182 2803 Cat.
203 2769 302 2802 Harl.
436 2778 492 2812 23.
517 2768 729 2811 μελλησμῶν
749 2764 968 2811 [μελησμῶν]
988 2769 1212 2808 assumptum
1229 2774 1271 2796 ex
1291 2762 1367 2796 B.a.
1500 2760 1555 2794 26.
1581 2761 1687 2805 ἑαυτῷ

103 2816 181 2850 B.a.
202 2815 319 2849 Holst.
339 2815 459 2848 ἑαυτοῦ
476 2813 673 2848 emendavit
697 2818 737 2846 ut
762 2812 906 2855 adnotat
928 2812 1003 2856 ipse
1020 2810 1115 2845 Aub.
1202 2809 1375 2853 εἰσφέρων
1394 2807 1470 2841 B.a.
1490 2807 1566 2841 Cat.
1588 2806 1688 2840 Harl.

101 2863 220 2907 φέρων
240 2861 302 2895 Ht.
322 2860 389 2895 Ed.
527 2869 583 2905 27.
610 2858 788 2904 ἧγνοὴσειε
807 2858 884 2892 Cat.
906 2858 1006 2892 Harl.
1144 2857 1201 2891 28.
1227 2857 1327 2890 νοσοῖ
1346 2855 1387 2888 Β.
1407 2854 1491 2888 ὤσοι
1512 2853 1575 2888 Ht.
1596 2853 1689 2887 unde

102 2911 198 2943 νοσεῖ
223 2907 420 2942 emendavit
444 2919 462 2941 e
489 2906 566 2941 Cat.
593 2906 693 2940 Harl.
715 2911 755 2940 ut
780 2904 925 2940 adnotat
948 2905 1023 2949 ipse
1043 2903 1139 2938 Aub.
1234 2903 1273 2937 τὸ
1298 2902 1542 2947 θαυματουργῲ
1567 2902 1627 2935 τὸν
1645 2900 1688 2934 Β.

104 2954 300 2989 emendavit
318 2954 412 2988 Aub.
