2022 3272
111 143 193 183 xiv.
215 146 279 186 28.
373 148 445 188 IN
487 147 528 188 S.
564 147 903 188 JOANNEM.
968 148 1092 187 LIB.
1131 148 1178 188 X.
1243 148 1317 187 CA
1335 148 1375 187 P.
1412 147 1442 185 Ῐ.
1617 143 1700 181 519

111 259 292 322 χειρῶν,
315 260 478 326 γραφῇ
504 256 834 323 παραδέδωκεν
855 257 909 306 οὐ
936 255 1148 324 φορητὰς
1176 256 1448 323 δυσφημίας
1475 251 1595 304 κατὰ
1622 256 1706 301 τοῦ

116 342 433 401 Μονογενοῦς,
474 338 665 405 ἀδρανὲς
713 340 870 407 ᾠήθην
909 340 984 388 καὶ
1030 339 1139 388 λίαν
1179 336 1482 403 ἀνάρμοστον
1521 337 1706 401 ἐμαυτῷ

113 425 313 485 πρᾶγμα
363 421 517 470 θέλειν
570 421 882 489 ὑφίστασθαι,
929 420 982 470 τὸ
1033 424 1194 486 σιωπῇ
1246 422 1569 484 παραδραμεῖν
1621 415 1707 478 τὴν

115 503 236 552 οὕτω
264 501 416 565 δεινὴν
442 508 524 552 τοῦ
560 502 958 566 μνημονευθέντος
993 501 1234 552 ἀπόνοιαν.
1290 502 1456 551 οὐκοῦν
1483 497 1707 562 οἰήσομαι

71 592 93 631 5
117 587 209 634 δεῖν
237 585 504 647 ὑπαντῆσαι
539 584 623 647 μὲν
655 584 774 635 κατὰ
810 583 958 649 λόγον
991 585 1129 652 αὐτῷ,
1157 583 1308 651 δεῖξαί
1339 605 1388 632 τε
1424 584 1598 646 σαφῶς
1637 579 1707 629 ὅτι

116 663 277 732 σαθρά
303 688 351 716 τε
379 668 454 716 καὶ
480 667 673 732 γραώδη
700 665 759 716 τὰ
784 667 894 732 παρ’
913 668 1055 717 αὐτοῦ
1082 665 1302 731 μυθάρια,
1326 666 1400 715 καὶ
1428 662 1706 731 φρονήσεως
1727 680 1749 706 0

116 747 201 811 μὲν
233 751 315 811 τῆς
354 750 536 813 ἀγαθῆς
575 750 859 814 ἀμοιροῦντα
897 751 1158 809 παντελῶς,
1186 745 1407 814 στροφὰς
1441 744 1490 795 δὲ
1526 744 1709 794 εἰκαίων

117 830 286 897 ἔχοντα
321 834 586 895 λογισμῶν.
639 831 708 881 ἐπ’
738 831 878 893 αὐτῆς
914 828 963 879 δὲ
1001 831 1107 892 ὑμῖν
1132 829 1471 894 ἀναγνώσομαι
1511 827 1705 895 λέξεως,

118 911 148 962 ἃ
181 916 421 963 συνθεῖναι
456 912 730 976 τετόλμηκε,
758 911 844 975 τὴν
870 918 953 962 τοῦ
986 911 1306 976 προκειμένου,
1334 909 1545 975 καθάπερ
1570 906 1710 960 αὐτὸς

48 1017 96 1041 10
118 993 261 1064 ᾠήθη,
288 995 483 1060 θεωρίαν
507 995 819 1062 ἐξηγούμενος
846 1035 872 1056 ,,
894 994 1102 1060 Μείζονα
1130 993 1177 1044 δὲ
1204 993 1368 1043 ἑαυτοῦ
1400 991 1482 1043 τὸν
1511 989 1706 1055 Πατέρα

117 1117 145 1139 ,,
171 1077 431 1143 κηρύσσων
462 1081 650 1144 σαφῶς,
683 1078 737 1127 οὐ
771 1075 916 1139 μόνον
951 1075 1036 1140 τὴν
1068 1077 1217 1143 ἑαυτῷ
1255 1075 1536 1141 πρέπουσαν
1566 1071 1712 1137 παρέ-

118 1199 145 1222 ,,
173 1181 357 1223 στησεν
394 1159 773 1224 εὐγνωμοσύνην,
808 1158 940 1209 ἀλλὰ
974 1157 1068 1225 γὰρ
1105 1160 1179 1208 καὶ
1218 1162 1313 1208 τῶν
1344 1158 1392 1207 ἐν
1428 1155 1710 1223 ἀμφοτέροις

120 1281 147 1303 ,,
174 1239 288 1291 εἶναι
316 1239 597 1307 νομιζόντων
623 1240 677 1290 τὸ
703 1243 881 1309 ψεῦδος
908 1238 1168 1307 διήλεγξε.”
1212 1240 1287 1289 καὶ
1323 1238 1408 1302 τὴν
1436 1238 1710 1298 Σαβελλιόυ

122 1322 198 1373 διὰ
223 1324 400 1373 τούτων
425 1322 771 1389 περικροτήσας
799 1322 957 1390 δόξαν,
985 1320 1143 1383 δεινὸς,
1172 1322 1233 1374 ὡς
1261 1320 1417 1382 οἴεται,
1445 1321 1520 1370 καὶ
1548 1318 1710 1384 δριμὺς
1731 1326 1759 1367 d

54 1421 99 1459 15
122 1407 326 1473 ε’πιπηδᾷ
359 1408 454 1458 τοῖς
488 1405 535 1454 ἐν
562 1405 745 1467 ἰσότητι
779 1403 899 1470 πρὸς
933 1404 1015 1454 τὸν
1043 1403 1237 1468 Πατερα
1267 1406 1437 1453 τιθεῖσι
1463 1401 1545 1452 τὸν
1571 1400 1708 1462 Υἰὸν,

122 1489 243 1538 οὕτω
270 1486 418 1538 πάλιν
443 1486 585 1537 εἰπών
611 1527 637 1548 ,,
660 1490 743 1540 Εἰς
778 1491 1008 1536 τοσοῦτον
1031 1484 1180 1536 πάλιν
1208 1484 1431 1537 ἀπονοίας
1466 1483 1713 1550 προῆλθόν

122 1610 149 1632 ,,
175 1592 312 1632 τινες,
343 1571 403 1623 ὡς
438 1568 554 1633 μηδὲ
589 1568 712 1622 ὅλως
748 1570 1000 1636 ἀνέχεσθαι
1035 1567 1221 1634 μείζονα
1257 1565 1371 1618 εἶναι
1406 1564 1489 1617 τὸν
1518 1566 1715 1630 Πατέρα

121 1693 148 1714 ,,
175 1655 258 1716 τῆς
297 1657 379 1702 τοῦ
413 1655 718 1716 Μονογενοῦς
757 1650 976 1715 θεότητος
1013 1650 1184 1715 λέγειν,
1221 1648 1354 1699 ἀλλὰ
1390 1647 1536 1711 μόνον
1571 1645 1715 1697 αὐτὸν

121 1774 149 1796 ,,
175 1734 428 1800 συγκρίσει
465 1737 524 1801 τῇ
562 1734 668 1799 περὶ
702 1732 788 1797 τὴν
822 1733 980 1798 σάρκα
1020 1731 1256 1799 ὑπερέχειν
1284 1735 1448 1794 δοκεῖν,
1475 1729 1593 1794 μηδὲ
1628 1728 1715 1780 κᾶν

56 1839 105 1864 20
122 1855 150 1877 „
176 1821 315 1866 τοῦτο
341 1818 548 1866 συνιδεῖν
575 1814 859 1879 δυνηθέντες,
888 1816 949 1867 ὡς
985 1812 1044 1864 τὰ
1081 1814 1324 1878 ἑτερογενῆ
1352 1814 1566 1874 οὐδαμῶς
1593 1834 1714 1876 συγ-

122 1936 150 1959 ,,
177 1896 418 1963 κρίνεσθαι
445 1895 652 1947 δύναται.
702 1898 848 1949 οὐδεὶς
874 1895 967 1961 γὰρ
994 1893 1051 1946 ἂν
1076 1895 1195 1946 εἴποι
1221 1894 1334 1945 ποτὲ
1363 1893 1434 1944 ὅτι
1462 1893 1714 1958 ἄνθρωπος

123 2019 151 2041 ,,
179 1977 456 2048 σοφώτερός
491 1980 594 2028 ἐστι
630 1976 840 2042 κτήνους,
867 1979 972 2027 οὔτε
1000 1976 1094 2040 μὴν
1119 1976 1261 2029 ἵππος
1296 1975 1527 2044 ὀξυτέρως
1561 1974 1712 2042 τρέχει
1731 1997 1752 2023 e

124 2101 151 2124 ,,
179 2062 404 2128 χελώνης,
432 2061 543 2110 ἀλλ’
573 2059 824 2126 ἄνθρωπον
851 2058 1104 2123 ἀνθρώπου
1138 2058 1538 2123 ἐλλογιμώτερον,
1569 2057 1714 2108 ἵππον

125 2183 153 2206 ,,
181 2143 230 2194 δὲ
260 2143 406 2194 ἵππου
437 2142 660 2211 ὀξύτερον
688 2143 934 2210 φέρεσθαι.
990 2140 1147 2204 μόνων
1172 2140 1327 2190 τοίνυν
1353 2144 1448 2189 τῶν
1476 2140 1715 2203 ὁμογενῶν

59 2249 108 2286 25
127 2266 155 2288 ,,
180 2224 266 2289 τὴν
292 2223 410 2291 πρὸς
437 2225 636 2288 ἄλληλα
662 2224 920 2290 σύγκρισιν
946 2222 1302 2290 ἐπιδεχομένων,
1329 2221 1510 2286 ἀνάγκη
1549 2218 1716 2273 αὐτοὺς

127 2348 155 2379 ,,
181 2308 493 2371 ὁμολογῆσαι,
534 2305 604 2357 ὅτι
645 2307 670 2356 ὁ
710 2304 881 2372 Πατὴρ
918 2303 1084 2370 μείζων
1123 2305 1263 2367 αὐτῆς
1304 2306 1386 2367 τῆς
1431 2307 1513 2354 τοῦ
1554 2305 1716 2351 Μονο-

129 2429 155 2452 ,,
185 2395 346 2456 γενοῦς
386 2387 605 2452 θεότητος
645 2388 858 2456 ὑπάρχει.
915 2391 955 2438 οἰ
992 2385 1084 2452 γὰρ
1121 2386 1339 2438 ἐναντιως
1379 2381 1717 2453 σφαλλόμενοι

129 2512 156 2535 ,,
183 2476 248 2522 τῶ
285 2493 404 2536 προς
440 2469 526 2533 τὴν
564 2468 722 2535 σάρκα
760 2471 1046 2536 συγκρίνειν,
1087 2468 1206 2519 ὅσον
1247 2467 1301 2518 τὸ
1344 2468 1412 2518 ἐπ’
1454 2467 1623 2527 αὐτοῖς,
1662 2487 1716 2515 το

129 2594 157 2616 ,,
182 2575 410 2617 πατρικον
441 2552 624 2620 ἀξιωμα
657 2552 976 2616 καθαιροῦσιΫ

64 2661 114 2697 30
206 2636 356 2686 Ταυτὶ
390 2632 474 2695 μὲν
500 2633 671 2683 ἐκείνου
706 2631 764 2681 τὰ
801 2633 990 2695 ὑθλώδη
1026 2630 1295 2696 ληρήματα·
1335 2627 1642 2679 διασκεπτέον
1669 2625 1718 2677 δὲ

132 2716 260 2770 ὅπως
300 2715 403 2766 οὐδὲ
445 2713 599 2764 εἰδότα
644 2713 870 2781 δείξωμεν
910 2712 980 2763 ὅτι
1021 2718 1117 2765 τοῖς
1160 2713 1288 2764 ἰδιόις
1329 2709 1468 2763 αὐτὸς
1515 2709 1756 2776 μάχεταιει
1788 2723 1941 2760 847Α.

187 2906 216 2928 1.
242 2893 477 2938 παραδέδωκεν
495 2893 536 2927 E.
554 2892 746 2937 παρέδωκεν
765 2890 831 2925 Ed.
952 2901 1005 2924 12.
1032 2888 1275 2935 ἀγνωμοσύνην
1293 2889 1335 2923 Ε.
1456 2899 1511 2923 20.
1536 2903 1591 2933 γρ.
1612 2887 1718 2934 τούτῳ

137 2941 294 2985 Ed.1ng.
314 2943 413 2974 τοῦτο
431 2940 536 2974 habet
557 2940 592 2974 l
735 2950 792 2982 3¹·
819 2937 916 2971 οἰδὲν
935 2937 1069 2979 Misrne.
