2022 3272
121 153 333 206 xvii.4‚5.
374 152 445 192 IN
489 151 531 191 S.
566 149 904 191 JOANNEM.
969 148 1092 187 11113.
1130 147 1207 186 XI.
1270 146 1401 185 (mxl).
1431 145 1505 183 w.
1626 145 1708 183 (373

120 268 147 291 ‘⁶
171 261 264 327 ἐγὼ
302 262 430 327 λε’γει
473 261 660 327 Κύριος,
699 259 769 310 ὅτι
807 257 914 312 τοὺς
956 256 1239 326 δοξάζοντας
1279 279 1334 318 με
1378 253 1586 323 δοξάσω,
1628 254 1706 302 καὶ

123 350 149 373 “
177 345 202 394 ὁ
246 345 502 412 ἐξουθενῶν
546 366 604 406 με
649 340 1108 411 ε’ξουθενηθήσεται.”
1168 340 1243 389 ἵνα
1287 339 1442 388 τοίνυν
1483 333 1709 401 ἀποδείξῃ

122 425 350 492 Χριστὸς,
377 426 448 476 ὅτι
473 424 748 491 πρεπόντως
774 422 829 486 δὴ
855 422 960 474 τότε
987 421 1074 486 τὴν
1099 420 1229 487 παρὰ
1264 425 1347 470 τοῦ
1382 418 1527 482 μόνον
1564 418 1710 484 δόξαν

123 507 463 572 ἀπαιτήσομεν,
487 507 574 572 τὴν
605 512 668 561 εἰς
701 505 848 557 αἰῶνα
885 510 1007 570 φημι
1041 503 1124 555 τὸν
1155 502 1412 566 μέλλοντα,
1441 501 1552 551 ὅταν
1584 501 1710 567 αὐτῷ

80 600 102 639 5
123 590 209 655 τὴν
234 595 296 645 εἰς
322 589 448 642 ἅπαν
475 588 718 655 ὑποταγὴν
743 589 1016 639 α’νυπαίτιον
1042 586 1356 654 ἐπιδείξωμεν,
1378 585 1453 634 καὶ
1479 586 1573 633 τῶν
1600 582 1707 646 παρ’
1731 605 1752 628 a
1783 594 1868 629 956
1885 593 1937 627 A.

123 674 266 724 αὐτοῦ
304 672 733 740 προστεταγμένων
771 670 1075 734 ἀκμαιότατοι
1114 667 1325 737 φύλακες
1365 665 1709 733 εὑρισκώμεθα,

124 754 328 824 δοξάσαι
354 755 440 820 μὲν
465 754 603 808 αὐτὸς
635 754 717 805 τὸν
745 752 938 819 Πατέρα
972 753 1110 820 φησὶ,
1137 752 1181 802 rb
1222 750 1337 819 ἔργον
1364 749 1604 802 τελειώσας
1642 748 1713 798 ἐπὶ

125 838 199 898 τῆς
237 838 335 904 γῆς,
374 840 393 890 ῧ
435 835 627 889 δέδωκεν
665 838 806 904 αὐτῷ·
868 834 994 901 ζητεῖ
1027 833 1176 898 γεμὴν
1215 830 1593 896 ἀντικομίζεσθαι
1641 832 1716 879 καὶ

127 920 264 974 αὐτὸς
291 921 375 971 οὐκ
401 920 662 986 ἀλλοτρίαν
689 918 792 969 οὐδὲ
820 916 1040 980 ἐπακτὴν,
1067 914 1279 979 καθάπερ
1314 915 1456 978 ἡμεῖς,
1483 912 1569 976 τὴν
1598 912 1717 962 ἰδίαν

59 1018 108 1044 10
128 1001 178 1054 δὲ
207 1007 400 1066 μᾶλλον
426 999 638 1052 εὔκλειάν
664 1024 713 1051 τε
750 1005 825 1050 καὶ
862 999 1023 1067 δόξαν.
1080 998 1168 1048 ἔδει
1194 995 1286 1062 γὰρ
1313 997 1458 1046 ἐκεῖνο
1484 995 1604 1058 ἡμᾶς
1631 992 1716 1056 μὲν

128 1088 284 1146 αἰτεῖν,
311 1083 453 1135 αὐτὸν
480 1082 528 1134 δὲ
557 1083 723 1135 οὐκέτι.
776 1082 858 1133 θεά
893 1081 941 1132 δὲ
977 1081 1103 1133 ὅπως
1138 1079 1223 1143 τὴν
1248 1079 1318 1129 ἐπ’
1347 1079 1493 1146 ἄμφω
1528 1077 1714 1142 παῤῥη-

128 1167 240 1217 σῖαν
283 1168 332 1217 ἐν
373 1169 520 1235 ἑαυτῷ
567 1164 716 1216 πάλιν
767 1166 842 1215 καὶ
894 1164 948 1213 δι’
996 1163 1161 1213 ἑαυτοῦ
1212 1164 1269 1228 τῇ
1322 1160 1521 1227 ἡμετέρα
1574 1159 1718 1226 φύσει

129 1253 406 1313 καινοτομεῖ.
465 1250 513 1299 ἐν
549 1248 675 1317 αὐτῷ
713 1246 805 1313 γὰρ
843 1245 1015 1314 πρώτῳ
1057 1246 1131 1295 καὶ
1172 1244 1226 1293 δι’
1261 1244 1403 1293 αὐτοῦ
1441 1240 1714 1304 πεπλουτή-

129 1353 275 1394 καμεν
306 1333 383 1381 καὶ
420 1329 475 1382 τὸ
514 1329 748 1380 δύνασθαι
787 1334 1004 1395 πληροῦν
1035 1325 1094 1377 τὰ
1127 1325 1246 1392 πρὸς
1282 1323 1580 1390 κατόρθωσιν
1611 1323 1721 1386 ἡμῖν

62 1430 110 1469 15
131 1413 515 1482 ἐγκεχειρισμένα
541 1411 671 1479 παρὰ
697 1415 835 1473 Θεοῦ,
863 1415 937 1462 καὶ
973 1409 1026 1460 τὸ
1061 1412 1229 1476 χρῆναι
1261 1407 1432 1459 λοιπὸν
1458 1408 1507 1456 ἐκ
1532 1407 1714 1472 παῤῥη-
1744 1413 1771 1453 b

130 1497 239 1550 σίας
288 1494 373 1559 τὴν
413 1500 509 1549 τοῖς
555 1496 854 1557 εὐδοκιμοῦσι
898 1491 1293 1560 χρεωστουμένην
1331 1492 1524 1553 αἰτῆσαι
1564 1487 1719 1552 τιμήν.

130 1577 283 1630 πάλαι
321 1577 405 1641 μὲν
437 1577 530 1644 γὰρ
569 1576 646 1628 διὰ
683 1576 769 1640 τὴν
802 1576 873 1644 ἐφ’
903 1575 1023 1638 ἡμᾶς
1062 1573 1438 1635 βασιλεύσασαν
1471 1571 1721 1637 ἁμαρτίαν,

132 1662 208 1711 καὶ
234 1660 319 1725 τὴν
346 1660 600 1726 γενομένην
625 1658 902 1710 ἀπόστασιν
927 1659 975 1707 ἐν
1001 1655 1172 1720 Ἀδὰμ,
1199 1655 1303 1706 οὔτε
1336 1652 1390 1705 τὸ
1422 1652 1660 1704 δύνασθαί
1681 1675 1725 1702 τι

132 1746 395 1808 κατορθοῦν
424 1746 518 1793 τῶν
550 1740 817 1792 τελούντων
853 1744 915 1794 εἰς
954 1738 1123 1805 ἀρετὴν
1154 1736 1450 1801 ἐκεκτήμεθα,
1478 1734 1610 1785 ἀλλὰ
1649 1735 1724 1784 καὶ

64 1842 116 1868 20
132 1825 402 1891 παῤῥησιάς
440 1827 523 1888 τῆς
559 1822 679 1889 πρὸς
715 1822 840 1873 Θεὸν
877 1824 940 1876 ὡς
978 1819 1268 1888 ποῤῥωτοίτω
1306 1817 1437 1882 ἦμεν.
1497 1819 1572 1867 καὶ
1610 1821 1725 1882 γοῦν

133 1911 196 1961 εἰς
244 1906 421 1973 ταύτην
466 1907 587 1970 ἡμᾶς
636 1904 927 1970 ἀνακομίζων
969 1902 1091 1956 Θεὸς
1138 1904 1187 1952 ἐκ
1237 1903 1426 1963 πολλῆς
1478 1899 1600 1964 ἄγαν
1643 1900 1725 1960 τῆς

134 1989 418 2055 ἡμερότητος
446 1988 521 2039 διὰ
547 1990 628 2051 τῆς
654 1993 737 2038 τοῦ
762 1984 1012 2054 προφήτου
1039 1987 1199 2053 φωνῆς
1224 1986 1536 2049 παρεμυθεῖτο
1571 1980 1727 2044 λέγων

136 2077 164 2101 “
186 2069 272 2135 Μὴ
318 2075 475 2139 φοβοῦ
520 2069 590 2120 ὅτι
636 2068 984 2136 κατῃσχύνθης,
1028 2066 1143 2131 μηδὲ
1195 2067 1426 2131 ἐντραπῇς
1470 2063 1541 2114 ὅτι
1590 2064 1723 2111 ὠνει-
1790 2077 1950 2117 Es.1iv.4.

136 2159 165 2182 ‘⁶
191 2153 403 2217 δίσθης.”
459 2151 622 2218 ὥσπερ
661 2152 742 2202 οῦν
778 2153 826 2202 ἐν
859 2155 955 2204 τοῖς
993 2149 1165 2202 ἄλλοις
1203 2147 1384 2199 ἅπασιν
1418 2149 1611 2211 ἀγαθοῖς
1650 2144 1727 2193 καὶ

69 2247 119 2286 25
137 2234 328 2302 ἀπαρχὴ
374 2237 449 2285 καὶ
494 2235 614 2301 θύρα
665 2236 741 2285 καὶ
786 2232 892 2286 ὁδὸς
930 2232 1123 2299 γε’γονεν
1165 2232 1276 2296 ἡμῖν
1316 2231 1341 2280 ὁ
1382 2229 1555 2296 Κύριος
1594 2228 1770 2291 ἡμῶνο

124 2318 324 2382 Ἰησοῦς
363 2317 388 2367 ὃ
426 2315 654 2383 Χριστὸς,
693 2316 815 2366 οὕτω
854 2313 1069 2365 κάνθάδε.

214 2402 275 2449 Εἰ
313 2397 363 2449 δὲ
401 2397 487 2463 τὴν
520 2399 639 2449 ἰδίαν
664 2420 715 2448 τε
751 2399 826 2448 καὶ
860 2396 1158 2464 προκόσμιον
1185 2392 1330 2463 δόξαν
1361 2394 1386 2444 ὃ
1420 2391 1588 2458 Σωτὴρ
1621 2393 1724 2442 ε’πι-

140 2480 275 2547 ζητεῖ,
317 2482 392 2530 καὶ
439 2484 501 2533 εἰς
543 2480 692 2531 τύπον
733 2478 817 2530 τὸν
861 2480 967 2530 καθ’
1009 2478 1129 2542 ἡμᾶς
1172 2475 1259 2541 τὴν
1303 2480 1386 2526 τοῦ
1430 2472 1729 2539 θεωρήματος

140 2561 514 2628 περιενεγκόντες
553 2561 763 2623 δύναμιν,
795 2560 889 2612 σῦν
919 2563 1085 2627 πολλῇ
1119 2562 1178 2626 τῇ
1215 2557 1455 2623 προθυμίᾳ
1493 2553 1726 2619 κατεργά-

73 2655 124 2692 30
143 2645 306 2711 ζεῦ-θαι
345 2647 437 2694 δεῖν
470 2645 544 2694 καὶ
583 2643 703 2707 ἡμᾶς
741 2642 907 2695 αὐτοὺς
947 2639 1342 2703 διαβεβαιούμεθα
1375 2636 1430 2688 τὸ
1466 2639 1632 2686 δοκοῦν
1664 2639 1730 2703 τῷ

144 2729 268 2795 Θεῷ,
295 2722 426 2794 δόξαν
452 2723 500 2776 δὲ
527 2726 647 2776 οὕτω
673 2723 757 2789 τὴν
784 2723 963 2775 ἄνωθεν
990 2725 1039 2773 ἐκ
1070 2721 1338 2788 παῤῥησιάς
1365 2723 1519 2770 αἰτεῖν·
1558 2718 1730 2768 οἰέσθω

194 2920 226 2954 3.
252 2907 374 2953 μόνου]
394 2907 443 2943 ἰ’σ.
462 2911 549 2943 Θεοῦ
568 2907 634 2943 Ed.
653 2920 724 2953 mg.
742 2910 801 2942 τοῦ
818 2908 922 2951 μόνου
940 2907 1042 2951 δόξαν
1060 2905 1198 2941 exhibet
1216 2911 1249 2940 et
1268 2904 1306 2939 F.
1542 2913 1597 2947 27.
1623 2915 1658 2935 τε
1677 2911 1732 2934 as-

148 2962 330 3000 sumptum
348 2967 390 2990 ex
410 2955 451 2991 E.

206 3021 299 3051 VOL.
323 3023 371 3051 11.
909 3022 935 3059 4
957 3020 982 3047 R
