2022 3272
88 129 170 169 xiv.
193 143 256 172 20.
336 133 408 173 IN
451 134 492 174 S.
528 133 867 174 JOANNEM.
937 133 1056 173 [2113.
1092 133 1168 173 lx.
1232 133 1364 172 (LXI).
1401 131 1431 170 Ῑ.
1593 129 1677 168 487

87 240 218 307 παρὰ
252 241 334 292 τὸν
360 243 478 293 Υἱὸν
504 243 558 293 τὸ
588 247 784 306 Πνεῦμα
818 243 974 304 αὐτοῦ,
1001 240 1120 293 κατά
1155 264 1209 305 γε
1245 240 1327 291 τὸν
1359 242 1407 290 ἐν
1434 238 1684 301 ταυτότητι

88 321 252 388 λόγον,
281 328 403 392 φημὶ
431 325 488 389 δὴ
518 329 575 392 τῇ
602 329 800 393 φυσικῇ.
1703 325 1724 350 ‘²

164 408 307 457 Οὕτω
347 406 393 458 δὲ
434 408 542 471 ἡμῖν
575 413 656 458 τοῦ
695 410 801 473 περὶ
840 406 1020 457 τούτων
1054 404 1472 473 προκεχωρηκότος
1508 403 1679 466 λόγου,

91 485 202 556 φερε
247 512 332 552 την
370 494 464 539 τῶν
504 492 822 556 προκειμένων
861 487 1146 555 παραθεντες
1190 486 1412 548 διάνοιαν,
1450 490 1552 538 ταῖς
1598 489 1684 535 τοῦ

48 576 69 615 5
94 573 314 636 Σωτῆρος
343 577 523 640 φωναῖς
550 571 696 636 αὐτην
723 572 1100 665 ε’φαρμόσωμεν
1112 582 1163 621 Εν
1191 571 1321 628 ἐκείνη
1350 592 1442 634 γαρ
1471 574 1520 626 τῆ
1548 588 1685 657 mm?

91 652 314 749 ’γνωσεσ-θε
346 654 558 753 φησιν,
539 679 599 705 οτι
628 653 715 720 ἐγω
749 656 786 706 ἐν
813 660 874 724 τῷ
903 656 1040 721 Harpa
1082 677 1160 704 και
1198 676 1320 720 υμεις
1358 652 1396 702 ἐν
1426 651 1520 718 ἐμοι
1553 671 1685 714 nayco

92 735 130 785 ἑν
165 738 278 802 ὁμιν.
340 735 432 801 ἐγὼ
464 736 549 800 μὲν
576 736 669 803 γὰρ
704 737 778 802 ζῶ,
808 738 945 802 φησὶ,
972 733 1063 800 ζωὴ
1100 734 1193 800 γάρ
1229 738 1319 797 εἶμι
1355 732 1474 784 κατὰ
1511 730 1683 800 φύσιν,
1749 734 1879 819 25³⁰?-

93 820 169 867 καὶ
208 818 357 884 ζῶντα
397 819 480 870 τὸν
516 822 716 884 ἐμαυτοῦ
755 819 936 885 δέδειχα
977 817 1105 868 ναόν·
1154 818 1266 867 ἀλλ’
1295 816 1409 867 ὅταν
1446 817 1521 865 καὶ
1562 815 1689 877 ὑμεῖς
1798 803 1803 808 ⁵

93 900 224 950 αὐτοὶ
251 901 401 952 καίτοι
429 905 643 970 φθαρτῆς
670 901 800 954 ὄντες
833 901 1036 969 φύσεως,
1065 899 1240 966 ζῶντας
1277 896 1469 951 ἑαυτοὺς
1504 895 1684 961 θεωρή-

24 1003 72 1028 10
94 1005 210 1045 σητε
257 985 363 1034 καθ’
400 983 655 1048 ὁμοιότητα
695 983 781 1048 τὴν
815 982 934 1049 πρὸς
976 982 1049 1046 με’·
1109 982 1214 1032 τότε
1255 980 1310 1044 δὴ
1351 978 1579 1046 γνώσεσθε,
1616 980 1731 1028 καὶᾶ
1764 986 1918 1022 824A·

93 1063 229 1128 μάλα
264 1069 450 1134 σαφῶς,
480 1067 550 1117 ὅτι
585 1066 677 1132 ζωὴ
714 1065 834 1116 κατὰ
872 1065 1022 1133 φύσιν
1051 1063 1290 1130 ὑπάρχων,
1319 1061 1579 1128 ὑπάρχοντι
1615 1063 1692 1111 καὶ

96 1147 221 1215 αὐτῷ
273 1148 365 1216 ζωῇ
416 1147 536 1200 κατὰ
582 1149 732 1217 φύσιν
777 1152 843 1217 τῷ
890 1151 999 1216 Θεῷ
1048 1149 1124 1197 καὶ
1172 1147 1327 1211 Πατρὶ
1378 1147 1582 1211 συνῆψα
1633 1143 1688 1193 δι’

96 1229 311 1292 ἐμαυτοῦ,
363 1229 610 1285 κοινωνοὺς
669 1230 833 1297 ὥσπερ
890 1232 966 1280 καὶ
1022 1228 1250 1295 μετόχους
1306 1229 1557 1278 ἀποτελῶν
1608 1228 1691 1288 τῆς

97 1313 372 1379 ἀφθαρσίας
407 1314 562 1365 αὐτοῦ.
615 1312 707 1379 ἐγὼ
743 1313 828 1376 μὲν
853 1311 947 1378 γὰρ
983 1315 1200 1379 φυσικῶς
1235 1311 1283 1360 ἐν
1312 1310 1482 1374 Πατρῖ,
1510 1306 1692 1373 καρπὸς

30 1409 75 1447 15
98 1393 192 1461 γάρ
218 1399 309 1456 εἰμι
335 1398 417 1459 τῆς
452 1397 616 1450 οὐσίας·
651 1396 794 1446 αὐτοῦ
828 1396 905 1445 καὶ
935 1392 1137 1459 γνήσιον
1163 1392 1385 1457 γέννημα,
1414 1389 1691 1456 ἐνυπάρχων

98 1498 148 1526 τε
180 1478 255 1527 καὶ
282 1477 339 1546 ἐξ
363 1479 505 1542 αὐτῆς
529 1476 752 1546 πεφηνὼς
779 1475 869 1543 ζωὴ
897 1478 945 1526 ἐκ
976 1474 1106 1541 ζωῆς,
1134 1477 1256 1542 ὑμεῖς
1284 1472 1333 1524 δὲ
1366 1474 1403 1524 ἐν
1430 1474 1522 1541 ἐμοὶ
1560 1469 1694 1536 κάγὼ

99 1560 137 1609 ἐν
165 1563 275 1627 ὑμῖν,
303 1561 420 1611 καθὸ
453 1560 645 1629 πε’φηνα
679 1559 765 1624 μὲν
792 1560 1041 1625 ἄνθρωπος
1068 1555 1174 1623 ἐγὼ,
1202 1555 1449 1609 κοινωνοὺς
1485 1553 1532 1605 δὲ
1569 1554 1694 1607 θείας

99 1641 290 1707 φύσεως
334 1642 558 1711 ἀπέδειξα
599 1641 653 1693 τὸ
694 1646 891 1700 Πνεῦμα
932 1639 986 1691 τὸ
1027 1637 1138 1703 ἐμὸν
1176 1638 1409 1691 ἐνοικίσας
1456 1638 1575 1700 ὑμῖν.
1645 1637 1737 1687 e’vb

99 1723 209 1787 ἡμῖν
234 1724 327 1790 γάρ
362 1727 494 1775 ἐστιν
526 1726 550 1774 ὁ
585 1723 801 1790 Χριστὸς
836 1721 911 1774 διὰ
944 1727 1028 1772 τοῦ
1066 1720 1358 1783 Πνεύματος,
1385 1718 1694 1784 μετατρέπων

33 1831 81 1855 20
100 1809 161 1858 εἷς
189 1807 465 1874 ἀφθαρσίαν
491 1805 546 1857 τὸ
573 1806 851 1874 φθείρεσθαι
876 1802 1101 1872 πεφυκὸς,
1127 1804 1202 1853 καὶ
1229 1803 1493 1865 μετατιθεὶς
1527 1802 1576 1850 ἐκ
1609 1805 1694 1850 τοῦ

100 1888 445 1951 καταθνήσκειν
479 1889 599 1954 πρὸς
638 1886 692 1938 τὸ
731 1887 796 1951 μὴ
836 1888 982 1940 οὕτως
1021 1885 1143 1952 ἕχον.
1203 1882 1273 1935 διὸ
1313 1885 1388 1934 καὶ
1428 1884 1452 1933 ὁ
1495 1880 1694 1935 Παῦλος

102 1973 267 2038 φησιν,
297 1969 368 2020 ὅτι
395 1977 421 1999 “
443 1971 467 2020 ὁ
503 1971 681 2036 ἐγείρας
714 1970 906 2033 Ἰησοῦν
932 1966 1150 2032 Χριστὸν
1185 1967 1235 2016 ἐκ
1275 1968 1449 2031 νεκρῶν
1487 1962 1686 2028 ζωοποι-
1752 1965 1867 2040 ἓίῐϊζῐ

102 2059 129 2081 “
156 2051 262 2116 ήσει
308 2055 382 2103 καὶ
427 2051 487 2102 τὰ
531 2050 680 2116 θνητὰ
723 2050 928 2114 σώματα
972 2051 1115 2113 ὑμῶν,
1158 2046 1234 2099 διὰ
1278 2053 1361 2098 τοῦ
1404 2048 1693 2099 ἐνοικοῦντος

102 2135 298 2184 “αὐτοῦ
329 2133 602 2197 Πνεύματος
629 2135 677 2184 ἐν
705 2131 859 2196 ὑμῖν.”
900 2135 938 2182 εἰ
964 2131 1057 2197 γὰρ
1083 2132 1158 2182 καὶ
1184 2129 1401 2195 πρόεισιν
1427 2130 1476 2179 ἐκ
1499 2126 1693 2193 Πατρὸς

36 2242 84 2280 25
103 2214 157 2267 τὸ
188 2219 383 2279 Πνεῦμα
409 2215 463 2266 τὸ
482 2215 670 2281 ‘'Aytov,
697 2215 809 2265 ἀλλ’
839 2214 1022 2281 ἔρχεται
1057 2213 1111 2263 δι’
1140 2215 1275 2270 Υἱοῦ,
1305 2213 1381 2261 καὶ
1415 2208 1534 2260 ἴδιόν
1561 2211 1694 2260 ἐστιν

104 2299 262 2365 αὐτοῦ·
305 2298 463 2348 πάντα
488 2297 582 2364 γὰρ
610 2298 664 2348 δι’
693 2301 811 2348 Υἱοῦ
843 2295 974 2363 παρὰ
1003 2294 1210 2361 Πατρός.
1263 2292 1333 2344 ὅτι
1369 2291 1463 2359 γὰρ
1499 2290 1576 2343 διὰ
1610 2297 1733 2343 rofio

106 2380 382 2443 Πνεύματος
409 2384 471 2433 εἰς
497 2378 617 2445 ζωὴν
643 2378 1014 2443 ἀνεπλάσθημεν
1039 2375 1125 2441 τὴν
1152 2375 1350 2437 αἰώνιον,
1377 2376 1401 2426 ὁ
1428 2380 1549 2428 θεῖος
1583 2374 1695 2438 ἡμῖν

104 2460 316 2530 μελωδος
354 2461 735 2526 ἐπιμαρτυρήσει,
761 2464 890 2520 βοῶν
917 2461 979 2513 ὡς
1015 2481 1134 2525 προς
1167 2481 1251 2508 τον
1282 2461 1378 2508 τῶν
1413 2455 1541 2507 ολων
1568 2455 1695 2507 Θεόν

106 2549 133 2572 “
158 2542 464 2610 Ἀνοίξαντος
490 2542 545 2593 δέ
563 2565 655 2592 σου
690 2541 776 2605 τὴν
803 2545 933 2608 χεῖρα
968 2539 1026 2591 τὰ
1061 2539 1320 2602 σύμπαντα
1354 2536 1694 2602 πλησθήσεται
1756 2545 1809 2575 PS·
1777 2545 1889 2620 8οὲῐί-

65 2632 133 2680 0“
156 2623 494 2692 χρηστότητος·
535 2624 933 2691 ἀποστρέψαντος
967 2621 1021 2672 δε
1049 2643 1141 2671 σου
1174 2619 1228 2670 τὸ
1255 2618 1518 2686 πρόσωπον
1543 2641 1690 2684 ταρα-
1757 2590 1838 2628 ²8:⁹³

107 2713 134 2737 ‘⁶
161 2706 438 2774 χθήσονται·
480 2707 747 2758 ἀντανελεῖς
784 2703 839 2754 τὸ
873 2709 1056 2763 πνεῦμα
1091 2702 1245 2752 αὐτῶν
1277 2703 1351 2752 καὶ
1390 2701 1691 2768 ἐκλείψουσι,

159 2853 189 2876 2.
209 2842 248 2885 δὴ
268 2841 359 2875 Catt.
379 2841 415 2874 δὲ
435 2839 502 2874 Ed.
597 2852 631 2885 9.
650 2840 757 2874 καίτοι
775 2845 997 2883 assumptum
1017 2849 1057 2870 ex
1077 2836 1118 2870 E.
1122 2848 1152 2870 a.
1254 2835 1306 2870 16.
1326 2835 1427 2878 αὐτῆς
1444 2835 1486 2868 Ε.
1505 2835 1608 2868 αὐτοῦ
1627 2833 1695 2868 Ed.

112 2900 166 2923 22.
194 2891 212 2921 ὁ
230 2894 450 2932 assumptum
469 2899 510 2920 ex
530 2886 570 2920 E.
742 2897 830 2928 24——
790 2885 893 2919 ——.fin
913 2884 991 2918 lib1i
1009 2884 1091 2918 citat
1109 2895 1142 2928 p.
1309 2881 1363 2917 26.
1389 2880 1498 2926 παρὰ]
1526 2886 1556 2922 ÷
1581 2883 1642 2916 τοῦ
1660 2893 1695 2926 p.

112 2947 167 2980 29·
193 2935 232 2969 δέ
247 2941 469 2979 assumptum
488 2945 527 2967 ex
548 2933 589 2967 E.
