2022 3272
153 153 324 209 xiv.31.
415 155 489 195 IN
530 155 573 197 S.
607 153 945 195 JOANNEM.
1008 153 1132 195 LIB.
1167 155 1219 194 X.
1283 155 1417 196 CAP.
1451 155 1485 196 I.
1659 156 1741 196 533

154 262 308 325 νείαις,
341 265 451 314 ἀλλ’
480 265 562 315 οὖν
594 262 800 330 ἡγεμόνα
837 266 920 327 τῆς
959 264 1069 314 ὁδοῦ
1106 265 1189 326 τῆς
1226 263 1298 332 ἐφ’
1329 261 1511 314 ἅπασιν
1547 264 1743 329 ἀγαθοῖς

153 346 230 394 καὶ
253 347 336 408 τῆς
362 347 412 396 ἐκ
444 350 611 397 παθῶν
637 350 732 397 τῶν
757 345 966 412 ἀρχαίων
992 346 1065 396 ἐπὶ
1101 343 1155 395 τὸ
1192 349 1402 411 κρεῖττον
1427 346 1740 413 ἐπιστροφῆς,
1804 357 1806 360 ’

154 427 208 477 οὐ
241 427 473 493 πρέσβυν,
500 429 582 478 οὐκ
620 427 843 493 ἄγγελον,
870 428 980 477 ἀλλ’
1010 424 1152 478 αὑτὸν
1176 426 1447 494 ἐσχήκαμεν
1476 426 1560 478 τὸν
1592 427 1742 478 ἁπάν-
1762 435 1789 477 d
1806 422 1955 510 {mlxiii

154 530 249 559 των
284 509 472 575 Κύριον,
513 508 772 572 οὐδαμόθεν
810 510 1103 577 ἀμφίβολον.
1162 508 1500 575 λελυτρώμεθα
1539 508 1653 574 γὰρ,
1693 510 1746 559 οὐ

112 602 135 641 5
156 590 211 641 δι’
241 592 434 653 ἑαυτῶν,
460 592 570 641 ἀλλ’
599 590 702 642 οὐδὲ
729 592 785 641 δι’
814 591 971 657 ἑτέρου
997 590 1122 645 τινὸς
1148 595 1243 642 τῶν
1268 595 1492 656 γενητῶν,
1520 592 1574 641 δι’
1604 591 1746 641 αὐτοῦ

156 671 205 723 δὲ
231 676 422 737 μᾶλλον
449 678 532 723 τοῦ
560 675 780 739 Σωτῆρος
806 673 939 737 ἡμῶν
964 677 1196 739 Χριστοῦ.
1234 674 1401 723 οὐκοῦν
1428 674 1541 724 ὅταν
1568 675 1629 726 ὡς
1654 670 1748 723 σὺν

155 753 266 818 ἡμῖν
296 755 370 804 καὶ
408 755 514 818 μεθ’
540 754 672 818 ἡμῶν
705 753 791 818 τὴν
823 756 871 805 ἐν
905 753 1074 823 κόσμῳ
1111 753 1435 822 παραδραμὼν
1467 754 1748 822 φαυλότητα

156 836 276 904 λέγῃ
301 835 355 887 τό
380 835 620 906 Ἐγείρεσθε
647 834 829 905 ἄγωμεν
856 835 1042 899 ἐντεῦθεν,
1066 837 1153 904 οὐχ
1179 839 1240 890 ὡς
1266 838 1582 899 συνυπαίτιος,
1600 837 1748 902 ἤγουν

156 917 426 985 ἐνεχόμενος
461 923 557 971 τοῖς
592 918 900 983 ἀνθρωπίνοις
936 918 1153 981 πάθεσιν,
1185 920 1294 969 ἀλλ’
1324 921 1385 972 ὡς
1423 918 1634 986 ἀρχηγὸς
1673 920 1750 969 καὶ

90 1018 138 1044 10
156 999 432 1066 προστάτης
479 1001 556 1050 καὶ
596 999 866 1065 καθηγητὴς
906 1003 988 1064 τῆς
1029 1000 1214 1051 εἰσόδου
1255 1004 1316 1054 εἷς
1357 1002 1635 1070 ἀφθαρσίαν
1674 1003 1751 1051 καὶ

157 1081 278 1148 ζωὴν
303 1082 389 1147 τὴν
413 1083 462 1133 ἐν
488 1083 714 1151 ἁγιασμῷ
739 1083 815 1133 καὶ
841 1081 1076 1151 φιλοθεΐᾳ,
1103 1081 1157 1134 τὸ
1184 1088 1394 1134 τοιοῦτον
1420 1085 1525 1150 ἐρεῖ.
1767 1106 1789 1133 ο

208 1260 239 1284 Ι.
264 1251 322 1293 τῆς
339 1250 397 1284 alt.
417 1250 459 1285 E.
478 1251 548 1285 τοῖς
566 1248 634 1284 Ed.
742 1260 774 1284 2.
800 1249 1018 1295 ἐπιστροφὴν
1035 1249 1078 1284 Ε.
1182 1261 1215 1295 3.
1241 1250 1392 1295 πρέσβιν
1409 1250 1451 1284 Ε.
1560 1262 1614 1286 10.
1638 1266 1750 1296 προσ·

157 1296 275 1342 τάτης]
295 1300 429 1341 πρῶτος
449 1296 600 1342 [πρώτος
617 1295 665 1343 c.]
685 1295 808 1342 ταύτης
828 1297 881 1341 (=
901 1295 1161 1342 πρωτοστάτης)
1181 1309 1211 1332 c.
1232 1297 1340 1332 Cord.
1410 1298 1470 1341 τῆς
1487 1297 1533 1333 εἷς
1550 1298 1750 1344 ἀφθαρσίαν

158 1343 240 1378 ὁδοῦ
259 1344 313 1378 καὶ
331 1343 377 1379 εἷς
396 1344 481 1388 ζωὴν
500 1342 593 1379 Catt.
