1986 3236
304 107 330 145 2
705 110 755 150 Β.
789 110 1067 153 CYRILLI
1107 113 1488 156 ALEXANDR.
1714 113 1799 154 viii.
1821 125 1885 155 20.

305 213 399 281 γὰρ
424 215 627 280 εἱστήκει
653 217 707 268 τὸ
733 218 1104 289 γαζοφυλάκιον,
1125 223 1383 286 τουτέστιν,
1410 227 1472 277 εἰς
1498 224 1640 274 αὐτοῦ
1665 227 1748 272 τοῦ
1775 225 1888 271 ναοῦ

261 295 360 347 brb
403 298 689 360 μεσαίτατον
734 302 771 351 ἐν
815 301 942 370 αὐτῷ
987 302 1046 372 τῷ
1092 310 1184 374 ἱερῷ
1226 304 1334 359 τοὺς
1377 307 1482 372 περὶ
1527 309 1621 356 τῶν
1665 302 1888 354 τοιούτων

303 379 499 429 ἐποιεῖτο
550 379 737 445 λόγους.
811 382 943 433 ἀλλὰ
1000 384 1147 435 καίτοι
1197 386 1392 454 σφόδρα
1443 385 1760 452 διαπριόμενοι
1811 384 1887 434 καὶ

303 459 618 524 λελυπηκότες
669 462 876 517 ἐκτόπως
926 466 1000 516 ἐπὶ
1049 471 1145 519 τοῖς
1189 469 1297 533 παρ’
1345 469 1487 519 αὐτοῦ
1531 467 1802 532 λεγομένοις
1844 467 1886 515 οἱ

303 545 569 607 Φαρισαῖοι,
606 545 689 594 οὐκ
728 545 929 596 ἐπίασαν
963 548 1102 610 αὐτὶν,
1130 548 1237 617 ἐξὸν
1273 549 1477 604 εὐκόλως
1511 548 1615 600 τότε
1652 547 1708 612 δὴ
1747 553 1885 598 τοῦτο
1906 563 1928 602 5

299 623 515 686 μάλιστα
555 628 670 691 δρᾶν
707 627 878 681 αὐτοῖς·
920 627 978 692 ἧν
1011 628 1118 695 γὰρ,
1155 632 1217 683 ὡς
1255 630 1387 700 ἔφην,
1421 631 1605 698 ἀρκύων
1640 629 1785 684 ἐντός.
1840 630 1891 680 τί

300 705 381 754 οὖν
414 705 504 771 ἄρα
539 705 592 756 τὸ
628 708 845 762 πεπεικὸς
880 711 956 760 καὶ
992 712 1079 778 οὐχ
1115 710 1304 766 ἑκόντας
1336 713 1534 778 ἠρεμεῖν,
1565 710 1673 765 τοὺς
1712 712 1884 777 θηρίων

299 785 542 837 ἀτιθάσων
569 790 894 854 ἀγριαίνοντας
932 793 1095 856 δίκην,
1141 792 1190 843 τί
1221 793 1276 845 τὸ
1312 793 1561 862 ἀνακόψαν
1587 793 1672 857 τὴν
1703 793 1885 844 ἐκείνων

299 866 477 933 ὀργήν;
522 872 864 936 κατεγοητεύθη
904 872 952 924 δὲ
989 873 1115 928 ὅπως
1154 876 1182 939 ἡ
1211 876 1457 944 μιαιφόνος
1487 880 1581 926 τῶν
1609 874 1885 942 Φαρισαίων

259 951 464 1015 οκαρδία
488 973 499 1012 ;
554 951 672 1002 οὔπω
708 956 860 1021 φησὶν
886 955 1079 1015 ἐληλύθει
1115 983 1136 1017 η
1172 956 1262 1028 ὥρα,
1296 959 1440 1016 αὐτοῦ,
1469 957 1726 1018 τουτέστιν,
1754 957 1883 1007 οὔπω
1908 979 1956 1004 10

297 1033 455 1096 παρῆν
490 1033 515 1082 ὁ
554 1038 637 1084 τοῦ
677 1035 880 1086 θανάτου
919 1036 1092 1102 καιρὸς,
1127 1039 1180 1089 οὐ
1218 1041 1327 1106 παρ’
1356 1040 1511 1105 ἑτέρου
1549 1037 1673 1092 τινὸς
1713 1039 1737 1088 ὁ
1777 1039 1885 1103 ὡρι-

384 1112 396 1127 Ῑ
513 1115 523 1129 ἳ
559 1116 573 1132 Χ
652 1119 672 1128 ⁶
818 1120 837 1129 Α
941 1123 956 1130 v
1091 1122 1111 1132 Λ
1170 1122 1181 1136 9
1256 1122 1265 1136 9
1334 1122 1343 1135 3
1387 1120 1398 1138 ἱ
1534 1120 1545 1135 5
1628 1120 1641 1137 x
1693 1121 1703 1135 ²
1838 1118 1850 1135 Ι

296 1135 470 1176 σμενος
500 1138 574 1165 επι
606 1138 672 1184 τερ
701 1120 887 1183 Σωτηρι
913 1122 1127 1189 λριστῳ,
1155 1128 1255 1171 αλλ
1295 1124 1399 1171 ουδε
1433 1144 1553 1172 κατα
1588 1144 1670 1174 τας
1711 1124 1878 1184 Ελλη-

296 1217 389 1244 νων
415 1198 737 1263 ψευδομυθιάς
769 1199 824 1267 ἐξ
857 1201 1132 1267 εἱμαρμένης
1165 1202 1587 1270 ἐπιῤῥιπτούμενος,
1614 1201 1762 1267 ἤγουν
1788 1201 1883 1252 ἀπὸ

295 1279 377 1340 τῆς
403 1276 526 1342 ὥρας
553 1278 672 1329 κατὰ
697 1279 780 1331 τὸν
805 1283 914 1348 παρ’
944 1284 1131 1337 ἐκείνοις
1162 1290 1401 1351 ληροῦντα
1433 1284 1594 1350 λόγον,
1623 1283 1882 1350 ὡρισμένος

297 1357 345 1409 δὲ
395 1364 586 1422 μᾶλλον
635 1363 745 1427 παρ’
800 1364 942 1414 αὐτοῦ
994 1364 1113 1416 κατὰ
1164 1367 1438 1417 συναίνεσιν
1488 1372 1571 1418 τοῦ
1623 1369 1748 1417 Θεοῦ
1805 1367 1880 1416 καὶ
1907 1385 1953 1423 15

297 1440 505 1506 Πατρός.
574 1441 696 1496 Θεὸς
736 1442 830 1510 γὰρ
874 1444 1097 1513 ὑπάρχων
1135 1451 1194 1514 τῇ
1239 1447 1384 1516 φύσει
1423 1449 1498 1498 καὶ
1540 1446 1764 1511 ἀληθινὸς
1805 1448 1881 1497 καὶ

293 1527 377 1572 τοῦ
411 1523 674 1589 πρέποντος
709 1527 977 1592 διαμαρτεῖν
1003 1528 1085 1579 οὐκ
1119 1528 1261 1591 εἰδὼς,
1289 1530 1337 1579 εὖ
1368 1529 1425 1593 δὴ
1461 1532 1535 1580 καὶ
1571 1529 1679 1580 λίαν
1711 1528 1875 1596 ἐξηπί-

294 1626 446 1655 στατο
471 1604 627 1656 πόσον
653 1606 737 1670 μὲν
757 1607 846 1658 ἔδει
873 1613 970 1663 τοῖς
995 1611 1069 1661 ἐπὶ
1096 1614 1179 1674 τῆς
1207 1614 1294 1676 γῆς
1321 1615 1684 1662 συνδιαιτᾶσθαι
1709 1609 1881 1678 χρόνον

250 1692 276 1733 d
293 1684 412 1748 μετὰ
438 1687 633 1752 σαρκὸς,
662 1689 776 1739 πότε
808 1689 856 1740 δὲ
883 1691 1015 1744 αὖθις
1041 1692 1152 1742 ἱέναι
1177 1692 1296 1758 πρὸς
1323 1692 1535 1760 οὐρανὸν,
1562 1696 1628 1762 τῷ
1655 1695 1735 1756 τῆς
1762 1692 1879 1746 ἰδίας

293 1766 474 1833 σαρκὸς
500 1767 688 1839 θανάτῳ
714 1771 977 1823 καθελόντα
1004 1772 1086 1824 τὸν
1114 1772 1332 1825 θάνατον·
1376 1775 1446 1826 ὅτι
1472 1774 1563 1842 γὰρ
1597 1775 1679 1825 οὐκ
1712 1775 1761 1825 ἐκ
1796 1775 1878 1837 τῆς
1900 1799 1950 1824 20

293 1871 432 1899 τινων
457 1851 734 1919 πλεονεξίας
762 1853 786 1902 ὁ
814 1852 1014 1907 θάνατος
1045 1855 1337 1919 ε’πενήνεκται
1365 1861 1422 1924 τῇ
1449 1855 1568 1908 κατὰ
1594 1856 1744 1925 φύσιν
1771 1855 1878 1923 ζωῇ,

293 1933 440 1994 δῆλον
472 1931 558 1996 μὲν
589 1931 740 1996 δήπου
775 1931 900 1996 οἶμαι
939 1940 1090 1986 πᾶσιν
1123 1934 1236 1988 εἶναι
1275 1943 1370 1991 τοῖς
1408 1942 1597 2007 σοφοῖς.
1650 1941 1751 1991 πῶς
1785 1936 1878 2003 γὰρ

292 2010 350 2061 ἂν
376 2013 665 2081 ὑπερίσχυσε
692 2018 776 2079 τῆς
802 2016 920 2067 κατὰ
948 2017 1096 2084 φύσιν
1123 2018 1240 2085 ζωῆς
1264 2019 1324 2070 τὰ
1349 2025 1432 2071 τοῦ
1460 2019 1663 2070 θανάτου
1690 2019 1874 2081 δεσμοῖς

70 2095 163 2169 ξὲῗΐλ
178 2107 210 2126 x.
292 2095 367 2143 καὶ
407 2094 545 2148 αὐτὸς
584 2097 642 2146 δέ
671 2119 763 2148 που
803 2099 1162 2165 διαμαρτύρεται
1201 2101 1356 2167 λε’γων
1392 2103 1416 2152 ὁ
1455 2101 1628 2168 Κύριος
1661 2109 1687 2131 “
1708 2101 1878 2155 Οὐδεὶς

291 2182 319 2204 “
346 2174 461 2241 αἴρει
506 2176 591 2240 τὴν
634 2178 800 2246 ψυχήν
839 2202 931 2243 μου
975 2182 1053 2232 ἀπ’
1097 2184 1222 2245 ἐμοῦ,
1267 2182 1359 2249 ἐγὼ
1403 2182 1560 2247 τίθημι
1606 2182 1752 2246 αὐτὴν
1795 2182 1873 2234 ἀπ’
1898 2202 1946 2240 25

291 2262 319 2286 ‘⁶
344 2258 561 2319 ἐμαυτοῦ·
608 2259 831 2327 ἐξουσίαν
865 2262 956 2329 ἔχω
993 2267 1136 2314 θεῖναι
1175 2264 1333 2328 αὐτὴν,
1367 2266 1442 2315 καὶ
1473 2263 1620 2316 πάλιν
1655 2265 1876 2333 ἐξουσίαν

293 2344 320 2367 “
346 2337 436 2405 ε”χω
475 2344 643 2399 λαβεῖν
683 2341 868 2406 αὐτήν.”
925 2348 962 2394 εἱ
1001 2344 1087 2408 μὲν
1121 2345 1215 2411 γὰρ
1255 2349 1316 2400 ὡς
1354 2346 1410 2414 ἐξ
1444 2345 1651 2411 ἀνάγκης
1690 2346 1876 2412 ὡρίζετο

252 2420 400 2485 οπαρ’
447 2421 604 2487 ἑτέρου
647 2423 772 2477 τινὸς
818 2427 842 2476 ὁ
890 2426 1062 2492 καιρὸς,
1109 2429 1216 2478 καθ’
1265 2427 1318 2478 ὃν
1362 2429 1450 2478 ἔδει
1496 2427 1683 2481 πάντως
1733 2427 1876 2478 αὑτὸν

291 2502 534 2566 ὑπομεῖναι
570 2502 653 2555 τὸν
689 2505 907 2566 θάνατον,
936 2513 1036 2562 πῶς
1070 2511 1118 2559 ἐν
1148 2509 1342 2578 ἐξουσίᾳ
1378 2510 1585 2573 κείμενον
1615 2509 1876 2575 εὑρήσομεν

342 2635 371 2657 Ι.
398 2624 502 2659 αὐτοῦ
527 2628 587 2660 τοῦ
613 2630 691 2661 ναοῦ
717 2628 771 2674 τὸ]
792 2630 873 2664 αὐτὸ
899 2632 937 2664 τὸ
963 2633 1023 2665 τοῦ
1049 2633 1128 2665 ναοῦ
1153 2643 1183 2666 a.
1259 2631 1384 2666 Statim
1401 2634 1592 2675 μεσότοτον
1611 2632 1653 2666 Β.
1671 2632 1876 2677 μεσαίτατον

291 2668 396 2703 habet
413 2682 444 2704 a.
565 2683 598 2715 5.
624 2675 776 2716 μάλιστα
794 2679 894 2710 τοῦτο
913 2677 1050 2711 inverso
1068 2678 1190 2712 ordine
1210 2678 1252 2712 B.
1305 2679 1512 2713 Emendavit
1533 2680 1650 2713 Holst.
1777 2690 1830 2714 ΙΙ.
1856 2680 1874 2712 ὁ

292 2715 478 2759 ὡρισμένος
506 2718 548 2752 Β.
623 2720 747 2755 Statim
775 2724 792 2756 ὁ
817 2723 914 2757 addit
941 2724 981 2758 Β.
1005 2723 1045 2767 ἧν
1070 2725 1257 2769 ὡρισμένος
1281 2727 1300 2758 ὁ
1326 2725 1523 2760 emendavit
1550 2726 1612 2760 Ht.
1634 2724 1820 2770 ὡρισμένος
1842 2736 1873 2758 a.

297 2769 351 2802 15.
378 2763 571 2798 συναίνεσιν
588 2767 784 2802 emendavit
802 2781 819 2803 e
839 2769 916 2804 Cat.
938 2770 1038 2805 Harl.
1057 2777 1096 2805 ut
1114 2771 1184 2805 vid.
1203 2771 1297 2805 Aub.
1317 2771 1476 2806 σύναισιν
1495 2773 1548 2816 (=
1570 2771 1725 2814 σύνεσιν)
1746 2771 1788 2804 Β.
1808 2770 1871 2804 Ht-

297 2806 350 2840 16.
376 2807 428 2840 καὶ
447 2809 544 2852 prius
562 2820 783 2857 assumptum
802 2827 842 2848 ex
863 2815 905 2850 B.
1160 2827 1213 2863 17.
1240 2818 1433 2862 διαμαρτεῖν
1453 2818 1528 2853 B.a.
1545 2817 1705 2863 ἁμαρτεῖν
1725 2816 1787 2850 Ht.
1807 2816 1873 2852 Ed·

292 2852 498 2896 ἐξηπίστατο
516 2866 545 2889 a.
565 2857 767 2899 ἐξεπίστατο
787 2861 853 2896 Ed.
1058 2875 1110 2908 19.
1137 2863 1219 2899 ἴέναι
1236 2876 1266 2898 a.
1284 2863 1367 2899 εἶναι
1385 2864 1451 2899 Ed.
1651 2872 1707 2907 27.
1733 2862 1869 2909 λαβεῖν]

292 2899 412 2937 βαλεῖν
432 2900 512 2943 (sic)
532 2902 626 2936 Aub.
