<?xml version="1.0" encoding="UTF-8"?>
<!DOCTYPE html PUBLIC "-//W3C//DTD XHTML 1.0 Transitional//EN"
    "http://www.w3.org/TR/xhtml1/DTD/xhtml1-transitional.dtd">
<html xmlns="http://www.w3.org/1999/xhtml" xml:lang="en" lang="en">
 <head>
  <title>
</title>
<meta http-equiv="Content-Type" content="text/html;charset=utf-8" />
  <meta name='ocr-system' content='tesseract 3.04.00' />
  <meta name='ocr-capabilities' content='ocr_page ocr_carea ocr_par ocr_line ocrx_word'/>
</head>
<body>
  <div class='ocr_page' id='page_1' title='image "./operacyrilli04cyriuoft/operacyrilli04cyriuoft_0163.png"; bbox 0 0 1971 3272; ppageno 0'>
   <div class='ocr_carea' id='block_1_1' title="bbox 76 146 1655 205">
    <p class='ocr_par' dir='ltr' id='par_1_1' title="bbox 76 146 1655 205">
     <span class='ocr_line' id='line_1_1' title="bbox 76 146 1655 205; baseline -0.004 -15"><span class='ocrx_word' id='word_1_1' title='bbox 76 149 131 190; x_wconf 83' lang='lat' dir='ltr'>ix.</span> <span class='ocrx_word' id='word_1_2' title='bbox 151 164 189 205; x_wconf 84' lang='lat'>3.</span> <span class='ocrx_word' id='word_1_3' title='bbox 328 151 399 191; x_wconf 92' lang='lat' dir='ltr'>IN</span> <span class='ocrx_word' id='word_1_4' title='bbox 443 151 485 191; x_wconf 89' lang='lat' dir='ltr'>S.</span> <span class='ocrx_word' id='word_1_5' title='bbox 519 150 854 191; x_wconf 76' lang='lat' dir='ltr'><strong>JOANNEM.</strong></span> <span class='ocrx_word' id='word_1_6' title='bbox 919 150 1041 190; x_wconf 80' lang='lat' dir='ltr'>LIB.</span> <span class='ocrx_word' id='word_1_7' title='bbox 1071 149 1145 190; x_wconf 66' lang='lat' dir='ltr'>VI.</span> <span class='ocrx_word' id='word_1_8' title='bbox 1208 149 1329 189; x_wconf 72' lang='lat' dir='ltr'>CAP</span> <span class='ocrx_word' id='word_1_9' title='bbox 1381 147 1411 186; x_wconf 91' lang='lat' dir='ltr'>I.</span> <span class='ocrx_word' id='word_1_10' title='bbox 1586 146 1655 184; x_wconf 75' lang='lat'>151</span> 
     </span>
    </p>
   </div>
   <div class='ocr_carea' id='block_1_2' title="bbox 1 252 1709 1555">
    <p class='ocr_par' dir='ltr' id='par_1_2' title="bbox 77 252 1709 567">
     <span class='ocr_line' id='line_1_2' title="bbox 77 252 1709 327; baseline -0.006 -18"><span class='ocrx_word' id='word_1_11' title='bbox 77 257 135 309; x_wconf 76' lang='grc' dir='ltr'>τὰ</span> <span class='ocrx_word' id='word_1_12' title='bbox 173 259 298 327; x_wconf 72' lang='grc' dir='ltr'>αὐτῷ</span> <span class='ocrx_word' id='word_1_13' title='bbox 336 260 580 325; x_wconf 72' lang='grc' dir='ltr'>πρέποντα</span> <span class='ocrx_word' id='word_1_14' title='bbox 618 261 692 309; x_wconf 73' lang='grc' dir='ltr'>καὶ</span> <span class='ocrx_word' id='word_1_15' title='bbox 733 259 960 327; x_wconf 73' lang='grc' dir='ltr'>ἐξαίρετα,</span> <span class='ocrx_word' id='word_1_16' title='bbox 1001 258 1118 322; x_wconf 81' lang='grc' dir='ltr'>μετὰ</span> <span class='ocrx_word' id='word_1_17' title='bbox 1160 263 1241 307; x_wconf 82' lang='grc' dir='ltr'>τοῦ</span> <span class='ocrx_word' id='word_1_18' title='bbox 1285 257 1547 305; x_wconf 85' lang='grc' dir='ltr'>διακεῖσθαι</span> <span class='ocrx_word' id='word_1_19' title='bbox 1590 252 1709 301; x_wconf 61' lang='lat' dir='ltr'>mil&gt;</span> 
     </span>
     <span class='ocr_line' id='line_1_3' title="bbox 77 330 1665 404; baseline -0.005 -13"><span class='ocrx_word' id='word_1_20' title='bbox 77 340 314 391; x_wconf 77' lang='grc' dir='ltr'>πιστεύειν</span> <span class='ocrx_word' id='word_1_21' title='bbox 353 343 541 404; x_wconf 77' lang='grc' dir='ltr'>ἀληθῶς</span> <span class='ocrx_word' id='word_1_22' title='bbox 582 341 652 391; x_wconf 79' lang='grc' dir='ltr'>ὅτι</span> <span class='ocrx_word' id='word_1_23' title='bbox 692 340 990 403; x_wconf 78' lang='grc' dir='ltr'>δικαιοσύνης</span> <span class='ocrx_word' id='word_1_24' title='bbox 1027 339 1218 403; x_wconf 75' lang='grc' dir='ltr'>ἀπάσης</span> <span class='ocrx_word' id='word_1_25' title='bbox 1260 337 1485 402; x_wconf 74' lang='grc' dir='ltr'>ὑπάρχων</span> <span class='ocrx_word' id='word_1_26' title='bbox 1520 330 1665 398; x_wconf 84' lang='grc' dir='ltr'>πηγὴ,</span> 
     </span>
     <span class='ocr_line' id='line_1_4' title="bbox 79 415 1662 489; baseline -0.006 -17"><span class='ocrx_word' id='word_1_27' title='bbox 79 422 160 472; x_wconf 77' lang='grc' dir='ltr'>οὐκ</span> <span class='ocrx_word' id='word_1_28' title='bbox 202 422 259 472; x_wconf 79' lang='grc' dir='ltr'>ἅν</span> <span class='ocrx_word' id='word_1_29' title='bbox 297 445 341 472; x_wconf 92' lang='grc' dir='ltr'>τι</span> <span class='ocrx_word' id='word_1_30' title='bbox 382 422 555 488; x_wconf 75' lang='grc' dir='ltr'>δράσαι</span> <span class='ocrx_word' id='word_1_31' title='bbox 598 421 754 489; x_wconf 74' lang='grc' dir='ltr'>τυχὸν,</span> <span class='ocrx_word' id='word_1_32' title='bbox 795 421 822 485; x_wconf 75' lang='grc' dir='ltr'>ἢ</span> <span class='ocrx_word' id='word_1_33' title='bbox 868 422 1189 482; x_wconf 74' lang='grc' dir='ltr'>βουλεύσαιτο</span> <span class='ocrx_word' id='word_1_34' title='bbox 1234 420 1281 470; x_wconf 74' lang='grc' dir='ltr'>ε”ν</span> <span class='ocrx_word' id='word_1_35' title='bbox 1320 441 1368 468; x_wconf 88' lang='grc' dir='ltr'>τε</span> <span class='ocrx_word' id='word_1_36' title='bbox 1414 421 1508 469; x_wconf 88' lang='grc' dir='ltr'>τοῖς</span> <span class='ocrx_word' id='word_1_37' title='bbox 1555 415 1662 464; x_wconf 82' lang='grc' dir='ltr'>καθ’</span> 
     </span>
     <span class='ocr_line' id='line_1_5' title="bbox 78 497 1666 567; baseline -0.006 -13"><span class='ocrx_word' id='word_1_38' title='bbox 78 504 212 567; x_wconf 83' lang='grc' dir='ltr'>ἡμᾶς,</span> <span class='ocrx_word' id='word_1_39' title='bbox 239 506 313 554; x_wconf 83' lang='grc' dir='ltr'>καὶ</span> <span class='ocrx_word' id='word_1_40' title='bbox 341 506 388 554; x_wconf 85' lang='grc' dir='ltr'>ἐν</span> <span class='ocrx_word' id='word_1_41' title='bbox 415 509 509 558; x_wconf 82' lang='grc' dir='ltr'>τοῖς</span> <span class='ocrx_word' id='word_1_42' title='bbox 538 503 657 554; x_wconf 74' lang='grc' dir='ltr'>κατὰ</span> <span class='ocrx_word' id='word_1_43' title='bbox 688 509 852 555; x_wconf 76' lang='grc' dir='ltr'>πᾶσαν</span> <span class='ocrx_word' id='word_1_44' title='bbox 879 503 966 567; x_wconf 86' lang='grc' dir='ltr'>τὴν</span> <span class='ocrx_word' id='word_1_45' title='bbox 993 504 1150 566; x_wconf 80' lang='grc' dir='ltr'>ἄλλην</span> <span class='ocrx_word' id='word_1_46' title='bbox 1177 502 1346 557; x_wconf 83' lang='grc' dir='ltr'>κτίσιν,</span> <span class='ocrx_word' id='word_1_47' title='bbox 1376 503 1412 549; x_wconf 79' lang='grc' dir='ltr'>εἰ</span> <span class='ocrx_word' id='word_1_48' title='bbox 1449 497 1512 560; x_wconf 82' lang='grc' dir='ltr'>μὴ</span> <span class='ocrx_word' id='word_1_49' title='bbox 1552 497 1666 560; x_wconf 74' lang='grc' dir='ltr'>ὅπερ</span> 
     </span>
    </p>

    <p class='ocr_par' dir='ltr' id='par_1_3' title="bbox 38 578 1667 736">
     <span class='ocr_line' id='line_1_6' title="bbox 38 578 1667 654; baseline 0.001 -19"><span class='ocrx_word' id='word_1_50' title='bbox 38 602 59 641; x_wconf 89' lang='grc'>5</span> <span class='ocrx_word' id='word_1_51' title='bbox 80 584 137 636; x_wconf 76' lang='grc' dir='ltr'>ἂν</span> <span class='ocrx_word' id='word_1_52' title='bbox 172 586 297 654; x_wconf 71' lang='grc' dir='ltr'>αὐτῷ</span> <span class='ocrx_word' id='word_1_53' title='bbox 336 587 550 654; x_wconf 86' lang='grc' dir='ltr'>φαίνοιτο</span> <span class='ocrx_word' id='word_1_54' title='bbox 589 586 784 651; x_wconf 84' lang='grc' dir='ltr'>πρέπον,</span> <span class='ocrx_word' id='word_1_55' title='bbox 813 587 887 636; x_wconf 73' lang='grc' dir='ltr'>καὶ</span> <span class='ocrx_word' id='word_1_56' title='bbox 924 590 1018 636; x_wconf 81' lang='grc' dir='ltr'>τῶν</span> <span class='ocrx_word' id='word_1_57' title='bbox 1050 588 1133 648; x_wconf 78' lang='grc' dir='ltr'>τῆς</span> <span class='ocrx_word' id='word_1_58' title='bbox 1171 586 1377 647; x_wconf 80' lang='grc' dir='ltr'>ἀληθοῦς</span> <span class='ocrx_word' id='word_1_59' title='bbox 1413 578 1667 646; x_wconf 66' lang='grc' dir='ltr'>ὀρθότητος</span> 
     </span>
     <span class='ocr_line' id='line_1_7' title="bbox 80 668 625 736; baseline 0 -18"><span class='ocrx_word' id='word_1_60' title='bbox 80 668 162 718; x_wconf 83' lang='grc' dir='ltr'>οὐκ</span> <span class='ocrx_word' id='word_1_61' title='bbox 188 669 416 736; x_wconf 77' lang='grc' dir='ltr'>ἐξοίχεται</span> <span class='ocrx_word' id='word_1_62' title='bbox 449 669 625 733; x_wconf 87' lang='grc' dir='ltr'>λόγων.</span> 
     </span>
    </p>

    <p class='ocr_par' dir='ltr' id='par_1_4' title="bbox 81 743 1709 984">
     <span class='ocr_line' id='line_1_8' title="bbox 155 743 1669 816; baseline -0.003 -17"><span class='ocrx_word' id='word_1_63' title='bbox 155 751 344 800; x_wconf 80' lang='grc' dir='ltr'>Οὐκοῦν</span> <span class='ocrx_word' id='word_1_64' title='bbox 374 750 558 816; x_wconf 85' lang='grc' dir='ltr'>ἐπείπερ</span> <span class='ocrx_word' id='word_1_65' title='bbox 598 750 717 813; x_wconf 81' lang='grc' dir='ltr'>ἡμᾶς</span> <span class='ocrx_word' id='word_1_66' title='bbox 756 755 922 800; x_wconf 82' lang='grc' dir='ltr'>τοῦτον</span> <span class='ocrx_word' id='word_1_67' title='bbox 957 752 1219 800; x_wconf 86' lang='grc' dir='ltr'>διακεῖσθαι</span> <span class='ocrx_word' id='word_1_68' title='bbox 1258 747 1340 798; x_wconf 82' lang='grc' dir='ltr'>τὸν</span> <span class='ocrx_word' id='word_1_69' title='bbox 1372 745 1550 812; x_wconf 85' lang='grc' dir='ltr'>τρόπον</span> <span class='ocrx_word' id='word_1_70' title='bbox 1586 743 1669 793; x_wconf 78' lang='grc' dir='ltr'>οὐκ</span> 
     </span>
     <span class='ocr_line' id='line_1_9' title="bbox 81 824 1669 899; baseline -0.004 -18"><span class='ocrx_word' id='word_1_71' title='bbox 81 830 283 893; x_wconf 79' lang='grc' dir='ltr'>ἀπεικὸς,</span> <span class='ocrx_word' id='word_1_72' title='bbox 317 833 369 881; x_wconf 80' lang='grc' dir='ltr'>οὐ</span> <span class='ocrx_word' id='word_1_73' title='bbox 409 834 702 897; x_wconf 78' lang='grc' dir='ltr'>δογματικῶς</span> <span class='ocrx_word' id='word_1_74' title='bbox 741 831 967 898; x_wconf 76' lang='grc' dir='ltr'>εἰρηκέναι</span> <span class='ocrx_word' id='word_1_75' title='bbox 1007 833 1129 899; x_wconf 75' lang='grc' dir='ltr'>φημὶ</span> <span class='ocrx_word' id='word_1_76' title='bbox 1169 829 1251 880; x_wconf 77' lang='grc' dir='ltr'>τὸν</span> <span class='ocrx_word' id='word_1_77' title='bbox 1282 829 1458 894; x_wconf 86' lang='grc' dir='ltr'>Κύριον</span> <span class='ocrx_word' id='word_1_78' title='bbox 1490 824 1543 876; x_wconf 89' lang='grc' dir='ltr'>τό</span> <span class='ocrx_word' id='word_1_79' title='bbox 1572 824 1669 875; x_wconf 68' lang='grc' dir='ltr'>Ἵνα</span> 
     </span>
     <span class='ocr_line' id='line_1_10' title="bbox 82 909 1709 984; baseline -0.005 -20"><span class='ocrx_word' id='word_1_80' title='bbox 82 912 298 984; x_wconf 62' lang='grc' dir='ltr'>φανερωθῇ</span> <span class='ocrx_word' id='word_1_81' title='bbox 329 913 386 964; x_wconf 60' lang='grc' dir='ltr'>τι),</span> <span class='ocrx_word' id='word_1_82' title='bbox 419 913 528 983; x_wconf 76' lang='grc' dir='ltr'>ἔργα</span> <span class='ocrx_word' id='word_1_83' title='bbox 560 915 631 964; x_wconf 66' lang='grc' dir='ltr'>τοῦ</span> <span class='ocrx_word' id='word_1_84' title='bbox 659 915 770 964; x_wconf 73' lang='grc' dir='ltr'>Θεσῧ</span> <span class='ocrx_word' id='word_1_85' title='bbox 797 915 834 964; x_wconf 78' lang='grc' dir='ltr'>ἐν</span> <span class='ocrx_word' id='word_1_86' title='bbox 861 917 994 983; x_wconf 72' lang='grc' dir='ltr'>αὐτῷ·</span> <span class='ocrx_word' id='word_1_87' title='bbox 1043 916 1354 978; x_wconf 82' lang='grc' dir='ltr'>περισπῶντα</span> <span class='ocrx_word' id='word_1_88' title='bbox 1394 909 1441 960; x_wconf 77' lang='grc' dir='ltr'>δὲ</span> <span class='ocrx_word' id='word_1_89' title='bbox 1479 913 1709 971; x_wconf 79' lang='grc' dir='ltr'>μᾶλλονο</span> 
     </span>
    </p>

    <p class='ocr_par' dir='ltr' id='par_1_5' title="bbox 1 989 1677 1555">
     <span class='ocr_line' id='line_1_11' title="bbox 1 989 1672 1061; baseline -0.004 -15"><span class='ocrx_word' id='word_1_90' title='bbox 1 989 63 1042; x_wconf 63' lang='lat'>&gt;10</span> <span class='ocrx_word' id='word_1_91' title='bbox 83 998 145 1049; x_wconf 80' lang='grc' dir='ltr'>εἰς</span> <span class='ocrx_word' id='word_1_92' title='bbox 170 994 330 1061; x_wconf 78' lang='grc' dir='ltr'>ἑτέραν</span> <span class='ocrx_word' id='word_1_93' title='bbox 356 995 463 1046; x_wconf 77' lang='grc' dir='ltr'>ὁδὸν</span> <span class='ocrx_word' id='word_1_94' title='bbox 489 993 653 1061; x_wconf 76' lang='grc' dir='ltr'>ὥσπερ</span> <span class='ocrx_word' id='word_1_95' title='bbox 680 1001 763 1046; x_wconf 82' lang='grc' dir='ltr'>τοῦ</span> <span class='ocrx_word' id='word_1_96' title='bbox 789 995 1070 1061; x_wconf 73' lang='grc' dir='ltr'>ζητουμένου</span> <span class='ocrx_word' id='word_1_97' title='bbox 1101 994 1187 1058; x_wconf 83' lang='grc' dir='ltr'>τὴν</span> <span class='ocrx_word' id='word_1_98' title='bbox 1214 992 1482 1058; x_wconf 85' lang='grc' dir='ltr'>ἀπόκρισιν,</span> <span class='ocrx_word' id='word_1_99' title='bbox 1511 992 1586 1040; x_wconf 81' lang='grc' dir='ltr'>καὶ</span> <span class='ocrx_word' id='word_1_100' title='bbox 1622 990 1672 1039; x_wconf 87' lang='grc' dir='ltr'>ἐκ</span> 
     </span>
     <span class='ocr_line' id='line_1_12' title="bbox 82 1070 1667 1144; baseline -0.004 -17"><span class='ocrx_word' id='word_1_101' title='bbox 82 1081 176 1127; x_wconf 82' lang='grc' dir='ltr'>τῶν</span> <span class='ocrx_word' id='word_1_102' title='bbox 200 1075 529 1143; x_wconf 78' lang='grc' dir='ltr'>βαθυτέρωνῆ</span> <span class='ocrx_word' id='word_1_103' title='bbox 567 1078 672 1128; x_wconf 89' lang='grc' dir='ltr'>καθ’</span> <span class='ocrx_word' id='word_1_104' title='bbox 703 1078 822 1141; x_wconf 80' lang='grc' dir='ltr'>ἡμᾶς</span> <span class='ocrx_word' id='word_1_105' title='bbox 856 1077 1144 1144; x_wconf 79' lang='grc' dir='ltr'>περιάγοντα</span> <span class='ocrx_word' id='word_1_106' title='bbox 1179 1075 1298 1141; x_wconf 80' lang='grc' dir='ltr'>πρὸς</span> <span class='ocrx_word' id='word_1_107' title='bbox 1333 1075 1392 1125; x_wconf 79' lang='grc' dir='ltr'>τὰ</span> <span class='ocrx_word' id='word_1_108' title='bbox 1428 1070 1667 1139; x_wconf 87' lang='grc' dir='ltr'>πρεπωδέ-</span> 
     </span>
     <span class='ocr_line' id='line_1_13' title="bbox 83 1152 1673 1226; baseline -0.002 -17"><span class='ocrx_word' id='word_1_109' title='bbox 83 1179 247 1225; x_wconf 89' lang='grc' dir='ltr'>στερα·</span> <span class='ocrx_word' id='word_1_110' title='bbox 292 1161 580 1210; x_wconf 86' lang='grc' dir='ltr'>κατείθισται</span> <span class='ocrx_word' id='word_1_111' title='bbox 607 1158 700 1226; x_wconf 78' lang='grc' dir='ltr'>γάρ</span> <span class='ocrx_word' id='word_1_112' title='bbox 728 1183 827 1212; x_wconf 88' lang='grc' dir='ltr'>πως</span> <span class='ocrx_word' id='word_1_113' title='bbox 855 1162 928 1210; x_wconf 80' lang='grc' dir='ltr'>καὶ</span> <span class='ocrx_word' id='word_1_114' title='bbox 955 1165 1095 1210; x_wconf 83' lang='grc' dir='ltr'>τοῦτο</span> <span class='ocrx_word' id='word_1_115' title='bbox 1121 1158 1250 1210; x_wconf 82' lang='grc' dir='ltr'>αὐτό.</span> <span class='ocrx_word' id='word_1_116' title='bbox 1308 1157 1378 1208; x_wconf 79' lang='grc' dir='ltr'>ὅτι</span> <span class='ocrx_word' id='word_1_117' title='bbox 1408 1155 1456 1206; x_wconf 79' lang='grc' dir='ltr'>δὲ</span> <span class='ocrx_word' id='word_1_118' title='bbox 1491 1152 1673 1218; x_wconf 79' lang='grc' dir='ltr'>ἀληθὴς</span> 
     </span>
     <span class='ocr_line' id='line_1_14' title="bbox 84 1236 1674 1310; baseline -0.004 -18"><span class='ocrx_word' id='word_1_119' title='bbox 84 1242 109 1292; x_wconf 82' lang='grc' dir='ltr'><em>ὃ</em></span> <span class='ocrx_word' id='word_1_120' title='bbox 148 1241 307 1307; x_wconf 83' lang='grc' dir='ltr'>λόγος,</span> <span class='ocrx_word' id='word_1_121' title='bbox 340 1242 475 1293; x_wconf 75' lang='grc' dir='ltr'>ἄκουε</span> <span class='ocrx_word' id='word_1_122' title='bbox 515 1241 662 1293; x_wconf 78' lang='grc' dir='ltr'>πάλιν</span> <span class='ocrx_word' id='word_1_123' title='bbox 702 1240 1155 1310; x_wconf 88' lang='grc' dir='ltr'>φιλοπευστούντων</span> <span class='ocrx_word' id='word_1_124' title='bbox 1194 1239 1388 1308; x_wconf 89' lang='grc' dir='ltr'>σφόδρα</span> <span class='ocrx_word' id='word_1_125' title='bbox 1426 1236 1540 1289; x_wconf 78' lang='grc' dir='ltr'>ποτὲ</span> <span class='ocrx_word' id='word_1_126' title='bbox 1579 1240 1674 1286; x_wconf 81' lang='grc' dir='ltr'>τῶν</span> 
     </span>
     <span class='ocr_line' id='line_1_15' title="bbox 85 1318 1674 1390; baseline -0.005 -15"><span class='ocrx_word' id='word_1_127' title='bbox 85 1324 232 1389; x_wconf 82' lang='grc' dir='ltr'>ἁγίων</span> <span class='ocrx_word' id='word_1_128' title='bbox 257 1328 481 1388; x_wconf 80' lang='grc' dir='ltr'>μαθητῶν</span> <span class='ocrx_word' id='word_1_129' title='bbox 513 1323 572 1374; x_wconf 79' lang='grc' dir='ltr'>τὰ</span> <span class='ocrx_word' id='word_1_130' title='bbox 606 1326 711 1390; x_wconf 74' lang='grc' dir='ltr'>περὶ</span> <span class='ocrx_word' id='word_1_131' title='bbox 745 1326 828 1387; x_wconf 82' lang='grc' dir='ltr'>τῆς</span> <span class='ocrx_word' id='word_1_132' title='bbox 864 1323 1138 1376; x_wconf 85' lang='grc' dir='ltr'>συντελείας</span> <span class='ocrx_word' id='word_1_133' title='bbox 1174 1328 1255 1372; x_wconf 80' lang='grc' dir='ltr'>τοῦ</span> <span class='ocrx_word' id='word_1_134' title='bbox 1292 1325 1472 1382; x_wconf 74' lang='grc' dir='ltr'>αἰῶνος,</span> <span class='ocrx_word' id='word_1_135' title='bbox 1506 1321 1581 1369; x_wconf 78' lang='grc' dir='ltr'>καὶ</span> <span class='ocrx_word' id='word_1_136' title='bbox 1620 1318 1674 1368; x_wconf 81' lang='grc' dir='ltr'>οὐ</span> 
     </span>
     <span class='ocr_line' id='line_1_16' title="bbox 20 1402 1675 1475; baseline -0.004 -19"><span class='ocrx_word' id='word_1_137' title='bbox 20 1428 65 1467; x_wconf 88' lang='lat'>15</span> <span class='ocrx_word' id='word_1_138' title='bbox 85 1407 280 1472; x_wconf 87' lang='grc' dir='ltr'>μετρίως</span> <span class='ocrx_word' id='word_1_139' title='bbox 307 1406 588 1475; x_wconf 78' lang='grc' dir='ltr'>ἐξακριβοῦν</span> <span class='ocrx_word' id='word_1_140' title='bbox 613 1405 914 1472; x_wconf 67' lang='grc' dir='ltr'>πειρωμένων</span> <span class='ocrx_word' id='word_1_141' title='bbox 941 1404 1001 1455; x_wconf 80' lang='grc' dir='ltr'>τὰ</span> <span class='ocrx_word' id='word_1_142' title='bbox 1031 1406 1137 1471; x_wconf 78' lang='grc' dir='ltr'>περὶ</span> <span class='ocrx_word' id='word_1_143' title='bbox 1174 1407 1256 1467; x_wconf 84' lang='grc' dir='ltr'>τῆς</span> <span class='ocrx_word' id='word_1_144' title='bbox 1293 1402 1508 1469; x_wconf 77' lang='grc' dir='ltr'>δευτέρας</span> <span class='ocrx_word' id='word_1_145' title='bbox 1534 1402 1675 1451; x_wconf 79' lang='grc' dir='ltr'>αὑτοῦ</span> 
     </span>
     <span class='ocr_line' id='line_1_17' title="bbox 84 1483 1677 1555; baseline -0.004 -16"><span class='ocrx_word' id='word_1_146' title='bbox 84 1489 361 1555; x_wconf 86' lang='grc' dir='ltr'>παρουσίας,</span> <span class='ocrx_word' id='word_1_147' title='bbox 409 1491 484 1539; x_wconf 75' lang='grc' dir='ltr'>καὶ</span> <span class='ocrx_word' id='word_1_148' title='bbox 530 1487 658 1540; x_wconf 74' lang='grc' dir='ltr'>πολὺ</span> <span class='ocrx_word' id='word_1_149' title='bbox 703 1486 758 1539; x_wconf 79' lang='grc' dir='ltr'>τὸ</span> <span class='ocrx_word' id='word_1_150' title='bbox 810 1486 1076 1552; x_wconf 82' lang='grc' dir='ltr'>ἀνθρώποις</span> <span class='ocrx_word' id='word_1_151' title='bbox 1127 1484 1273 1540; x_wconf 78' lang='grc' dir='ltr'>εὀικὸς</span> <span class='ocrx_word' id='word_1_152' title='bbox 1323 1483 1677 1546; x_wconf 78' lang='grc' dir='ltr'>ἀναβαινόντων</span> 
     </span>
    </p>
   </div>
   <div class='ocr_carea' id='block_1_3' title="bbox 86 1565 1896 1802">
    <p class='ocr_par' dir='ltr' id='par_1_6' title="bbox 86 1565 1669 1639">
     <span class='ocr_line' id='line_1_18' title="bbox 86 1565 1669 1639; baseline -0.004 -18"><span class='ocrx_word' id='word_1_153' title='bbox 86 1570 269 1636; x_wconf 83' lang='grc' dir='ltr'>μέτρον,</span> <span class='ocrx_word' id='word_1_154' title='bbox 309 1570 613 1639; x_wconf 85' lang='grc' dir='ltr'>σαφέστερον</span> <span class='ocrx_word' id='word_1_155' title='bbox 652 1567 818 1623; x_wconf 73' lang='grc' dir='ltr'>αὐτοὺς</span> <span class='ocrx_word' id='word_1_156' title='bbox 856 1574 950 1620; x_wconf 80' lang='grc' dir='ltr'>τῶν</span> <span class='ocrx_word' id='word_1_157' title='bbox 985 1568 1209 1620; x_wconf 86' lang='grc' dir='ltr'>τοιούτων</span> <span class='ocrx_word' id='word_1_158' title='bbox 1247 1566 1456 1637; x_wconf 78' lang='grc' dir='ltr'>ἀφιστὰς</span> <span class='ocrx_word' id='word_1_159' title='bbox 1495 1565 1669 1632; x_wconf 82' lang='grc' dir='ltr'>ἐρωτή-</span> 
     </span>
    </p>

    <p class='ocr_par' dir='ltr' id='par_1_7' title="bbox 88 1648 1896 1802">
     <span class='ocr_line' id='line_1_19' title="bbox 1737 1648 1896 1679; baseline 0 -1"><span class='ocrx_word' id='word_1_160' title='bbox 1737 1649 1825 1679; x_wconf 77' lang='lat' dir='ltr'><strong>Acta</strong></span> <span class='ocrx_word' id='word_1_161' title='bbox 1841 1648 1896 1678; x_wconf 73' lang='lat' dir='ltr'>SS.</span> 
     </span>
     <span class='ocr_line' id='line_1_20' title="bbox 1738 1692 1891 1732; baseline 0.007 -10"><span class='ocrx_word' id='word_1_162' title='bbox 1738 1693 1803 1732; x_wconf 84' lang='lat' dir='ltr'>Ap.</span> <span class='ocrx_word' id='word_1_163' title='bbox 1820 1692 1839 1723; x_wconf 85' lang='lat' dir='ltr'>i.</span> <span class='ocrx_word' id='word_1_164' title='bbox 1863 1699 1891 1731; x_wconf 88' lang='lat'>7,</span> 
     </span>
     <span class='ocr_line' id='line_1_21' title="bbox 88 1730 1769 1802; baseline -0.004 -16"><span class='ocrx_word' id='word_1_165' title='bbox 88 1743 114 1766; x_wconf 76' lang='lat'>‘⁶</span> <span class='ocrx_word' id='word_1_166' title='bbox 141 1735 219 1789; x_wconf 77' lang='grc' dir='ltr'>οὓς</span> <span class='ocrx_word' id='word_1_167' title='bbox 258 1737 282 1786; x_wconf 86' lang='grc' dir='ltr'>ὁ</span> <span class='ocrx_word' id='word_1_168' title='bbox 324 1734 495 1801; x_wconf 88' lang='grc' dir='ltr'>Πατὴρ</span> <span class='ocrx_word' id='word_1_169' title='bbox 535 1735 663 1785; x_wconf 78' lang='grc' dir='ltr'>ε”θετο</span> <span class='ocrx_word' id='word_1_170' title='bbox 701 1736 749 1785; x_wconf 81' lang='grc' dir='ltr'>ἐν</span> <span class='ocrx_word' id='word_1_171' title='bbox 788 1738 845 1802; x_wconf 81' lang='grc' dir='ltr'>τῇ</span> <span class='ocrx_word' id='word_1_172' title='bbox 885 1735 978 1802; x_wconf 75' lang='grc' dir='ltr'>ἰδία</span> <span class='ocrx_word' id='word_1_173' title='bbox 1017 1734 1228 1802; x_wconf 72' lang='grc' dir='ltr'>ἐξουσίᾳ·</span> <span class='ocrx_word' id='word_1_174' title='bbox 1284 1731 1414 1783; x_wconf 80' lang='grc' dir='ltr'>ἀλλὰ</span> <span class='ocrx_word' id='word_1_175' title='bbox 1454 1730 1675 1799; x_wconf 77' lang='grc' dir='ltr'>λήψεσθε</span> <span class='ocrx_word' id='word_1_176' title='bbox 1696 1733 1769 1773; x_wconf 69' lang='lat'>(18.</span> 
     </span>
    </p>
   </div>
   <div class='ocr_carea' id='block_1_4' title="bbox 87 1646 1676 1720">
    <p class='ocr_par' dir='ltr' id='par_1_8' title="bbox 87 1646 1676 1720">
     <span class='ocr_line' id='line_1_22' title="bbox 87 1646 1676 1720; baseline -0.002 -16"><span class='ocrx_word' id='word_1_177' title='bbox 87 1675 212 1704; x_wconf 87' lang='grc' dir='ltr'>σεων</span> <span class='ocrx_word' id='word_1_178' title='bbox 240 1660 265 1682; x_wconf 82' lang='grc'><strong>“</strong></span> <span class='ocrx_word' id='word_1_179' title='bbox 288 1654 395 1720; x_wconf 79' lang='grc' dir='ltr'>Οὐχ</span> <span class='ocrx_word' id='word_1_180' title='bbox 429 1655 557 1716; x_wconf 83' lang='grc' dir='ltr'>ὑμῶν</span> <span class='ocrx_word' id='word_1_181' title='bbox 583 1654 686 1702; x_wconf 86' lang='grc' dir='ltr'>ἐστι</span> <span class='ocrx_word' id='word_1_182' title='bbox 719 1651 772 1702; x_wconf 83' lang='grc' dir='ltr'>τὸ</span> <span class='ocrx_word' id='word_1_183' title='bbox 809 1656 999 1717; x_wconf 79' lang='grc' dir='ltr'>γνῶναι,</span> <span class='ocrx_word' id='word_1_184' title='bbox 1027 1653 1165 1720; x_wconf 72' lang='grc' dir='ltr'>φησὶ,</span> <span class='ocrx_word' id='word_1_185' title='bbox 1193 1650 1392 1718; x_wconf 84' lang='grc' dir='ltr'>χρόνους</span> <span class='ocrx_word' id='word_1_186' title='bbox 1427 1647 1455 1714; x_wconf 80' lang='grc' dir='ltr'>ὴ</span> <span class='ocrx_word' id='word_1_187' title='bbox 1492 1646 1676 1714; x_wconf 73' lang='grc' dir='ltr'>καιροὺς</span> 
     </span>
    </p>
   </div>
   <div class='ocr_carea' id='block_1_5' title="bbox 21 1813 1722 2708">
    <p class='ocr_par' dir='ltr' id='par_1_9' title="bbox 21 1813 1682 2209">
     <span class='ocr_line' id='line_1_23' title="bbox 21 1813 1679 1882; baseline -0.005 -13"><span class='ocrx_word' id='word_1_188' title='bbox 21 1825 115 1863; x_wconf 79' lang='grc'>20“</span> <span class='ocrx_word' id='word_1_189' title='bbox 142 1818 337 1882; x_wconf 90' lang='grc' dir='ltr'>δύναμιν</span> <span class='ocrx_word' id='word_1_190' title='bbox 376 1817 659 1871; x_wconf 83' lang='grc' dir='ltr'>ἐπελθόντος</span> <span class='ocrx_word' id='word_1_191' title='bbox 697 1822 778 1867; x_wconf 81' lang='grc' dir='ltr'>τοῦ</span> <span class='ocrx_word' id='word_1_192' title='bbox 812 1816 980 1882; x_wconf 64' lang='grc' dir='ltr'>εΑγιόυ</span> <span class='ocrx_word' id='word_1_193' title='bbox 1018 1815 1296 1879; x_wconf 86' lang='grc' dir='ltr'>Πνεύματος</span> <span class='ocrx_word' id='word_1_194' title='bbox 1331 1815 1403 1882; x_wconf 86' lang='grc' dir='ltr'>ἐφ’</span> <span class='ocrx_word' id='word_1_195' title='bbox 1433 1815 1570 1876; x_wconf 82' lang='grc' dir='ltr'>ὑμᾶς,</span> <span class='ocrx_word' id='word_1_196' title='bbox 1602 1813 1679 1862; x_wconf 82' lang='grc' dir='ltr'>καὶ</span> 
     </span>
     <span class='ocr_line' id='line_1_24' title="bbox 90 1894 1681 1965; baseline -0.004 -14"><span class='ocrx_word' id='word_1_197' title='bbox 90 1908 117 1930; x_wconf 85' lang='grc'><strong>“</strong></span> <span class='ocrx_word' id='word_1_198' title='bbox 143 1899 320 1951; x_wconf 74' lang='grc' dir='ltr'>ἔσεσθέ</span> <span class='ocrx_word' id='word_1_199' title='bbox 341 1922 431 1962; x_wconf 85' lang='grc' dir='ltr'>μου</span> <span class='ocrx_word' id='word_1_200' title='bbox 457 1898 688 1965; x_wconf 80' lang='grc' dir='ltr'>μάρτυρες</span> <span class='ocrx_word' id='word_1_201' title='bbox 714 1898 762 1948; x_wconf 69' lang='grc' dir='ltr'>ε”ν</span> <span class='ocrx_word' id='word_1_202' title='bbox 787 1921 837 1948; x_wconf 93' lang='grc' dir='ltr'>τε</span> <span class='ocrx_word' id='word_1_203' title='bbox 863 1896 1181 1963; x_wconf 81' lang='grc' dir='ltr'>Ἰερουσαλὴμ</span> <span class='ocrx_word' id='word_1_204' title='bbox 1208 1901 1284 1947; x_wconf 78' lang='grc' dir='ltr'>καὶ</span> <span class='ocrx_word' id='word_1_205' title='bbox 1316 1898 1364 1947; x_wconf 87' lang='grc' dir='ltr'>ἐν</span> <span class='ocrx_word' id='word_1_206' title='bbox 1391 1900 1449 1963; x_wconf 83' lang='grc' dir='ltr'>τῇ</span> <span class='ocrx_word' id='word_1_207' title='bbox 1474 1894 1681 1962; x_wconf 76' lang='grc' dir='ltr'>Ἰουδαίᾳ</span> 
     </span>
     <span class='ocr_line' id='line_1_25' title="bbox 90 1977 1681 2049; baseline -0.005 -15"><span class='ocrx_word' id='word_1_208' title='bbox 90 1989 118 2012; x_wconf 82' lang='grc'><strong>“</strong></span> <span class='ocrx_word' id='word_1_209' title='bbox 142 1982 325 2049; x_wconf 84' lang='grc' dir='ltr'>πάσῃ.”</span> <span class='ocrx_word' id='word_1_210' title='bbox 382 1981 560 2033; x_wconf 81' lang='grc' dir='ltr'>ἀκούεις</span> <span class='ocrx_word' id='word_1_211' title='bbox 596 1980 722 2034; x_wconf 78' lang='grc' dir='ltr'>ὅπως</span> <span class='ocrx_word' id='word_1_212' title='bbox 758 1979 906 2045; x_wconf 73' lang='grc' dir='ltr'>ζητεῖν</span> <span class='ocrx_word' id='word_1_213' title='bbox 932 1979 1054 2042; x_wconf 83' lang='grc' dir='ltr'>ἡμᾶς</span> <span class='ocrx_word' id='word_1_214' title='bbox 1089 1977 1208 2044; x_wconf 78' lang='grc' dir='ltr'>ἅπερ</span> <span class='ocrx_word' id='word_1_215' title='bbox 1243 1979 1418 2043; x_wconf 83' lang='grc' dir='ltr'>ἥκιστα</span> <span class='ocrx_word' id='word_1_216' title='bbox 1451 1979 1571 2043; x_wconf 79' lang='grc' dir='ltr'>χρῆν</span> <span class='ocrx_word' id='word_1_217' title='bbox 1598 1978 1681 2026; x_wconf 80' lang='grc' dir='ltr'>οὐκ</span> 
     </span>
     <span class='ocr_line' id='line_1_26' title="bbox 92 2057 1678 2133; baseline -0.004 -19"><span class='ocrx_word' id='word_1_218' title='bbox 92 2064 257 2133; x_wconf 84' lang='grc' dir='ltr'>ἐφίησι</span> <span class='ocrx_word' id='word_1_219' title='bbox 282 2067 542 2125; x_wconf 79' lang='grc' dir='ltr'>παντελῶς,</span> <span class='ocrx_word' id='word_1_220' title='bbox 569 2064 858 2129; x_wconf 85' lang='grc' dir='ltr'>παρατρέπει</span> <span class='ocrx_word' id='word_1_221' title='bbox 894 2060 942 2112; x_wconf 74' lang='grc' dir='ltr'>δὲ</span> <span class='ocrx_word' id='word_1_222' title='bbox 977 2066 1168 2124; x_wconf 82' lang='grc' dir='ltr'>μᾶλλον</span> <span class='ocrx_word' id='word_1_223' title='bbox 1194 2061 1265 2127; x_wconf 83' lang='grc' dir='ltr'>ἐφ’</span> <span class='ocrx_word' id='word_1_224' title='bbox 1296 2059 1409 2124; x_wconf 78' lang='grc' dir='ltr'>ὅπερ</span> <span class='ocrx_word' id='word_1_225' title='bbox 1445 2057 1502 2122; x_wconf 81' lang='grc' dir='ltr'>ἧν</span> <span class='ocrx_word' id='word_1_226' title='bbox 1529 2060 1678 2123; x_wconf 90' lang='grc' dir='ltr'>ἀναγ-</span> 
     </span>
     <span class='ocr_line' id='line_1_27' title="bbox 92 2139 1682 2209; baseline -0.004 -13"><span class='ocrx_word' id='word_1_227' title='bbox 92 2150 224 2196; x_wconf 89' lang='grc' dir='ltr'>καῖον</span> <span class='ocrx_word' id='word_1_228' title='bbox 262 2146 429 2195; x_wconf 80' lang='grc' dir='ltr'>ἐλθεῖν·</span> <span class='ocrx_word' id='word_1_229' title='bbox 489 2146 609 2195; x_wconf 78' lang='grc' dir='ltr'>οὕτω</span> <span class='ocrx_word' id='word_1_230' title='bbox 655 2142 856 2195; x_wconf 78' lang='grc' dir='ltr'>κάνθάδε</span> <span class='ocrx_word' id='word_1_231' title='bbox 901 2141 1140 2209; x_wconf 78' lang='grc' dir='ltr'>διειρηκὼς</span> <span class='ocrx_word' id='word_1_232' title='bbox 1185 2143 1393 2208; x_wconf 79' lang='grc' dir='ltr'>ἐναργῶς</span> <span class='ocrx_word' id='word_1_233' title='bbox 1436 2139 1551 2206; x_wconf 76' lang='grc' dir='ltr'>ὅπερ</span> <span class='ocrx_word' id='word_1_234' title='bbox 1594 2140 1682 2190; x_wconf 77' lang='grc' dir='ltr'>ἔδει</span> 
     </span>
    </p>

    <p class='ocr_par' dir='ltr' id='par_1_10' title="bbox 27 2220 1722 2623">
     <span class='ocr_line' id='line_1_28' title="bbox 27 2220 1682 2295; baseline -0.007 -13"><span class='ocrx_word' id='word_1_235' title='bbox 27 2244 74 2282; x_wconf 89' lang='lat'>25</span> <span class='ocrx_word' id='word_1_236' title='bbox 91 2231 270 2290; x_wconf 86' lang='grc' dir='ltr'>μαθεῖν,</span> <span class='ocrx_word' id='word_1_237' title='bbox 297 2228 556 2295; x_wconf 78' lang='grc' dir='ltr'>ἀποσιωπᾷ</span> <span class='ocrx_word' id='word_1_238' title='bbox 590 2225 644 2277; x_wconf 83' lang='grc' dir='ltr'>τὸ</span> <span class='ocrx_word' id='word_1_239' title='bbox 681 2230 859 2287; x_wconf 80' lang='grc' dir='ltr'>λεῖπον,</span> <span class='ocrx_word' id='word_1_240' title='bbox 887 2227 1035 2294; x_wconf 70' lang='grc' dir='ltr'>ἑαυτῷ</span> <span class='ocrx_word' id='word_1_241' title='bbox 1071 2223 1199 2293; x_wconf 75' lang='grc' dir='ltr'>μόνῳ</span> <span class='ocrx_word' id='word_1_242' title='bbox 1237 2223 1430 2289; x_wconf 83' lang='grc' dir='ltr'>πρέπειν</span> <span class='ocrx_word' id='word_1_243' title='bbox 1462 2222 1592 2275; x_wconf 76' lang='grc' dir='ltr'>εἰδὼς</span> <span class='ocrx_word' id='word_1_244' title='bbox 1627 2220 1682 2272; x_wconf 80' lang='grc' dir='ltr'>τὸ</span> 
     </span>
     <span class='ocr_line' id='line_1_29' title="bbox 91 2304 1682 2377; baseline -0.004 -17"><span class='ocrx_word' id='word_1_245' title='bbox 91 2309 436 2377; x_wconf 74' lang='grc' dir='ltr'>ἐξεπίστασθαι</span> <span class='ocrx_word' id='word_1_246' title='bbox 462 2314 617 2360; x_wconf 81' lang='grc' dir='ltr'>τοῦτο.</span> <span class='ocrx_word' id='word_1_247' title='bbox 672 2309 747 2359; x_wconf 78' lang='grc' dir='ltr'>ἵνα</span> <span class='ocrx_word' id='word_1_248' title='bbox 774 2306 823 2358; x_wconf 77' lang='grc' dir='ltr'>δὲ</span> <span class='ocrx_word' id='word_1_249' title='bbox 847 2307 912 2371; x_wconf 86' lang='grc' dir='ltr'>μὴ</span> <span class='ocrx_word' id='word_1_250' title='bbox 939 2311 1184 2360; x_wconf 77' lang='grc' dir='ltr'>παντελῶς</span> <span class='ocrx_word' id='word_1_251' title='bbox 1208 2304 1464 2370; x_wconf 87' lang='grc' dir='ltr'>σιωπήσας</span> <span class='ocrx_word' id='word_1_252' title='bbox 1497 2304 1682 2371; x_wconf 86' lang='grc' dir='ltr'>καλέσῃ</span> 
     </span>
     <span class='ocr_line' id='line_1_30' title="bbox 92 2385 1722 2455; baseline -0.005 -12"><span class='ocrx_word' id='word_1_253' title='bbox 92 2387 193 2445; x_wconf 86' lang='grc' dir='ltr'>πως</span> <span class='ocrx_word' id='word_1_254' title='bbox 224 2390 390 2444; x_wconf 76' lang='grc' dir='ltr'>αὐτοὺς</span> <span class='ocrx_word' id='word_1_255' title='bbox 425 2395 487 2444; x_wconf 80' lang='grc' dir='ltr'>εἷς</span> <span class='ocrx_word' id='word_1_256' title='bbox 521 2389 576 2441; x_wconf 77' lang='grc' dir='ltr'>τὸ</span> <span class='ocrx_word' id='word_1_257' title='bbox 612 2392 686 2441; x_wconf 78' lang='grc' dir='ltr'>καὶ</span> <span class='ocrx_word' id='word_1_258' title='bbox 723 2394 932 2443; x_wconf 76' lang='grc' dir='ltr'>εἰσαῦθις</span> <span class='ocrx_word' id='word_1_259' title='bbox 967 2391 1073 2455; x_wconf 81' lang='grc' dir='ltr'>περὶ</span> <span class='ocrx_word' id='word_1_260' title='bbox 1107 2393 1201 2440; x_wconf 82' lang='grc' dir='ltr'>τῶν</span> <span class='ocrx_word' id='word_1_261' title='bbox 1227 2389 1381 2439; x_wconf 76' lang='grc' dir='ltr'>αὐτῶν</span> <span class='ocrx_word' id='word_1_262' title='bbox 1407 2385 1679 2438; x_wconf 83' lang='grc' dir='ltr'>ἀναπυνθά-</span> <span class='ocrx_word' id='word_1_263' title='bbox 1701 2406 1722 2431; x_wconf 80' lang='lat' dir='ltr'>e</span> 
     </span>
     <span class='ocr_line' id='line_1_31' title="bbox 94 2466 1686 2541; baseline -0.005 -16"><span class='ocrx_word' id='word_1_264' title='bbox 94 2479 260 2525; x_wconf 90' lang='grc' dir='ltr'>νεσθαι</span> <span class='ocrx_word' id='word_1_265' title='bbox 299 2477 471 2541; x_wconf 80' lang='grc' dir='ltr'>φιλεῖν,</span> <span class='ocrx_word' id='word_1_266' title='bbox 511 2475 573 2526; x_wconf 86' lang='grc' dir='ltr'>ὡς</span> <span class='ocrx_word' id='word_1_267' title='bbox 611 2474 659 2523; x_wconf 87' lang='grc' dir='ltr'>ἐν</span> <span class='ocrx_word' id='word_1_268' title='bbox 693 2473 956 2537; x_wconf 84' lang='grc' dir='ltr'>ἀπολογίας</span> <span class='ocrx_word' id='word_1_269' title='bbox 995 2470 1222 2539; x_wconf 83' lang='grc' dir='ltr'>σχήματι,</span> <span class='ocrx_word' id='word_1_270' title='bbox 1261 2472 1336 2521; x_wconf 79' lang='grc' dir='ltr'>καὶ</span> <span class='ocrx_word' id='word_1_271' title='bbox 1378 2467 1542 2534; x_wconf 72' lang='grc' dir='ltr'>ὥσπερ</span> <span class='ocrx_word' id='word_1_272' title='bbox 1581 2466 1686 2519; x_wconf 76' lang='grc' dir='ltr'>τινὰ</span> 
     </span>
     <span class='ocr_line' id='line_1_32' title="bbox 94 2547 1679 2623; baseline -0.005 -17"><span class='ocrx_word' id='word_1_273' title='bbox 94 2553 485 2623; x_wconf 86' lang='grc' dir='ltr'>χρεωστουμένην</span> <span class='ocrx_word' id='word_1_274' title='bbox 517 2559 617 2608; x_wconf 90' lang='grc' dir='ltr'>ταῖς</span> <span class='ocrx_word' id='word_1_275' title='bbox 656 2553 948 2619; x_wconf 85' lang='grc' dir='ltr'>ἐρωτήσεσιν</span> <span class='ocrx_word' id='word_1_276' title='bbox 983 2554 1188 2617; x_wconf 79' lang='grc' dir='ltr'>ἀμοιβὴν</span> <span class='ocrx_word' id='word_1_277' title='bbox 1226 2553 1407 2620; x_wconf 80' lang='grc' dir='ltr'>εὐφυῶς</span> <span class='ocrx_word' id='word_1_278' title='bbox 1447 2547 1679 2600; x_wconf 77' lang='grc' dir='ltr'>διαπλάτ-</span> 
     </span>
    </p>

    <p class='ocr_par' dir='ltr' id='par_1_11' title="bbox 31 2630 1685 2708">
     <span class='ocr_line' id='line_1_33' title="bbox 31 2630 1685 2708; baseline -0.004 -21"><span class='ocrx_word' id='word_1_279' title='bbox 31 2662 79 2698; x_wconf 84' lang='lat'>30</span> <span class='ocrx_word' id='word_1_280' title='bbox 95 2660 204 2700; x_wconf 89' lang='grc' dir='ltr'>των,</span> <span class='ocrx_word' id='word_1_281' title='bbox 226 2637 528 2705; x_wconf 80' lang='grc' dir='ltr'>φησίνἈλλ’</span> <span class='ocrx_word' id='word_1_282' title='bbox 551 2636 624 2686; x_wconf 70' lang='grc' dir='ltr'>’ἵνα</span> <span class='ocrx_word' id='word_1_283' title='bbox 652 2634 868 2708; x_wconf 70' lang='grc' dir='ltr'>φανερωθῇ</span> <span class='ocrx_word' id='word_1_284' title='bbox 894 2633 954 2685; x_wconf 63' lang='grc' dir='ltr'>τα</span> <span class='ocrx_word' id='word_1_285' title='bbox 981 2635 1089 2703; x_wconf 75' lang='grc' dir='ltr'>ἔργα</span> <span class='ocrx_word' id='word_1_286' title='bbox 1117 2636 1187 2685; x_wconf 76' lang='grc' dir='ltr'>τοῧ</span> <span class='ocrx_word' id='word_1_287' title='bbox 1215 2634 1326 2684; x_wconf 74' lang='grc' dir='ltr'>Θεσῧ</span> <span class='ocrx_word' id='word_1_288' title='bbox 1352 2634 1390 2683; x_wconf 78' lang='grc' dir='ltr'>ἐν</span> <span class='ocrx_word' id='word_1_289' title='bbox 1418 2636 1549 2700; x_wconf 68' lang='grc' dir='ltr'>αὐτῷ,</span> <span class='ocrx_word' id='word_1_290' title='bbox 1571 2630 1685 2696; x_wconf 74' lang='grc' dir='ltr'>ὅπερ</span> 
     </span>
    </p>
   </div>
   <div class='ocr_carea' id='block_1_6' title="bbox 98 2768 1687 2959">
    <p class='ocr_par' dir='ltr' id='par_1_12' title="bbox 98 2768 1687 2959">
     <span class='ocr_line' id='line_1_34' title="bbox 145 2768 1685 2821; baseline -0.005 -11"><span class='ocrx_word' id='word_1_291' title='bbox 145 2790 177 2819; x_wconf 89' lang='lat'>4.</span> <span class='ocrx_word' id='word_1_292' title='bbox 203 2776 315 2821; x_wconf 87' lang='grc' dir='ltr'>κρίσιν</span> <span class='ocrx_word' id='word_1_293' title='bbox 335 2775 376 2809; x_wconf 87' lang='grc' dir='ltr'>Β.</span> <span class='ocrx_word' id='word_1_294' title='bbox 398 2775 517 2809; x_wconf 81' lang='lat' dir='ltr'>Holst.</span> <span class='ocrx_word' id='word_1_295' title='bbox 535 2774 733 2808; x_wconf 80' lang='lat' dir='ltr'>emendavit</span> <span class='ocrx_word' id='word_1_296' title='bbox 752 2779 790 2807; x_wconf 86' lang='lat' dir='ltr'>ut</span> <span class='ocrx_word' id='word_1_297' title='bbox 808 2773 952 2806; x_wconf 80' lang='lat' dir='ltr'>adnotat</span> <span class='ocrx_word' id='word_1_298' title='bbox 970 2772 1043 2816; x_wconf 81' lang='lat' dir='ltr'>ipse</span> <span class='ocrx_word' id='word_1_299' title='bbox 1062 2771 1157 2805; x_wconf 83' lang='lat' dir='ltr'>Aub.</span> <span class='ocrx_word' id='word_1_300' title='bbox 1353 2780 1385 2815; x_wconf 88' lang='lat'>5.</span> <span class='ocrx_word' id='word_1_301' title='bbox 1411 2770 1624 2814; x_wconf 82' lang='grc' dir='ltr'>τὸν-λόγον</span> <span class='ocrx_word' id='word_1_302' title='bbox 1642 2768 1685 2802; x_wconf 87' lang='grc' dir='ltr'>Β.</span> 
     </span>
     <span class='ocr_line' id='line_1_35' title="bbox 99 2815 1686 2864; baseline -0.006 -7"><span class='ocrx_word' id='word_1_303' title='bbox 99 2823 297 2857; x_wconf 78' lang='lat' dir='ltr'>emendavit</span> <span class='ocrx_word' id='word_1_304' title='bbox 319 2821 381 2855; x_wconf 79' lang='lat' dir='ltr'>Ht.</span> <span class='ocrx_word' id='word_1_305' title='bbox 611 2822 644 2854; x_wconf 76' lang='lat'>8.</span> <span class='ocrx_word' id='word_1_306' title='bbox 672 2821 782 2864; x_wconf 77' lang='grc' dir='ltr'>φησὶν</span> <span class='ocrx_word' id='word_1_307' title='bbox 801 2820 843 2853; x_wconf 88' lang='grc' dir='ltr'>Β.</span> <span class='ocrx_word' id='word_1_308' title='bbox 866 2819 928 2852; x_wconf 85' lang='lat' dir='ltr'>Ht.</span> <span class='ocrx_word' id='word_1_309' title='bbox 948 2820 1036 2864; x_wconf 81' lang='grc' dir='ltr'>φημὶ</span> <span class='ocrx_word' id='word_1_310' title='bbox 1057 2818 1246 2863; x_wconf 77' lang='lat' dir='ltr'>(adnotans</span> <span class='ocrx_word' id='word_1_311' title='bbox 1265 2829 1301 2851; x_wconf 76' lang='lat' dir='ltr'>se</span> <span class='ocrx_word' id='word_1_312' title='bbox 1319 2817 1409 2862; x_wconf 81' lang='grc' dir='ltr'>φασὶ</span> <span class='ocrx_word' id='word_1_313' title='bbox 1429 2817 1464 2849; x_wconf 87' lang='lat' dir='ltr'>in</span> <span class='ocrx_word' id='word_1_314' title='bbox 1484 2815 1686 2860; x_wconf 83' lang='lat' dir='ltr'>apographo</span> 
     </span>
     <span class='ocr_line' id='line_1_36' title="bbox 98 2862 1687 2914; baseline -0.005 -11"><span class='ocrx_word' id='word_1_315' title='bbox 98 2869 226 2914; x_wconf 83' lang='lat' dir='ltr'><strong>legere)</strong></span> <span class='ocrx_word' id='word_1_316' title='bbox 247 2869 342 2902; x_wconf 78' lang='lat' dir='ltr'><strong>Aub.</strong></span> <span class='ocrx_word' id='word_1_317' title='bbox 490 2868 543 2902; x_wconf 81' lang='lat'>18.</span> <span class='ocrx_word' id='word_1_318' title='bbox 569 2867 587 2912; x_wconf 90' lang='grc' dir='ltr'>ἢ</span> <span class='ocrx_word' id='word_1_319' title='bbox 608 2867 684 2901; x_wconf 81' lang='lat' dir='ltr'><strong>B.a.</strong></span> <span class='ocrx_word' id='word_1_320' title='bbox 708 2867 769 2901; x_wconf 83' lang='lat' dir='ltr'>Ht.</span> <span class='ocrx_word' id='word_1_321' title='bbox 788 2867 840 2899; x_wconf 84' lang='grc' dir='ltr'>καὶ</span> <span class='ocrx_word' id='word_1_322' title='bbox 860 2865 954 2899; x_wconf 87' lang='lat' dir='ltr'>Aub.</span> <span class='ocrx_word' id='word_1_323' title='bbox 1101 2876 1156 2898; x_wconf 83' lang='lat'>21.</span> <span class='ocrx_word' id='word_1_324' title='bbox 1182 2879 1247 2907; x_wconf 88' lang='grc' dir='ltr'>μου</span> <span class='ocrx_word' id='word_1_325' title='bbox 1267 2864 1310 2898; x_wconf 89' lang='grc' dir='ltr'>Β.</span> <span class='ocrx_word' id='word_1_326' title='bbox 1327 2878 1384 2908; x_wconf 88' lang='grc' dir='ltr'>μοι</span> <span class='ocrx_word' id='word_1_327' title='bbox 1405 2863 1469 2896; x_wconf 85' lang='lat' dir='ltr'>Ht.</span> <span class='ocrx_word' id='word_1_328' title='bbox 1490 2862 1558 2896; x_wconf 88' lang='lat' dir='ltr'>Ed.</span> <span class='ocrx_word' id='word_1_329' title='bbox 1651 2876 1687 2895; x_wconf 89' lang='grc' dir='ltr'>τε</span> 
     </span>
     <span class='ocr_line' id='line_1_37' title="bbox 100 2909 1687 2959; baseline -0.004 -10"><span class='ocrx_word' id='word_1_330' title='bbox 100 2916 296 2950; x_wconf 82' lang='lat' dir='ltr'>emendavit</span> <span class='ocrx_word' id='word_1_331' title='bbox 316 2915 379 2949; x_wconf 88' lang='lat' dir='ltr'>Ht.</span> <span class='ocrx_word' id='word_1_332' title='bbox 397 2917 437 2959; x_wconf 81' lang='grc' dir='ltr'>τῇ</span> <span class='ocrx_word' id='word_1_333' title='bbox 459 2914 500 2948; x_wconf 84' lang='grc' dir='ltr'>Β.</span> <span class='ocrx_word' id='word_1_334' title='bbox 670 2924 725 2948; x_wconf 88' lang='lat'>22.</span> <span class='ocrx_word' id='word_1_335' title='bbox 750 2914 844 2957; x_wconf 87' lang='grc' dir='ltr'>πάσῃ</span> <span class='ocrx_word' id='word_1_336' title='bbox 866 2912 907 2946; x_wconf 86' lang='grc' dir='ltr'>Β.</span> <span class='ocrx_word' id='word_1_337' title='bbox 925 2911 1041 2956; x_wconf 78' lang='grc' dir='ltr'>ἁπάσῃ</span> <span class='ocrx_word' id='word_1_338' title='bbox 1062 2911 1126 2946; x_wconf 82' lang='lat' dir='ltr'>Ht.</span> <span class='ocrx_word' id='word_1_339' title='bbox 1146 2911 1212 2945; x_wconf 90' lang='lat' dir='ltr'>Ed.</span> <span class='ocrx_word' id='word_1_340' title='bbox 1388 2918 1444 2954; x_wconf 89' lang='lat'>25.</span> <span class='ocrx_word' id='word_1_341' title='bbox 1469 2911 1590 2944; x_wconf 84' lang='grc' dir='ltr'>λεῖπον</span> <span class='ocrx_word' id='word_1_342' title='bbox 1608 2909 1687 2944; x_wconf 83' lang='lat' dir='ltr'><strong>B.a.</strong></span> 
     </span>
    </p>
   </div>
   <div class='ocr_carea' id='block_1_7' title="bbox 101 2961 419 2997">
    <p class='ocr_par' dir='ltr' id='par_1_13' title="bbox 101 2961 419 2997">
     <span class='ocr_line' id='line_1_38' title="bbox 101 2961 419 2997; baseline 0 -1"><span class='ocrx_word' id='word_1_343' title='bbox 101 2962 166 2997; x_wconf 88' lang='lat' dir='ltr'>Ht.</span> <span class='ocrx_word' id='word_1_344' title='bbox 183 2963 306 2996; x_wconf 88' lang='grc' dir='ltr'>λοιπὸν</span> <span class='ocrx_word' id='word_1_345' title='bbox 323 2961 419 2996; x_wconf 87' lang='lat' dir='ltr'><strong>Aub.</strong></span> 
     </span>
    </p>
   </div>
  </div>
 </body>
</html>
