1971 3272
135 149 219 189 viii.
239 162 305 202 51.
516 155 588 194 IN
632 157 673 196 S.
708 159 1044 202 JOANNEM.
1110 165 1233 204 12113.
1263 167 1334 206 vl.
1641 172 1719 210 113

766 269 833 285 Αἱ)

134 265 160 286 “
187 259 292 310 οὐδὲ
330 260 413 312 τὸν
445 266 638 332 Πατέρα
675 291 803 338 τιμᾳ.
889 272 981 338 ἔχει
1024 273 1117 338 γὰρ
1157 278 1206 325 ἐν
1244 279 1393 346 ἐαυτῷ
1436 282 1651 346 φυσικῶς
1691 284 1714 331 ὁ
1737 304 1757 327 a
1788 299 1870 332 572
1886 298 1940 333 A.

131 339 244 394 Υἱὸς
277 341 360 393 τὸν
389 347 580 412 Πατέρα
614 352 1020 420 συνδοξαζόμενόν
1050 378 1098 406 τε
1135 359 1210 407 καὶ
1245 357 1463 425 ἑκάτερον
1494 362 1714 424 δηλονότι

128 426 562 492 συνυφιστάμενον·
605 432 697 499 ἔχει
737 435 781 484 δ’
815 436 874 484 αὖ
911 436 1058 487 πάλιν
1092 440 1140 488 ἐν
1174 441 1322 509 ἑαυτῷ
1361 443 1386 490 ὁ
1422 442 1590 508 Πατὴρ
1630 442 1713 494 τὸν

126 503 242 554 Υἱὸν
275 505 439 573 ὥσπερ
478 513 700 564 κοινωνὸν
735 518 817 579 τῆς
856 519 1032 581 οὐσίας,
1060 522 1180 571 οὕτω
1220 523 1296 572 καὶ
1335 526 1418 586 τῆς
1457 524 1529 592 ἐφ’
1558 525 1710 576 ἅπασι

82 598 104 636 5
126 584 283 655 δόξης.
339 592 729 657 κολασθήσονται
762 600 918 649 τοίνυν
952 604 993 650 οὶ
1032 601 1233 656 τάλανες
1259 603 1473 655 Ἰουδαῖοι
1513 606 1588 657 διὰ
1627 612 1708 672 τῆς

123 671 185 721 εἰς
211 668 292 720 τὸν
321 672 499 738 Κύριον
525 678 600 727 καὶ
627 677 744 729 Υὶὸν
770 682 1056 750 δυσφημίας,
1084 688 1146 737 εἰς
1171 685 1290 749 ὅλην
1316 688 1708 752 δυσσεβήσαντες

121 749 208 813 τὴν
234 753 488 815 ὁμοούσιον
513 760 588 808 καὶ
616 759 755 825 ἁγίαν
781 763 977 827 Τριάδα,
1005 768 1079 816 καὶ
1111 767 1197 831 τὴν
1223 768 1446 821 ἁπάντων
1470 772 1706 831 βασιλίδα

120 831 283 898 φύσιν,
310 838 371 889 ὡς
398 839 446 887 ἐν
471 844 537 908 τῷ
563 844 664 911 Υὶῴ
690 844 1007 909 λυπήσαντες.

194 918 518 983 Παραιτητεόν
537 932 787 990 τοιγαροῦν
811 931 952 979 παντὶ
979 932 1045 999 τῷ
1071 954 1123 996 γε
1151 931 1274 986 ὅλως
1301 939 1569 1003 σωφρονεῖν
1593 940 1697 987 εἰω-

50 1013 96 1039 10
116 994 230 1058 θότι,
257 999 311 1049 τὸ
338 1002 458 1052 κατά
484 1026 527 1053 τι
560 1011 676 1069 γοῦν
702 1012 768 1077 τῷ
802 1011 967 1080 ἀγαθῷ
1001 1015 1317 1079 προσκρούειν
1346 1020 1470 1086 Θεῷ.
1525 1019 1579 1068 οὐ
1605 1018 1697 1084 γὰρ
1718 1029 1744 1070 b

112 1079 300 1147 ἐπείπερ
326 1084 409 1134 οὐκ
438 1086 601 1152 ἐπάγει
635 1095 927 1158 παραχρῆμα
959 1099 1056 1148 τοῖς
1090 1099 1152 1149 εἱς
1188 1097 1329 1147 αὐτὸν
1355 1105 1697 1163 πλημμελοῦσι

109 1159 195 1225 τὴν
234 1164 382 1229 ὀργὴν
420 1166 495 1217 διὰ
534 1175 672 1221 τοῦτο
711 1171 900 1227 πάντως
940 1177 1206 1229 ὑπτιωτεόν.
1268 1181 1445 1244 ἀγαθὸς
1483 1180 1569 1243 μὲν
1603 1182 1696 1248 γάρ

109 1243 224 1307 ἐστι,
248 1252 276 1274 “
298 1248 384 1312 Μὴ
412 1249 558 1315 ὀργὴν
584 1251 774 1318 ἐπάγων
801 1258 908 1306 καθ’
936 1257 1142 1323 ἑκάστην
1169 1261 1357 1326 ἡμέραν,
1385 1264 1494 1312 ἀλλ’
1524 1263 1604 1314 ἐὰν
1628 1266 1694 1329 μὴ
1758 1264 1883 1349 ῗΖ-ΞΪ·

109 1331 136 1354 “
161 1327 530 1399 ἐπιστραφῶμεν
567 1333 653 1397 τὴν
690 1337 931 1405 ῥομφαίαν
970 1341 1112 1391 αὐτοῦ
1150 1343 1446 1403 στιλβώσει”
1482 1345 1600 1396 κατὰ
1639 1347 1693 1397 τὸ

40 1420 86 1458 15
108 1412 447 1476 γεγραμμένον,
480 1417 554 1465 καὶ
593 1418 766 1468 ἐντενεῖ
798 1417 852 1469 τὸ
891 1421 1034 1489 τόξον
1075 1423 1217 1474 αὐτοῦ
1255 1425 1362 1475 καθ’
1392 1426 1543 1490 ἡμῶν,
1574 1430 1622 1478 ἐν
1655 1428 1693 1498 ᾧ

106 1496 190 1541 τοῦ
237 1493 440 1546 θανάτου
489 1496 548 1547 τὰ
595 1500 756 1564 σκεύη,
808 1504 1041 1567 τουτέστι,
1093 1509 1188 1556 πᾶν
1241 1505 1360 1561 εἶδος
1413 1510 1564 1564 αἰκίας
1615 1515 1690 1562 καὶ

101 1572 345 1640 ἀφορήτου
382 1584 650 1648 συμφορᾶς.

1707 1694 1727 1718 C

95 1737 230 1786 Ἀμήν
269 1741 382 1790 ἀμήν
419 1745 532 1792 λὲΓω
575 1746 682 1799 ὑμῖν,
719 1749 795 1790 ἐάν
833 1766 894 1792 τις
938 1752 1012 1794 τὸν
1051 1754 1176 1802 λοι-ον
1215 1771 1294 1804 μου
1337 1761 1461 1816 τι-ιριῇ,
1500 1762 1683 1802 Θάνατον
1704 1767 1751 1806 51

561 1831 609 1870 οὐ
646 1831 702 1879 μὴ
745 1829 814 1890 ἴὸῌ
853 1831 913 1875 εἷς
950 1835 1023 1877 τὸν
1063 1835 1212 1879 αἰῶνα.

28 1944 78 1970 20
172 1933 403 1999 Περιττὸν
429 1938 680 2005 ἀποφαίνει
718 1940 772 1991 τὸ
811 1946 887 1993 καὶ
921 1943 1103 2010 μακρὰς
1139 1947 1416 2013 ἀντεπάγειν
1441 1949 1525 2003 τὰς
1558 1952 1677 2002 ἀπο-

97 2015 264 2077 λογίας
290 2021 386 2070 τοῖς
416 2018 605 2070 εἰωθόσι
632 2026 937 2091 φιλοψογεῖν.
993 2027 1236 2078 ἀποκλίνει
1263 2028 1356 2095 γὰρ
1382 2032 1454 2098 ἐφ’
1483 2031 1597 2098 ὅπερ
1624 2032 1682 2096 ἧν

93 2095 362 2161 ἀναγκαῖον,
394 2099 448 2150 τὸ
484 2104 741 2154 καλεῖσθαί
772 2109 894 2172 φημι
929 2106 1006 2157 διὰ
1039 2110 1246 2163 πίστεως
1280 2114 1342 2163 εἷς
1376 2111 1462 2175 τὴν
1494 2113 1680 2166 αἰώνιον

92 2174 224 2241 ζωὴν,
255 2178 400 2242 μόνον
432 2181 480 2233 δὲ
519 2184 621 2251 οὐχὶ
659 2184 714 2235 τὸ
754 2188 990 2253 ε’ῤῥῶσθαι
1028 2189 1222 2258 φράσας
1259 2197 1356 2246 τοῖς
1391 2193 1447 2261 ἐξ
1476 2195 1678 2257 ἀμαθίας

91 2262 402 2326 λελυπηκόσι,
429 2263 567 2333 τέχνῃ
602 2268 690 2317 τινὶ
724 2267 873 2319 πάλιν
904 2269 987 2321 τὸν
1019 2275 1184 2323 οἰκεῖον
1217 2275 1470 2340 ἀναμίσγει
1504 2275 1669 2342 λόγον.

21 2350 69 2389 25
88 2342 372 2408 προειρηκὼς
411 2345 505 2412 γὰρ
544 2350 606 2402 ὡς
641 2352 747 2415 περὶ
774 2355 900 2402 Θεοῦ
936 2353 1007 2403 ὅτι
1035 2360 1061 2383 “
1080 2355 1143 2405 ‘O
1170 2354 1235 2405 ὧν
1261 2358 1311 2407 ἐκ
1345 2363 1427 2408 τοῦ
1455 2362 1578 2410 Θεοῦ
1614 2360 1672 2410 τὰ
1732 2363 1868 2446 &gfff

87 2427 114 2450 ‘⁶
138 2422 326 2488 ῥήματα
363 2433 446 2478 τοῦ
479 2433 604 2480 Θεοῦ
643 2431 838 2495 ἀκούει,”
865 2436 1158 2502 παραχρῆμά
1196 2442 1348 2505 φησιν
1372 2439 1476 2491 Ἐάν
1503 2465 1568 2496 τις
1603 2443 1669 2494 τὶν
1688 2449 1716 2490 d
1843 2431 1851 2448 Α

87 2503 186 2571 ἐμὶν
212 2509 344 2572 λόγον
371 2511 480 2580 τηρῇ,
509 2511 686 2567 δεικνὺς
724 2514 890 2566 ἑαυτὸν
924 2516 1044 2567 κατὰ
1078 2518 1228 2585 φύσιν
1262 2519 1375 2571 ὄντα
1407 2521 1545 2585 Θεὸν,
1573 2525 1668 2575 ἀπό

82 2606 133 2635 τε
171 2587 338 2639 τούτου
377 2589 615 2643 διδάσκων
646 2596 877 2659 μηδεμίαν
911 2603 1006 2650 τοῖς
1032 2599 1272 2654 Ἰουδαίοις
1309 2608 1667 2671 περιλελεῖφθαι

82 2668 366 2729 δυσσεβείας
393 2672 678 2738 ὑπερβολὴν,
706 2675 783 2726 ὅτε
816 2680 892 2728 καὶ
928 2678 1167 2742 δαιμόνιον
1192 2681 1313 2748 ἔχειν
1337 2683 1551 2749 εἰρήκασι
1582 2686 1665 2738 τὸν

127 2824 160 2847 2.
186 2815 332 2859 πότερον
350 2815 394 2850 B.
416 2816 535 2852 Holst.
554 2819 713 2863 ἑκάτερον
731 2822 930 2857 emendavit
950 2824 1045 2859 Aub.
1069 2826 1165 2871 quod
1190 2826 1276 2860 mihi
1301 2839 1374 2862 non
1399 2829 1579 2871 satisfacit,
1598 2843 1664 2867 nec

79 2863 196 2893 tamen
215 2862 403 2907 quicquam
422 2865 547 2899 melius
565 2867 734 2911 conjicere
753 2880 909 2912 possum.
1138 2884 1191 2907 12.
1216 2874 1401 2908 ὑπτιωτέον
1419 2875 1460 2909 Β.
1479 2875 1663 2921 ἠπιώτερος

81 2904 145 2939 Ht.
164 2906 232 2941 Ed.
389 2919 442 2953 15.
468 2911 588 2957 αὐτοῦ]
613 2917 650 2953 -1-
671 2915 753 2948 κατὰ
770 2916 809 2949 τὸ
826 2917 1059 2961 γεγραμμένον
1078 2918 1120 2953 Β.
1274 2930 1330 2966 27.
1357 2921 1436 2956 ὅντα
1453 2924 1536 2958 κατὰ
1553 2924 1663 2969 φύσιν

79 2950 218 2987 inverso
235 2955 359 2990 ordine
376 2968 441 2991 a.c.

134 3018 226 3048 voL.
249 3021 297 3050 11.
858 3029 886 3068 q
