2022 3272
112 131 192 171 xvi.
219 144 282 181 12,
306 144 366 186 13.
413 130 485 170 IN
528 130 570 171 S.
605 128 939 170 JOANNEM.
1003 127 1128 168 LIB.
1163 128 1215 168 X.
1277 127 1410 168 CAP.
1445 127 1505 167 ΙΙ.
1611 126 1694 166 629

112 246 207 304 τοῦ,
235 247 438 293 συνετιεῖ
459 241 542 305 μὲν
574 243 706 305 ὑμᾶς,
731 242 806 291 καὶ
846 239 897 289 τὸ
928 242 1031 305 περὶ
1070 242 1153 302 τῆς
1188 240 1410 303 ἀληθείας
1449 238 1690 290 ἀποκαλύ-

112 327 195 389 ψει
219 323 493 390 μυστήριον·
540 323 745 387 λαλήσει
772 321 922 387 γεμὴν
945 325 1193 374 παντελῶς
1218 320 1349 371 οὐδὲν
1369 325 1463 371 τῶν
1489 320 1695 388 (ἐπᾳδόν-

112 429 206 456 των
230 408 344 469 ἐμοὶ,
371 407 481 456 ἀλλ’
511 405 614 456 οὐδὲ
642 404 779 474 ξένον
802 406 908 467 ὑμῖν
934 402 1242 468 εὶσηγήσεται
1269 401 1480 466 μάθημα·
1523 404 1575 452 οὐ
1602 401 1695 467 γὰρ

114 489 255 542 ἰδίους
293 487 437 556 τυχὸν
473 488 667 539 εἰσοίσει
707 485 887 551 νόμους·
935 485 1090 550 ἐπειδὴ
1130 484 1178 535 δὲ
1209 489 1405 548 Πνεῦμα
1444 486 1520 534 καὶ
1560 487 1696 534 οἱονεὶ

71 593 93 631 5
115 577 220 624 νοῦς
258 572 388 622 ἐστιν
414 570 536 635 ἐμὸς,
565 569 770 634 λαλήσει
806 568 862 633 δὴ
896 567 1083 622 πάντως
1114 567 1174 618 τὰ
1201 568 1248 618 ἐν
1273 566 1386 630 ε’μοί.
1442 568 1518 616 καὶ
1556 564 1695 616 τοῦτο

114 658 265 721 φησιν
292 655 316 704 ὁ
345 653 526 720 Σωτὴρ,
565 654 652 720 οὐχ
689 651 764 702 ἵνα
803 654 982 714 νοῶμεν
1010 648 1293 716 ὑπουργικὸν
1327 648 1380 700 τὸ
1415 653 1610 712 Πνεῦμα
1641 647 1695 698 τὸ

105 734 278 801 ’Άγιον
308 735 427 787 κατὰ
460 735 546 800 τὴν
572 738 711 786 τινῶν
736 733 957 797 ἀμαθίαν·
1011 735 1385 800 πληροφορῆσαι
1420 730 1469 781 δὲ
1506 736 1696 794 μᾶλλον
1715 752 1736 777 a
1766 743 1850 777 926
1867 742 1917 776 A.

114 816 346 882 ἐθελήσας
384 816 492 871 τοὺς
529 815 756 881 μαθητὰς,
796 817 857 869 ὡς
897 815 983 882 οὐχ
1028 815 1185 880 ἕτερον
1223 812 1276 865 ὃν
1314 813 1422 880 παρ’
1461 812 1603 865 αὐτὸν
1642 812 1696 864 τὸ

118 903 312 963 Πνεῦμα
350 900 506 962 αὑτοῦ,
535 897 654 949 κατά
691 921 744 964 γε
779 897 862 948 τὸν
899 898 947 947 ἐν
986 894 1317 961 ὁμοουσιότητι
1356 896 1519 962 λόγον,
1550 901 1698 947 ταῦτα

50 1009 97 1033 ιο
115 981 171 1046 δὴ
197 981 384 1035 πάντως
410 982 602 1042 λαλήσει
630 982 705 1031 καὶ
729 978 971 1045 ἐνεργήσει
996 980 1072 1030 καὶ
1097 978 1406 1043 βουλήσεται.

189 1062 286 1115 Διά
311 1062 404 1130 γάρ
425 1086 495 1114 τοι
516 1068 654 1114 τοῦτο
681 1061 1014 1128 προστέθεικεν
1041 1060 1111 1111 ὅτι
1135 1066 1211 1112 καὶ
1234 1060 1294 1112 τά
1314 1061 1528 1129 ἐρχόμεναι
1553 1064 1700 1126 ἀνοιγ-

114 1149 245 1212 γελεῗ
279 1149 393 1214 ὑμῖν,
422 1147 671 1212 μονονουχὶ
711 1143 868 1209 λέγων
897 1147 1098 1208 Σημεῖον
1132 1148 1270 1193 τοῦτο
1309 1142 1444 1193 ἔσται
1483 1143 1601 1206 ὑμῖν,
1629 1143 1701 1193 ὅτι

115 1227 172 1292 δὴ
210 1227 397 1281 πάντως
435 1230 485 1278 ἐκ
521 1230 605 1291 τῆς
642 1228 755 1290 ἐμῆς
796 1224 960 1279 οὐσίας
1001 1223 1056 1275 τὸ
1086 1223 1284 1288 Πνεῦμά
1322 1225 1446 1288 ἐστι,
1486 1227 1562 1275 καὶ
1604 1224 1702 1276 οἷον

114 1309 223 1374 ἐμός
256 1312 359 1361 ἐστι
398 1315 517 1372 νοῦς,
553 1307 608 1360 τὸ
642 1310 760 1375 ἐρεῖν
799 1305 942 1358 αὐτὸν
985 1305 1045 1358 τὰ
1087 1305 1303 1371 ἐσόμενα,
1339 1307 1550 1373 καθάπερ
1589 1308 1698 1373 ἐγώ.

50 1420 97 1457 15
115 1394 369 1459 προείρηκα
403 1391 515 1459 γὰρ,
548 1395 584 1443 εὶ
619 1394 693 1442 καὶ
725 1389 790 1456 μὴ
819 1388 1076 1454 δεδύνησθε
1110 1388 1267 1440 πάντα
1300 1393 1480 1453 μαθεῖν.
1534 1390 1617 1440 οῦκ
1644 1388 1704 1440 ἂν

116 1475 197 1526 οὖν
222 1474 313 1541 ἄρα
351 1474 561 1541 καθάπερ
599 1473 692 1539 ἐγὼ
727 1477 920 1539 προερεῖ
952 1470 1011 1523 τὰ
1046 1470 1263 1536 ἐσόμενα,
1290 1471 1354 1535 μὴ
1382 1472 1485 1539 οὐχὶ
1515 1471 1703 1525 πάντως

116 1559 164 1608 ἐν
189 1558 294 1621 ἐμοί
314 1580 364 1609 τε
391 1556 602 1625 ὑπάρχον
628 1557 703 1607 καὶ
729 1556 783 1607 δι’
813 1557 924 1619 ἐμοῦ
952 1552 1133 1621 προϊὸν,
1161 1555 1236 1605 καὶ
1261 1556 1344 1618 τῆς
1371 1555 1512 1618 αὐτῆς
1539 1554 1704 1608 οὐσίας’

120 1639 331 1708 ὑποῖρχον
356 1639 472 1704 ἐμοί.

557 1824 698 1854 ΤΕΛΟΣ
725 1823 809 1853 ΤΟΥ
837 1821 1044 1853 ΔΕΚΑΤΟΥ
1071 1821 1260 1851 ΒΙΒΛΙΟΥ.

171 2056 202 2079 2.
228 2045 325 2079 οὐδέν
341 2045 514 2078 παντελῶς
531 2043 669 2077 inverso
687 2040 808 2076 ordine
826 2052 858 2086 q.
875 2039 1024 2073 Veccus.
1192 2048 1225 2082 9.
1253 2034 1408 2080 Πνεῦμα]
1434 2039 1469 2075 -1-
1491 2035 1529 2069 τὸ
1547 2035 1642 2079 ἅγιον
1661 2033 1702 2067 E.

128 2103 180 2173 12.
208 2090 364 2172 ἔήμεέον]
390 2095 425 2132 -1-
447 2090 485 2134 δὴ
504 2102 538 2135 p.
885 2096 939 2130 15.
966 2083 1151 2129 δεδύνησθε
1170 2084 1288 2130 E.p.q.
1308 2083 1456 2117 Veccus.
1475 2081 1621 2125 δύνησθε
1637 2081 1704 2115 EG.

148 2151 181 2182 9.
236 2150 265 2173 1c
318 2165 326 2173 .
