2037 3266
312 136 395 178 ‘726
721 140 771 182 B.
805 140 1085 182 CYRILLI
1126 142 1508 184 ALEXANDR.
1632 142 1731 184 xvii.
1755 142 1816 192 18,
1841 153 1904 197 19.

311 244 527 298 τεθνάναι
558 251 714 312 σῶμα,
740 249 889 301 πάλιν
916 251 1041 321 αὐτῷ
1075 250 1161 316 τὴν
1196 253 1316 303 ἰδίαν
1346 251 1625 320 ἐνεφύτευσε
1658 250 1791 318 ζωὴν,
1818 251 1905 318 οὐχ

309 328 475 380 ἑαυτὸν
525 329 745 394 δηλονότι
795 336 891 383 τῶν
934 339 1016 383 τοῦ
1066 332 1270 384 θανάτου
1322 336 1513 396 δεσμῶν
1562 332 1903 402 ἐξαιρούμενος,

310 409 429 461 καθὸ
467 416 636 462 νοεῖται
675 411 809 467 Θεός.
864 413 1130 478 ἐπεδήμησε
1168 413 1262 480 γὰρ
1302 416 1378 465 καὶ
1415 414 1608 480 γε’γονεν
1641 414 1903 479 ἄνθρωπος,

312 492 366 542 οῦ
392 493 446 542 δι’
473 492 650 544 ἑαυτόν·
706 495 937 546 ὁδοποιῶν
969 495 1016 546 δὲ
1054 500 1247 559 μᾶλλον
1284 499 1343 562 τῇ
1376 495 1642 564 ἀνθρωπεία
1674 496 1817 563 φύσει
1845 496 1901 546 δι’

268 574 478 624 ᾶὲαυτοῦ
516 597 567 625 τε
606 578 682 626 καὶ
714 578 761 627 ἐν
794 578 943 647 ἑαυτῷ
979 576 1065 641 τὴν
1090 579 1140 628 ἐκ
1179 577 1384 628 θανάτου
1423 576 1673 646 διαφυγὴν,
1704 578 1779 627 καὶ
1817 575 1903 641 τὴν
1923 601 1944 639 5

312 659 374 710 εἰς
412 654 498 720 τὴν
536 658 615 708 ἀπ’
657 660 804 726 ἀρχῆς
842 660 1120 727 ἀφθαρσίαν
1159 659 1404 710 ἐπάνοδον.
1454 659 1516 710 ἰ’θι
1558 660 1614 724 δὴ
1657 660 1739 709 οῦν
1779 658 1899 709 κατὰ
2030 654 2037 734 ³1

313 736 399 801 τὴν
425 737 536 802 ’ίσην
561 744 655 790 τῶν
687 740 939 807 εἰρημένων
971 742 1233 806 ἀναλογίαν
1272 745 1334 794 εἷς
1373 739 1456 792 τὸν
1494 744 1600 807 περὶ
1639 746 1721 792 τοῦ
1760 739 1898 807 ἁγιά-
2032 740 2037 781 ἲ

314 818 477 884 ζεσθαι
511 820 699 887 τρόπον.
752 820 845 888 ἆρα
883 822 975 888 γὰρ
1015 823 1139 876 ὅλως
1176 822 1331 892 φαμὲν
1358 821 1492 888 ἅγιον
1520 822 1756 891 ὑπάρχειν,
1784 823 1904 874 κατά

313 924 369 967 γε
405 900 487 952 τὸν
522 902 669 969 λόγον
710 907 792 968 τῆς
831 905 946 958 ἰδίας
979 903 1184 974 φύσεως,
1211 904 1265 956 rb
1305 904 1399 956 ἀπὸ
1438 908 1526 970 γῆς
1565 909 1722 968 σῶμα,
1755 907 1830 955 καὶ
1865 908 1902 955 εἰ

313 981 378 1047 μὴ
406 984 587 1051 δέχοιτο
621 984 703 1037 τὸν
729 986 972 1052 ἁγιασμόν
996 985 1126 1054 παρὰ
1151 993 1233 1038 τοῦ
1261 986 1381 1038 κατὰ
1407 987 1557 1055 φύσιν
1584 987 1719 1053 ἁγίου
1745 991 1870 1037 Θεοῦ
1890 1009 1901 1047 ;
1924 1018 1974 1043 10

313 1067 389 1116 καὶ
426 1070 526 1120 πῶς
565 1066 622 1118 ἂν
648 1068 716 1132 εἴη
755 1068 893 1120 τοῦτό
932 1091 1016 1135 γε;
1053 1069 1165 1120 ποιά
1202 1068 1295 1135 γὰρ
1328 1068 1385 1119 ἂν
1411 1069 1476 1119 ε”τι
1512 1074 1664 1120 νοοῖτο
1699 1068 1904 1137 διαφορὰ

312 1147 492 1214 σαρκός
527 1172 576 1200 τε
611 1152 694 1213 τῆς
733 1156 960 1216 γηγενοῦς
998 1152 1074 1201 καὶ
1114 1154 1198 1215 τῆς
1233 1150 1352 1202 κατὰ
1388 1151 1537 1220 φύσιν
1572 1152 1707 1216 ἁγίας
1742 1174 1791 1201 τε
1828 1152 1904 1201 καὶ

314 1230 593 1295 ἁγιαστικῆς
637 1232 833 1293 οῦσιάς;
888 1236 924 1283 εἱ
970 1233 1026 1283 δέ
1062 1234 1194 1283 ἐστιν
1234 1236 1375 1284 εἰπεῖν
1419 1231 1607 1298 ἀληθὲς,
1652 1232 1721 1284 ὅτι
1766 1237 1903 1284 πᾶσα

313 1312 466 1367 κτίσις
491 1313 660 1379 λογικὴ
688 1316 761 1365 καὶ
791 1315 1090 1384 ἁπαξαπλῶς
1122 1314 1176 1366 rb
1205 1314 1491 1379 κεκλημένον
1516 1319 1577 1368 εἷς
1614 1315 1799 1380 γε’νεσιν
1827 1317 1903 1365 καὶ

314 1400 480 1445 τελοῦν
520 1397 568 1446 ἐν
602 1402 825 1462 γενητοῖς,
866 1398 1055 1465 φύσεως
1091 1396 1176 1461 μὲν
1212 1398 1328 1451 ἰδίας
1359 1398 1442 1447 οὐκ
1475 1397 1566 1464 ε”χει
1603 1397 1784 1463 καρπὸν
1819 1396 1901 1447 τὸν
1925 1423 1971 1461 15

277 1478 570 1544 οὰγιασμὸν,
597 1480 844 1547 δανείζεται
870 1479 918 1531 δὲ
955 1479 1118 1547 ὥσπερ
1144 1479 1275 1547 παρὰ
1305 1486 1388 1531 τοῦ
1425 1479 1543 1530 κατὰ
1579 1480 1728 1548 φύσιν
1766 1479 1901 1544 ἁγίου

314 1559 400 1624 τὴν
434 1560 583 1628 χάριν,
609 1566 709 1615 πῶς
746 1563 829 1613 οὐκ
867 1561 925 1613 ἂν
959 1561 1139 1628 γε’νοιτο
1172 1566 1266 1613 τῶν
1301 1561 1618 1613 ἀτοπωτάτων
1657 1563 1901 1629 ἀπροσδεᾶ

314 1641 401 1706 τὴν
436 1641 595 1709 σάρκα
634 1648 754 1694 νοεῖν
795 1649 878 1694 τοῦ
920 1642 1123 1710 ἁγιάζειν
1153 1643 1212 1695 τὰ
1249 1643 1405 1695 πάντα
1442 1643 1708 1713 πεφυκότος
1734 1648 1893 1706 Θεοῦ;

314 1724 468 1789 ἐπειδὴ
503 1726 658 1777 τοίνυν
693 1727 780 1794 οὐχ
811 1726 925 1791 ἁγία
958 1727 1065 1777 καθ’
1109 1725 1277 1790 ἑαυτὴν
1319 1727 1347 1791 ἡ
1389 1726 1531 1795 σὰρξ,
1571 1726 1780 1792 ἡγιάσθη
1823 1725 1900 1776 διὰ

314 1810 454 1856 τοῦτο
491 1808 567 1857 καὶ
608 1809 656 1858 ἐν
696 1811 912 1876 Χριστῷ,
953 1813 1037 1858 τοῦ
1079 1809 1127 1858 ἐν
1168 1808 1286 1876 αὐτῇ
1328 1807 1695 1872 κατοικήσαντος
1738 1806 1899 1874 Λόγου
1921 1837 1970 1862 20

316 1886 392 1938 διὰ
421 1894 504 1939 τοῦ
541 1888 708 1954 εΑγιόυ
737 1889 1013 1953 Πνεύματος
1046 1888 1129 1940 τὸν
1164 1893 1330 1941 οἰκεῖον
1368 1889 1480 1941 ναὸν
1513 1888 1796 1956 ἁγιάζοντος,
1823 1891 1898 1941 καὶ

315 1973 377 2023 εἰς
409 1969 639 2036 ἐνεργειαν
664 1971 806 2022 αὐτὸν
837 1975 919 2036 τῆς
954 1972 1070 2025 ἰδίας
1107 1978 1470 2034 μεταποιοῦντος
1505 1972 1711 2041 φύσεως.
1763 1971 1898 2039 ἅγιον

94 2068 246 2105 993Α.
277 2051 411 2118 aytis>
452 2051 527 2102 διὰ
570 2059 709 2104 τοῦτο
750 2058 919 2105 νοεῖται
964 2055 1040 2105 καὶ
1082 2054 1362 2120 ἁγιαστικὸν
1399 2055 1453 2106 τὸ
1487 2059 1630 2118 σῶμα
1668 2058 1898 2120 Χριστοῦ,

315 2133 395 2185 ἅτε
430 2132 500 2198 δὴ,
528 2133 739 2201 καθάπερ
764 2133 933 2201 ἐ’λεγον
959 2136 1140 2202 ἀρτίως,
1169 2135 1280 2190 ναὸς
1314 2134 1510 2202 γεγονὸς
1536 2142 1618 2187 τοῦ
1652 2137 1899 2190 ἑνωθέντος

91 2231 161 2265 001.
177 2232 251 2275 ii.9.
312 2217 439 2285 αὐτῷ
477 2215 639 2282 Λόγου
676 2222 971 2279 σωματικῶς,
1014 2219 1076 2271 ὡς
1118 2218 1143 2267 ὁ
1183 2217 1379 2271 Παῦλός
1420 2224 1587 2285 φησιν.
1645 2217 1720 2269 διὰ
1759 2223 1898 2269 τοῦτο
1920 2245 1968 2283 25

315 2296 497 2348 κάτεισι
535 2296 622 2361 μὲν
657 2297 726 2350 ἐπ’
754 2299 897 2349 αὐτὸν
935 2299 993 2367 ἐξ
1027 2299 1225 2365 οὐρανοῦ
1256 2299 1309 2349 rb
1344 2302 1540 2362 Πνεῦμα
1570 2298 1625 2350 τὸ
1644 2299 1818 2364 ’Ἀγιον
1849 2301 1898 2350 ἐν

313 2378 418 2429 ε’ίδει
465 2383 758 2445 περιστερᾶς·
821 2379 1145 2446 μεμαρτύρηκε
1191 2379 1239 2430 δὲ
1290 2385 1429 2431 τοῦτο
1479 2380 1635 2445 λέγων
1675 2382 1700 2431 ὁ
1742 2380 1898 2450 σοφὸς

313 2458 547 2524 Ἰωάννης·
599 2460 675 2511 ἵνα
717 2464 903 2526 γνῶμεν
940 2459 1108 2523 πάλιν,
1147 2460 1217 2511 ὅτι
1254 2460 1464 2527 καθάπερ
1502 2463 1550 2512 ἐν
1588 2463 1779 2530 ἀπαρχῇ
1817 2466 1900 2527 τῆς

312 2541 649 2606 ἀνανεουμένης
676 2542 880 2611 φύσεως,
908 2543 956 2593 ἐν
982 2542 1154 2612 πρώτῳ
1181 2546 1382 2612 Χριστῷ
1408 2543 1461 2594 τὸ
1493 2548 1686 2606 Πνεῦμα
1712 2544 1899 2609 κατέβη,

311 2621 427 2673 καθὸ
461 2623 671 2692 πέφηνεν
697 2623 945 2690 ἄνθρωπος
973 2625 998 2674 ὁ
1023 2629 1107 2675 τοῦ
1142 2623 1420 2690 ἁγιάζεσθαι
1459 2624 1680 2680 δεκτικός.
1734 2628 1810 2676 καὶ
1846 2627 1899 2677 οῦ
1920 2651 1971 2687 30

311 2703 462 2767 δήπου
498 2703 646 2755 πάλιν
677 2705 821 2756 ἐκεῖνό
861 2709 1032 2773 φαμεν,
1060 2705 1132 2756 ὅτι
1163 2706 1266 2757 τότε
1300 2706 1492 2771 γε’γονεν
1518 2704 1650 2771 ἅγιος
1687 2706 1741 2758 rb
1779 2706 1898 2758 κατὰ

86 2782 227 2867 {Prai-
309 2783 467 2851 σάρκα
500 2785 726 2854 Χριστὸς,
764 2785 839 2837 ὅτε
877 2786 977 2838 “rb
1020 2791 1213 2852 Πνεῦμα
1250 2788 1461 2838 τεθεάται
1500 2790 1822 2849 καταβαῖνον”
1865 2790 1890 2839 ὁ

643 2948 696 2979 24.
722 2938 870 2982 γεγονὼς
890 2938 930 2972 Ε.
1239 2949 1295 2982 31.
1322 2935 1376 2983 τὸ]
1396 2940 1413 2972 ὁ
1434 2938 1567 2984 Migne.
