2001 3261
288 117 370 157 166
690 118 740 159 Β.
774 117 1052 159 CYRILLI
1093 118 1472 159 ALEXANDR.
1733 118 1787 158 ix.
1812 118 1874 158 16.

248 233 275 274 b
292 224 441 292 ε”γνων
466 225 551 291 τὴν
576 226 908 293 Ἰερουσαλὴμ,
939 232 1015 278 καὶ
1043 226 1212 287 βλέπω
1237 226 1324 290 μὲν
1350 231 1474 277 θεῖον
1500 228 1548 277 ἐν
1573 228 1690 294 αὐτῇ
1716 249 1877 293 περια-

291 307 598 373 στράπτοντα
626 308 752 371 ναὸν,
779 310 872 376 ὁρῶ
909 308 957 359 δὲ
993 310 1041 359 ἐν
1065 308 1199 378 με’σῳ
1232 308 1287 359 τὸ
1325 307 1504 360 σεπτὸν
1531 308 1676 362 ὅντως
1703 312 1871 359 θυσια-

290 389 506 456 στήριον·
555 389 642 442 κᾶν
673 391 881 442 ἐπέκεινα
914 391 1070 455 πύλης
1096 392 1280 457 εὑρεθῶ,
1309 390 1428 455 ὅλην
1453 393 1501 441 ἐν
1526 390 1684 460 κύκλῳ
1708 414 1873 456 περια-

291 471 458 538 θρήσω
498 472 584 537 τὴν
621 472 866 535 Ἰουδαίαν,
906 475 982 523 καὶ
1025 474 1074 523 τί
1113 470 1197 536 μὲν
1235 472 1343 539 ὅρος
1388 474 1505 535 ἐστὶ,
1545 473 1593 523 τί
1634 471 1682 523 δὲ
1728 471 1878 540 φυτὸν

291 555 630 620 ἐπιγνώσομαι.
682 554 1083 618 μεταμειβομένου
1119 553 1169 604 δὲ
1201 560 1285 605 τοῦ
1317 561 1478 621 καιροῦ
1503 554 1623 621 πρὸς
1648 555 1873 619 ἑσπέραν,
1897 567 1918 605 5

291 637 375 687 οὐκ
402 637 467 687 ἔτι
494 635 576 687 τὸν
597 636 709 700 ἐμὸν
730 636 987 704 ὀφθαλμὸν
1010 636 1064 687 τὸ
1090 640 1184 686 τῶν
1205 636 1301 687 ἄνω
1328 635 1581 699 θαυμάτων
1602 635 1879 700 διαλήσεται

291 718 488 782 κάλλος,
515 719 604 786 οὐχ
639 720 663 769 ὁ
700 715 932 788 διαφανὴς
967 723 1063 769 τῶν
1089 719 1303 785 ἀστέρων
1337 717 1491 786 χορὸς,
1518 719 1628 769 ἀλλ’
1659 717 1762 768 οὐδὲ
1795 720 1879 781 τῆς

291 800 500 865 σελήνης
526 800 580 851 τὸ
606 798 894 868 πάγχρυσον
921 798 1088 854 σε’λας.
1146 800 1585 866 καταπλαγήσομαι
1611 800 1686 850 διὰ
1713 800 1879 850 τούτου

69 892 146 933 sap.
160 892 228 923 xiii.
252 903 273 930 c
290 889 373 934 τοῦ
398 883 740 947 τεκτηναμένου
767 881 852 946 τὴν
878 882 1061 950 τέχνην,
1089 881 1183 933 ἀπὸ
1209 886 1449 946 καλλονῆς
1476 882 1749 947 κτισμάτων
1775 883 1870 932 ἐπι-

71 945 101 975 5·
290 965 539 1032 γνώσομαι
590 963 722 1029 κάγὼ
773 964 855 1015 τὸν
894 963 1213 1030 Δημιουργόν.
1292 966 1458 1016 οὐκοῦν
1503 965 1620 1016 ὅσον
1665 965 1774 1029 ἧκεν
1817 967 1877 1016 εἷς
1902 982 1949 1006 10

290 1045 474 1100 πλάτος
510 1047 827 1112 θεωρημάτων
863 1048 939 1097 καὶ
974 1044 1059 1109 τὴν
1094 1049 1142 1097 ἐν
1174 1045 1337 1112 λόγοις
1372 1049 1622 1115 κομψειάν,
1660 1046 1880 1110 τοιαύτην

291 1128 396 1179 τινὰ
432 1130 582 1180 ὠδίνει
619 1129 817 1189 δύναμιν
849 1127 903 1179 τὸ
939 1127 1191 1193 εἰρημένον,
1224 1129 1337 1180 αὐτό
1373 1152 1422 1180 τε
1460 1129 1515 1179 τό
1555 1129 1718 1180 Βλέπω
1757 1129 1881 1195 φημὶ

292 1214 369 1262 καὶ
407 1211 461 1262 τό
501 1211 644 1271 Πηλὶν
683 1211 876 1274 ἐποίησε
916 1212 991 1261 καὶ
1032 1211 1199 1277 ε”χρισέ
1230 1235 1315 1278 μου
1354 1210 1450 1267 τοὶς
1489 1211 1766 1280 ὀφθαλμούς.
1827 1211 1881 1260 οὐ

292 1293 386 1360 γὰρ
425 1294 665 1362 ἐξωθεῖται
703 1291 757 1343 τὸ
795 1292 957 1360 χαρίεν
990 1293 1038 1342 ἐν
1072 1291 1388 1359 θεωρήμασιν,
1416 1293 1519 1344 οὐδὲ
1555 1295 1616 1348 ὡς
1651 1294 1881 1355 κίβδηλον

291 1381 583 1442 παραιτεῖται
610 1374 756 1440 λόγος
783 1377 806 1425 ὁ
833 1375 942 1441 παρ’
974 1375 1096 1438 ἡμῖν,
1123 1375 1382 1438 τουτέστιν,
1409 1376 1434 1425 ὁ
1467 1374 1876 1439 ἐκκλησιαστικός.
1903 1392 1949 1430 15

292 1458 460 1508 οὐκοῦν
491 1457 888 1525 ἀσυκοφάντητον
917 1457 1107 1520 άληθῶς
1143 1456 1227 1520 τὴν
1258 1463 1341 1508 τοῦ
1380 1457 1757 1523 θεραπεύσαντος
1797 1457 1878 1508 δύ-

294 1562 449 1602 ναμιν,
490 1539 608 1590 ὅσον
650 1537 708 1602 ἦν
754 1540 803 1590 ἐν
843 1539 983 1606 αὐτῷ,
1022 1541 1256 1605 διατηρῶν
1298 1538 1357 1589 τὰ
1401 1539 1592 1590 τοιαῦτά
1636 1544 1801 1607 φησιν,
1842 1540 1880 1602 ὁ,

248 1622 480 1688 (Ῑέπείπερ
524 1621 701 1686 ἠλεήθη
745 1619 875 1688 παρὰ
920 1624 1152 1686 Χριστοῦ,
1193 1621 1324 1688 παρὰ
1368 1627 1465 1676 τοῖς
1507 1625 1680 1688 ἱερεῦσι
1721 1620 1875 1688 κρινό-

294 1727 446 1766 μενος.

231 1839 277 1874 16
321 1829 500 1878 Ἔλει-ον
538 1827 611 1871 οὖν
649 1830 696 1872 ἐκ
732 1830 818 1872 τῶν
857 1831 1107 1888 Φαρισαίων
1146 1831 1258 1873 τινές,
1296 1830 1383 1871 Οὐκ
1421 1831 1534 1873 ἔστιν
1572 1828 1696 1873 οὗτος
1735 1830 1852 1888 Παρὰ
1903 1841 1952 1866 20

519 1913 628 1954 Θεοῦ
663 1913 686 1955 ὁ
724 1913 968 1971 ἄνθρωπος,
1005 1916 1070 1958 ὅτι
1106 1914 1154 1957 τὸ
1193 1915 1402 1964 σάββατον
1441 1914 1488 1955 οὐ
1526 1912 1660 1971 τΗρεῖ.

370 2030 472 2078 Οὐκ
510 2024 626 2077 εἶναι’
661 2031 785 2095 φασι
825 2033 1078 2093 ληροῦντες
1116 2026 1246 2096 vap&
1278 2030 1390 2078 Θεοῦ
1427 2027 1510 2079 τὸν
1542 2026 1579 2096 ᾧ
1617 2026 1882 2094 πρόσεστιν

294 2110 494 2174 ἐνεργεῖν
521 2108 753 2159 δύνασθαι
785 2108 844 2159 τὰ
872 2113 1009 2171 Θεοῦ,
1037 2113 1113 2159 καὶ
1138 2108 1231 2178 ἰ’σῳ
1258 2108 1400 2178 δόξης
1426 2110 1580 2179 μέτρῳ
1607 2108 1878 2176 στεφανού-

295 2213 437 2254 μενον
474 2191 735 2252 βλέποντες
772 2194 838 2259 τῷ
879 2190 1035 2241 πάντα
1073 2190 1288 2258 ἰσχύοντι
1330 2193 1484 2256 Πατρὶ
1523 2191 1605 2242 τὸν
1635 2192 1765 2253 Υὶὸν,
1799 2191 1881 2242 τὸν

258 2273 365 2324 ee’7r'
395 2272 591 2339 ἀσεβείᾳ
624 2276 789 2333 μῶμον
820 2273 1103 2338 ε’πιῤῥιπτεῖν
1135 2273 1217 2322 οὐκ
1252 2273 1557 2339 αἰσχύνονται
1591 2273 1882 2339 παραλόγως
1904 2289 1952 2327 25

297 2354 435 2422 αὐτῷ,
480 2352 818 2419 παρωσάμενοι
863 2353 912 2403 δὲ
958 2352 1043 2417 τὴν
1084 2355 1132 2403 ἐκ
1177 2360 1260 2404 τοῦ
1304 2353 1578 2423 παραδόξου
1620 2355 1753 2419 βοὴν,
1799 2356 1882 2407 τὸν

297 2439 462 2486 οἰκεῖον
494 2433 810 2503 άντεξάγουσι
849 2434 1028 2503 φθόνον
1063 2439 1129 2504 τῷ
1169 2439 1527 2504 θαυματουργῲ,
1558 2439 1633 2487 καὶ
1671 2460 1878 2504 κατηγο-

295 2524 464 2586 ροῦσιν
513 2517 802 2586 ἀφυλάκτως
852 2520 914 2572 ὡς
966 2519 1408 2584 πλημμελήσαντος
1456 2525 1540 2570 τοῦ
1589 2519 1653 2584 μὴ
1710 2519 1882 2573 εἰδότος

349 2652 378 2675 Ι.
404 2641 494 2675 θεῖον
512 2641 546 2674 ἐν
563 2641 645 2685 αὐτῇ
663 2640 730 2675 hoc
749 2640 872 2676 ordine
891 2641 933 2675 B.
1032 2653 1063 2676 2.
1090 2641 1194 2678 ὅντως
1211 2649 1435 2688 assumptum
1454 2655 1495 2677 ex
1515 2643 1556 2677 B.
1667 2656 1700 2686 4.
1725 2643 1759 2677 τί
1774 2644 1882 2687 μὲν-

297 2688 383 2722 τίδὲ
402 2687 564 2721 emendat
585 2688 713 2732 Heyse.
732 2691 770 2732 τῇ
789 2689 931 2732 μὲν-τί
948 2689 983 2722 δέ
1005 2688 1045 2723 Β.
1064 2691 1104 2733 τῇ
1123 2690 1270 2734 μὲν-τῇ
1291 2691 1325 2724 δὲ
1348 2690 1466 2724 Holst.
1489 2690 1553 2724 Ed.
1721 2701 1774 2724 12.
1800 2690 1882 2724 αὐτό

298 2734 492 2769 emendavi.
511 2735 600 2780 αὐτῷ
622 2735 661 2767 Β.
682 2734 748 2768 Ed.
829 2737 955 2769 τό-τό
976 2736 1017 2769 Β.
1035 2738 1177 2782 τῷ-τῲ
1198 2736 1263 2771 Ed.
1472 2738 1524 2770 18.
1551 2737 1615 2771 ὑπὸ
1634 2740 1700 2770 τῶν
1718 2736 1833 2779 ἱερέων
1849 2748 1881 2770 a.

300 2791 354 2824 23.
383 2781 551 2826 ἶσομέτρῳ
569 2781 652 2824 δόξῃ
671 2793 733 2815 a.(¹.
754 2781 830 2815 Cat.
852 2782 952 2816 Harl.
969 2781 1036 2827 ἰ’σῳ
1053 2782 1165 2830 μέτρῳ
1183 2784 1282 2827 δόξης
1302 2782 1408 2817 Cord.
1552 2795 1607 2825 24.
1633 2783 1758 2828 πάντα]
1778 2785 1882 2816 ταῦτα

297 2838 328 2860 a.
346 2828 454 2860 πάντα
472 2827 602 2861 habent
621 2840 649 2862 c.
669 2827 776 2862 Cord.
967 2828 1023 2863 26.
1049 2829 1138 2874 αὐτῷ
1156 2842 1185 2864 c.
1205 2829 1312 2864 Cord.
1330 2836 1362 2863 et
1380 2830 1428 2864 ita
1445 2830 1606 2863 emendat
1626 2830 1755 2874 Heyse.
1773 2829 1882 2863 αὐτῶν

300 2872 342 2906 Β.
368 2873 469 2907 αὐτὸν
492 2874 554 2909 Ht.
582 2874 649 2909 Ed.
717 2874 936 2909 Abbreviant
961 2881 1079 2910 tamen
1105 2875 1210 2918 Catt„
1237 2877 1327 2922 αὐτῷ
1353 2878 1615 2921 κατηγοροῦντες
1641 2883 1825 2920 pergentes
1851 2888 1882 2910 c.

300 2917 418 2959 cord„
437 2920 540 2954 αὐτοῦ
558 2923 821 2966 κατηγοροῦντες
838 2933 869 2955 a.
