2001 3261
226 274 274 316 32,

75 610 183 650 Supra

75 664 143 685 ver.
166 654 216 685 28.

295 123 375 161 192
695 124 744 165 B.
779 124 1054 165 CYRILLI
1097 126 1479 166 ALEXANDR.
1737 124 1878 178 iX-32·

388 266 466 307 Ἐκ
504 270 576 308 τοῦ
612 266 770 310 αἰῶνος
808 269 884 310 οὐκ
923 269 1110 311 ἠκούοΘΗ
1148 271 1211 311 ὅτι
1252 270 1394 313 ιῖένοιὲἐ
1431 286 1494 321 τις
1530 269 1782 326 ὀφθαλμοὺς

825 355 988 408 τυφλοῦ
1029 353 1349 401 ΓεΓεννΗμένου.

374 455 700 520 Καταδηχθεῖς
735 456 795 508 ὡς
830 454 975 505 ε”οικεν
1006 455 1059 505 οὐ
1092 460 1282 521 μικρῶς,
1309 455 1593 521 ἐπαλγήσας
1632 453 1680 505 δὲ
1720 454 1882 519 ὥσπερ

297 538 398 587 ταῖς
450 537 524 586 ἐπὶ
567 540 768 605 Χριστῷ
818 537 1072 603 λοιδορίαις
1117 539 1193 587 καὶ
1238 537 1489 605 ἀφορήτως
1534 536 1878 600 λελυπημένος,

298 616 484 682 ἐπείπερ
523 619 585 671 ὡς
624 618 916 685 ὀνειδίζοντες
957 619 1148 686 ἔφασαν
1188 625 1214 648 “
1238 618 1306 670 Σὺ
1348 618 1560 684 μαθητὴς
1603 617 1645 669 εἶ
1685 620 1877 680 ἐκείνου,
1901 634 1924 671 5

253 705 327 748 b“
353 699 481 762 ἡμεῖς
533 700 581 750 δὲ
632 707 715 751 τοῦ
769 703 1017 754 Μωυσέως
1069 700 1213 764 ἐσμὲν
1262 703 1508 765 μαθηταῖ,”
1552 701 1883 767 συναγορεύειν

299 782 528 847 ἐπείγεται
572 786 637 851 τῷ
682 784 832 853 οἰκείῳ
879 787 1135 851 καθηγητῇ,
1184 785 1259 834 καὶ
1304 782 1667 852 ἀντιπαρεξάγει
1708 783 1884 848 τρόπον

299 862 402 913 τινὰ
453 869 549 918 τοῖς
597 864 673 915 διὰ
726 866 974 919 Μωυσέως
1026 865 1375 929 τετελεσμένοις
1431 865 1489 916 τὰ
1546 865 1746 931 λαμπρὰ
1802 871 1884 915 τοῦ

301 948 520 1012 Σωτῆρος
560 947 691 1010 ἡμῶν
730 949 1087 1014 κατορθώματα,
1128 947 1229 1017 ὅσῳ
1268 949 1432 1015 μείζων
1472 950 1602 998 ἐστὶν
1641 951 1702 1001 εἷς
1740 970 1880 1011 τερα-

300 1029 536 1093 τουργίαν,
563 1030 780 1099 τοσούτῳ
807 1029 982 1083 δεικνὺς
1009 1032 1056 1080 ἐν
1082 1031 1339 1093 ἀμείνοσιν.
1397 1029 1424 1095 ὴ
1459 1030 1553 1096 γὰρ
1588 1031 1671 1081 οὐκ
1703 1029 1882 1095 ἀνάγκη

300 1108 382 1158 τὸν
409 1115 490 1159 τοῦ
517 1111 721 1177 μείζονος
749 1111 1078 1175 ἀποτελεστὴν
1105 1110 1217 1163 εἶναι
1246 1112 1302 1176 δὴ
1328 1112 1514 1166 πάντως
1543 1114 1617 1163 καὶ
1651 1111 1768 1162 κατὰ
1798 1111 1885 1175 τὴν

301 1190 448 1260 δόξαν
486 1194 757 1262 ὑπερφερῆ;
800 1196 910 1244 ἀλλ’
941 1194 1072 1245 ε”στιν
1108 1196 1191 1245 οὐκ
1231 1194 1522 1262 ἀμφίβολον.
1579 1195 1696 1257 ὁμοῦ
1736 1193 1783 1244 δὲ
1824 1197 1885 1247 ὡς

262 1299 284 1327 0
301 1273 417 1327 εἰκὸς
447 1278 587 1339 δηλοῖ
608 1299 652 1327 τι
678 1283 902 1339 τοιοῦτον,
925 1276 1237 1344 ἀρχαιοτάτης
1263 1276 1346 1340 μὲν
1371 1276 1674 1345 προᾳδούσης
1698 1281 1886 1344 προφη-

78 1357 238 1387 Es.xxxv.

80 1409 110 1440 5.

1859 1356 1886 1373 7,

301 1357 440 1418 τειάς,
470 1358 673 1425 ἐχούσης
701 1357 746 1409 δὲ
769 1357 860 1410 ὧδε
887 1362 989 1424 περὶ
1021 1363 1103 1423 τῆς
1130 1363 1348 1425 Χριστοῦ
1373 1360 1636 1424 παρουσίας
1662 1368 1689 1388 “
1712 1358 1853 1420 Τότε,

303 1441 467 1506 φησὶν,
496 1441 909 1508 ίίἀνοιχθήσονται
948 1444 1192 1511 ὀφθαλμοὶ
1230 1442 1469 1509 τυφλῶν,”
1505 1443 1648 1495 οὐδεὶς
1687 1441 1772 1505 μέν
1811 1464 1885 1492 πω

301 1519 532 1587 πρότερον
568 1523 778 1574 τοιοῦτόν
817 1547 860 1574 τι
899 1524 1132 1589 δεδρακὼς
1170 1522 1463 1587 ἐθαυμάσθη,
1493 1524 1800 1590 πεπλήρωται
1839 1522 1887 1573 δὲ

304 1602 379 1653 διὰ
406 1604 572 1655 τούτου
597 1608 670 1655 καὶ
706 1605 851 1669 μόνου
887 1605 939 1657 ὃν
967 1608 1092 1669 ὑμεῖς
1129 1607 1212 1656 οὐκ
1249 1603 1337 1655 οἷδ’
1368 1605 1508 1667 ὅπως,
1537 1608 1702 1673 φησιν,
1730 1607 1882 1670 ἀμαρ-

303 1684 461 1736 τωλὸν
487 1688 744 1738 ἀποκαλεῖν
772 1689 826 1738 οὐ
852 1687 1245 1754 κατεναρκήσατε.
1287 1687 1436 1737 καίτοι
1461 1687 1612 1741 πολὺς
1639 1687 1722 1750 μὲν
1743 1688 1889 1752 ἁγίων

303 1773 565 1836 προφητῶν
591 1771 833 1837 ἀνεδείχθη
859 1770 1016 1837 χορὸς,
1046 1771 1128 1820 οὐκ
1162 1771 1459 1835 εὐαρίθμητοι
1495 1768 1541 1819 δὲ
1576 1770 1763 1820 δικαίων
1789 1771 1887 1832 ἐμοὶ

307 1850 381 1901 διὰ
416 1856 509 1901 τῶν
537 1856 669 1917 ἱερῶν
697 1853 919 1920 φέρονται
954 1851 1259 1918 γραμμάτων,
1287 1853 1398 1902 ἀλλ’
1426 1855 1508 1903 Ἐκ
1537 1854 1607 1902 τοῦ
1634 1851 1780 1905 αἰῶνος
1813 1854 1886 1901 οὐκ

261 1933 485 1993 ᾱῆκοόσθη
525 1934 584 1984 ὀτι
628 1933 761 2003 ἤνοιξε
793 1959 858 1989 τις
901 1933 1163 2003 οφθαλμοῖις
1207 1936 1378 2001 τυφλοῦ
1419 1934 1736 2001 γεγεννημένου.
1803 1933 1891 1999 οὐχ

305 2016 438 2069 οὗτος
465 2017 546 2067 οὖν
571 2014 662 2083 ἀρά
689 2019 818 2068 ἐστιν
844 2018 869 2067 ὁ
897 2017 1110 2082 Χριστὸς
1147 2018 1171 2067 ὁ
1206 2017 1350 2082 πέρας
1386 2015 1644 2081 ἐπενεγκὼν
1671 2020 1766 2068 τοῖς
1796 2019 1890 2065 τῶν

304 2103 565 2167 προφητῶν
595 2099 881 2163 μηνύμασιν,
913 2101 937 2149 ὁ
976 2097 1095 2164 πρὸς
1133 2097 1272 2152 τέλος
1313 2098 1608 2166 διεξαγαγὼν
1642 2097 1701 2149 τὰ
1739 2097 1888 2148 πάλαι

305 2182 657 2246 διηγγελμένα·
647 2222 658 2243 ,
710 2186 747 2232 εἰ
786 2181 878 2248 γὰρ
920 2181 1066 2233 οὐδείς
1104 2203 1172 2233 τις
1211 2181 1320 2246 παρ’
1356 2180 1497 2231 αὐτὸν
1526 2181 1700 2245 ἀνοίγει
1738 2180 1891 2246 ἕτερος

304 2267 504 2331 τυφλῶν
538 2263 833 2331 ὁφθαλμους,
861 2264 910 2313 τί
941 2261 1111 2313 λοιπον
1145 2261 1483 2326 ἀντιστατησει
1517 2266 1575 2329 τῇ
1610 2264 1802 2313 πίστει
1792 2303 1803 2323 ,
1847 2262 1896 2312 τί

306 2345 353 2394 δε
392 2345 646 2412 ἀνατρέψει
683 2344 770 2408 τὴν
799 2346 868 2395 ἐπ’
904 2345 1029 2412 αὐτῷ
1068 2344 1373 2404 συναίνεσινς
1416 2342 1442 2408 ἢ
1481 2348 1583 2397 πῶς
1622 2345 1676 2394 οὐ
1714 2366 1891 2396 παντος

306 2426 588 2489 ἐνδοιασμου
625 2425 878 2491 γεγονότος
903 2424 1136 2488 εκποδὼν,
1174 2424 1249 2475 διὰ
1287 2424 1531 2488 λειοτάτης
1570 2423 1734 2490 ὥσπερ
1773 2427 1886 2490 δρα·

305 2512 457 2571 μεῖται
481 2510 563 2571 τῆς
590 2509 700 2558 ὁδοῦ
725 2510 807 2572 τῆς
833 2509 902 2558 ἐπ’
933 2508 1058 2576 αὐτῷ
1084 2506 1308 2573 γνώσεως
1335 2506 1389 2558 τὸ
1415 2506 1710 2573 μυστήριον;

354 2700 387 2733 5.
413 2689 447 2725 εἶ
459 2691 608 2735 μαθητὴς
625 2691 764 2725 inverso
782 2690 904 2725 ordine
923 2703 952 2725 a.
1054 2703 1107 2734 14.
1126 2693 1215 2732 τότε,
1234 2691 1373 2737 φησὶν,]
1394 2691 1445 2726 ὅτι
1463 2693 1539 2725 τότε
1557 2703 1587 2726 a.
1688 2700 1741 2734 15.
1763 2690 1824 2733 μέν
1840 2706 1892 2726 πω

309 2737 351 2771 Β.
357 2750 386 2772 a.
408 2738 526 2771 Holst.
546 2738 624 2771 Cat.
651 2737 749 2772 Harl.
776 2744 815 2772 ut
841 2738 985 2772 adnotat
1011 2738 1084 2782 ipse
1105 2739 1199 2772 Aub.
1224 2739 1338 2782 μέντοι
1365 2750 1425 2783 per
1452 2738 1585 2773 scribae
1611 2744 1649 2772 ut
1674 2738 1812 2772 videtur
1838 2739 1893 2772 sui

307 2795 457 2818 errorem
478 2784 570 2819 Α.ιὼ
905 2784 958 2818 16.
983 2784 1097 2829 πεπλὴ
1080 2800 1223 2830 ηρωνται
1244 2785 1284 2819 Β.
1303 2785 1500 2819 emendavit
1519 2796 1536 2818 e
1555 2784 1628 2818 Cat.
1652 2791 1690 2818 ut
1708 2784 1776 2818 vid.
1797 2785 1892 2819 Aub.

313 2839 363 2874 17.
391 2829 451 2864 οἶδ
470 2845 560 2865 οπως
578 2843 608 2865 a.
627 2830 775 2865 οἴδατε
756 2846 847 2866 οπως
866 2831 908 2864 Β.
928 2831 995 2865 Ed.
1244 2843 1296 2875 19.
1323 2831 1414 2876 ἐμοι]
1434 2831 1534 2874 ἑσμοὶ
1552 2830 1740 2865 emendant
1763 2830 1891 2876 Heyse,

309 2876 687 2920 Migne.Abbrev1at
704 2889 735 2912 3.
899 2888 955 2912 21.
981 2877 1045 2922 οἰχ
1063 2883 1286 2923 assumptum
1305 2890 1346 2912 ex
1364 2890 1394 2911 3.
1562 2888 1617 2920 24·
1642 2892 1692 2912 τις
1709 2888 1779 2911 om.
1797 2877 1892 2912 Aub.

308 2922 422 2966 ἕτερος
438 2923 516 2967 παρ’
535 2924 637 2958 αυτὸν
653 2922 782 2970 ἀνοίγει
799 2924 859 2958 inv
861 2936 897 2958 el
900 2935 938 2958 so
956 2924 1078 2958 ordine
1096 2936 1127 2957 a.
1273 2924 1327 2958 26.
1355 2923 1496 2958 σύνεσιν
1513 2936 1542 2957 a.
1563 2924 1639 2958 Cat,
1661 2924 1759 2957 Harl.

1907 1049 1954 1073 10

1910 1875 1958 1900 20
