2037 3266
303 149 388 189 368
706 150 756 191 Β.
790 150 1067 191 CYRILLI
1108 149 1488 191 ALEXANDR.
1627 148 1716 190 xiii.
1736 147 1802 198 26,
1822 157 1888 199 27.

268 257 449 307 θαύτὸν
487 258 836 324 τετελεσμένης,
876 261 951 310 καὶ
992 258 1176 313 οὐδενὸς
1217 259 1271 310 τὸ
1309 257 1537 323 παράπαν
1574 257 1890 325 ε’λλείψαντος

307 342 403 389 τῶν
441 339 707 391 τελούντων
743 345 804 395 εἷς
848 340 989 404 τιμὴν
1027 342 1103 391 καὶ
1147 340 1372 402 διάθεσιν,
1412 344 1507 390 τῶν
1547 340 1700 390 αὐτῶν
1741 338 1890 404 ε’ίχετο

307 421 712 485 σπουδασμάτων,
740 423 794 473 οὐ
827 427 928 475 ταῖς
956 421 1286 488 μεταγνώσεσι
1313 421 1367 472 τὸ
1393 426 1545 474 κακῶς
1571 420 1718 489 δόξαν
1743 422 1885 470 ἐπαν-

308 503 601 568 ορθούμενος,
647 506 700 555 οὐ
750 505 1033 568 μεθίσταται
1082 503 1169 568 τὴν
1210 503 1405 570 καρδίαν
1447 506 1497 554 ἐκ
1546 506 1629 567 τῆς
1678 501 1890 564 ἀθέσμου

307 587 502 648 βουλῆς,
533 587 586 636 οὐ
625 585 981 653 δακρυῤῥοήσας
1021 585 1144 640 ὅλως
1184 587 1257 654 ἐφ’
1286 585 1354 639 οἷς
1393 588 1467 636 καὶ
1506 584 1651 648 μόνον
1685 585 1884 647 ἐνθυμη-
1912 596 1933 635 5

308 669 445 730 θῆναι
484 666 785 732 τετόλμηκεν,
821 669 932 718 ἀλλ’
970 668 1036 718 ε”τι
1073 668 1294 735 χειρόνως
1335 668 1548 736 διψήσας
1587 670 1669 731 τῆς
1709 669 1884 717 δυσσε-

305 749 437 809 βείας
476 749 530 800 τὸ
568 749 731 816 πέρας,
770 749 845 800 διὰ
884 750 1205 815 τολμημάτων
1243 751 1477 814 ἡττῆσθαι
1516 754 1684 812 κακῶν,
1724 747 1891 808 εἰσ-’ἦλθε

305 829 476 881 λοιπὸν
515 838 533 883 o‘
574 834 794 894 σατιινῖις,
835 832 1049 899 καθάπερ
1100 831 1205 883 τινὰ
1245 833 1405 897 πύλην
1443 835 1525 896 τῆς
1568 837 1650 883 τοῦ
1697 829 1887 900 φυλάτ-

306 934 468 967 τοντος
505 912 684 980 ἐρήμην
715 912 905 983 νήψεως
944 916 1361 966 ἀναπετασθεῖσαν
1397 918 1539 965 αὐτοῦ
1577 913 1662 978 τὴν
1698 913 1892 979 καρδίαν

84 1011 170 1047 ’738
184 1010 235 1046 Α.
268 995 467 1061 εεὺρὼν,
507 1000 581 1046 καὶ
624 995 868 1063 ἀθύρωτον
905 996 1018 1047 ὅντα
1061 996 1308 1063 θεωρήσας
1346 996 1429 1047 τὸν
1468 1002 1590 1059 νοῦν,
1632 995 1804 1062 θερμόν
1842 1018 1890 1046 τε
1916 1016 1964 1041 10

307 1077 396 1142 ἤδη
437 1077 555 1145 πρὸς
607 1076 661 1129 τὸ
710 1079 979 1139 βούλεσθαι
1031 1081 1146 1146 δρᾶν
1192 1077 1312 1144 ἅπερ
1363 1077 1421 1129 ἂν
1466 1077 1608 1146 ἐθέλῃ
1659 1080 1734 1129 καὶ
1785 1079 1886 1127 δια-

307 1159 565 1227 σκέψηται.

382 1243 704 1308 Τετριμμένον
750 1241 800 1293 δὲ
853 1241 1018 1309 ὥσπερ
1064 1248 1204 1294 τοῦτο
1255 1247 1321 1312 τῷ
1364 1247 1568 1312 πονηρῷ,
1613 1242 1688 1293 διὰ
1731 1241 1893 1305 πάσης

306 1323 470 1390 ὥσπερ
497 1323 642 1378 ἰόντες
668 1327 750 1389 τῆς
778 1325 1095 1376 θεοπνεύστου
1122 1328 1312 1394 γραφῆς
1344 1325 1620 1391 εὑρήσομεν.
1667 1323 1894 1390 πρόσεισι

309 1406 393 1469 μὲν
419 1406 513 1472 γὰρ
548 1409 595 1458 ἐν
622 1409 789 1475 ἀρχαῖς
824 1407 911 1471 τὴν
945 1412 1037 1458 τῶν
1069 1407 1343 1470 σεβομένων
1370 1407 1452 1458 τὸν
1480 1405 1604 1458 Θεον
1635 1405 1893 1472 δοκιμάζων
1920 1426 1964 1465 15

309 1488 518 1555 καρδίαν,
554 1491 630 1539 καὶ
667 1489 900 1556 πονηρους
938 1491 986 1540 ἐν
1020 1488 1224 1555 πρώτοις
1263 1490 1566 1555 κατασπείρει
1605 1488 1889 1555 λογισμοὺς,

310 1572 386 1621 καὶ
413 1575 513 1625 ταῖς
540 1576 602 1625 εἷς
628 1570 682 1622 τὸ
710 1575 901 1640 φαῦλον
928 1572 1112 1635 ἡδοναῖς
1146 1570 1265 1637 πρὸς
1297 1576 1393 1622 πᾶν
1420 1570 1538 1625 εἶδος
1565 1572 1684 1636 ἡμᾶς
1710 1570 1896 1637 ἐρεθίζει

311 1653 643 1716 πταισμάτων·
696 1653 913 1717 μάλιστα
952 1652 1001 1704 δὲ
1037 1652 1157 1719 πρὸς
1194 1655 1340 1704 ἐκεῖνο
1376 1654 1537 1705 πίπτει
1575 1653 1740 1720 βαρὺς,
1777 1653 1897 1719 πρὸς

266 1740 293 1782 b
313 1735 428 1801 ὅπερ
472 1735 531 1786 ἂν
573 1736 733 1804 βλέπῃ
782 1735 1174 1802 προπεπονθότας
1225 1737 1313 1800 ἤδη
1365 1738 1442 1787 καὶ
1491 1736 1894 1802 προηττωμένους.

311 1817 609 1884 συνεργάτην
648 1817 741 1885 γὰρ
786 1817 947 1885 ὥσπερ
989 1822 1090 1872 ταῖς
1130 1818 1295 1868 ἑαυτοῦ
1338 1819 1645 1883 δυστροπίαις
1686 1818 1758 1868 ἀεί
1797 1840 1898 1870 πως
1920 1839 1968 1863 20

313 1899 496 1967 δέχεται
529 1899 615 1964 τὴν
645 1900 874 1966 ἡμετέραν
906 1900 1167 1963 ἀσθένειαν,
1196 1901 1271 1950 καὶ
1305 1899 1360 1950 τὸ
1395 1902 1723 1966 προαδικῆσαν
1747 1900 1899 1952 πάθος

312 1980 396 2032 τὸν
436 1982 656 2048 ἡμέτερον
700 1988 826 2033 νοῦν·
883 1981 979 2033 οῖον
1023 1983 1137 2051 φέρε
1182 1986 1339 2044 εἰπεῖν,
1381 1988 1669 2049 παρενοχλεῖ
1708 1982 1793 2046 μὲν
1832 1985 1898 2051 τῷ

313 2065 425 2114 δεῖνι
462 2064 607 2131 τυχὸν
646 2065 721 2115 καὶ
761 2063 939 2131 θερμὴν
978 2063 1138 2129 ἐπάγει
1176 2064 1262 2127 τὴν
1297 2063 1526 2127 αἴσθησιν
1566 2063 1620 2114 τὸ
1659 2067 1741 2127 τῆς
1779 2086 1899 2129 σαρ-

313 2148 443 2209 κικῆς
488 2147 655 2210 ἡδονῆς
699 2145 1064 2212 βδελυρώτατον
1105 2146 1293 2210 κίνημα·
1350 2147 1492 2215 ἑτερω
1538 2145 1586 2196 δὲ
1630 2144 1684 2196 τὸ
1724 2147 1901 2211 κερδῶν

312 2227 547 2290 ἡττᾶσθαι
586 2231 756 2289 κακῶν,
783 2230 859 2277 καὶ
899 2227 1106 2277 ἀνόσιων
1142 2226 1399 2294 χρημάτων
1430 2227 1671 2293 πορισμὸν
1703 2227 1901 2293 ἄριστον
1920 2248 1968 2286 25

314 2306 428 2358 εἶναι
454 2310 583 2358 δοκεῖ
604 2332 704 2362 πως
729 2311 805 2359 καὶ
831 2314 970 2359 τοῦτο
994 2309 1247 2372 τετίμηται.
1302 2308 1415 2359 ὅταν
1441 2309 1523 2359 οὖν
1547 2308 1725 2376 προσίῃ
1751 2308 1895 2375 μαχό-

274 2410 297 2437 0
314 2412 467 2453 μενος,
493 2389 742 2441 σύνοπλον
768 2394 965 2441 ποιεῖται
1000 2389 1054 2440 τὸ
1091 2392 1434 2456 προκρατῆσαν
1458 2392 1506 2440 ἐν
1532 2390 1641 2454 ἡμῖν
1667 2393 1741 2441 καὶ
1776 2413 1894 2456 προ-

315 2475 601 2536 πολεμῆσαν
646 2471 811 2534 πάθος,
856 2473 931 2522 καὶ
982 2472 1038 2522 δι’
1086 2472 1258 2523 ἐκείνου
1308 2470 1496 2526 πάντως
1538 2472 1647 2536 ἡμῖν
1691 2471 1774 2523 τὸν
1818 2476 1901 2537 τῆς

315 2555 553 2608 ἀπωλείας
579 2558 848 2622 μηχανᾶται
874 2553 1065 2620 τρόπον.
1123 2553 1287 2620 ὥσπερ
1313 2552 1405 2620 γὰρ
1433 2554 1475 2604 εἴ
1504 2576 1573 2607 τις
1608 2558 1703 2605 τῶν
1728 2555 1901 2620 ἄριστα

313 2641 636 2704 πολεμαρχεῖν
663 2635 907 2698 εἰωθότων,
933 2634 1079 2687 πόλιν
1104 2635 1208 2686 τινὰ
1244 2635 1404 2705 κύκλῳ
1437 2635 1692 2703 περισχὼν,
1719 2638 1794 2686 καὶ
1826 2634 1901 2685 διὰ
1921 2655 1970 2689 30

314 2717 476 2782 πάσης
518 2721 732 2786 μηχανῆς
776 2721 1009 2769 εἰσελθεῖν
1047 2717 1347 2784 ἐπειγόμενος
1391 2719 1465 2769 ἐπὶ
1504 2717 1563 2768 τὰ
1601 2723 1683 2768 τοῦ
1721 2717 1901 2783 τείχους

367 2913 397 2935 1.
423 2902 540 2948 αὑτὸν]
560 2903 681 2938 ταύτὸν
698 2903 733 2938 b.
918 2914 949 2938 2.
976 2902 1126 2949 ἠνείχετο
1144 2914 1174 2937 c.
1358 2913 1416 2947 31.
1442 2902 1657 2947 ἐπειγόμενος
1674 2906 1899 2945 assumptum

316 2959 358 2982 ex
378 2948 420 2983 E.
