2001 3231
278 97 334 137 38
684 99 733 139 B.
768 98 1042 140 CYRILLI
1084 101 1468 142 ALEXANDR.
1697 102 1783 142 viii.
1805 102 1871 143 28.

55 217 134 251 521
147 216 198 251 A·
239 225 260 249 a
279 206 447 258 οὐκοῦν
473 208 668 274 ἐροῦμεν
695 209 1014 262 εὐδιαστόλως
1050 209 1231 260 ἕκαστα
1265 214 1359 260 τῶν
1385 210 1637 276 εἰρημένων
1663 212 1874 272 εὐσεβῶς
1998 156 2001 283 ἓ

280 289 703 344 ἀπολεπτύνοντες·
763 293 816 341 οὐ
869 292 1217 354 διαλελοίπατε,
1263 293 1401 360 φησὶ,
1447 298 1542 347 τοῖς
1592 295 1718 356 ἐμοῖς
1768 295 1868 344 ε’πι-
2000 285 2001 306 ¹

280 369 575 434 σκήπτοντες
619 373 784 438 ἔργοις,
832 375 894 426 ὡς
939 371 1147 426 ἐκτόπως
1196 396 1245 424 τε
1296 375 1370 425 καὶ
1423 375 1624 428 ἀνοσίως
1674 397 1869 441 γεγενη-

281 453 448 516 μένοις,
486 455 784 520 κατεκρίνατε
821 453 1060 507 πολλάκις
1099 456 1161 508 ὡς
1199 461 1488 521 παρανομεῖν
1527 457 1580 507 οὐ
1618 455 1875 522 παραιτού-

280 558 437 599 μενον,
489 538 552 589 ὡς
602 535 660 586 τὰ
711 536 957 604 ἀπᾴδοντα
1010 540 1077 606 τῷ
1134 536 1362 606 νομοθέτῃ
1419 540 1534 604 δρᾶν
1587 538 1869 602 εἰθισμένον.
1894 553 1916 592 5

281 616 492 668 ἀπέλυον
518 617 603 681 μὲν
627 617 720 684 γὰρ
751 621 834 683 τῆς
870 620 991 669 οὕτω
1026 624 1208 685 μακρᾶς
1244 621 1510 686 ἀῤῥωστιάς
1536 619 1620 671 τὸν
1644 618 1871 686 πάρετον,

282 699 452 763 ἠλέουν
479 700 730 767 ἄνθρωπον
756 702 804 751 ἐν
830 700 1084 770 σαββάτῳ.
1137 702 1247 752 ἀλλ’
1279 700 1403 765 ἰδὼν,
1431 704 1596 770 φησὶν,
1623 704 1698 753 ἐπὶ
1724 701 1875 771 τούτῳ

283 782 684 850 φιλεγκλήμονας,
711 781 820 836 τοὺς
852 782 1102 849 θαυμάζειν
1129 784 1423 852 ὀφείλοντας,
1451 787 1527 835 καὶ
1557 785 1684 835 πολύ
1709 807 1754 834 τι
1780 787 1876 834 τῶν

237 864 264 905 b
283 865 383 928 ἐμοὶ
418 863 695 930 πρεπόντων
722 865 1139 934 ἀπεσφαλμένους,
1166 864 1297 916 ἀλλά
1333 868 1408 917 καὶ
1446 866 1643 933 ἔναγχος
1679 867 1785 930 ὑμῖν
1816 864 1876 916 τὰ

281 945 402 1012 πρὸς
436 946 678 1013 σωτηρίαν
713 947 1063 1012 εἰσηγούμενος,
1090 949 1165 998 καὶ
1199 947 1404 1014 βαδίζειν
1436 948 1678 999 ἀνέπειθον
1712 949 1786 999 ἐπὶ
1820 946 1874 998 τὸ
1899 971 1946 995 10

281 1027 548 1089 βούλεσθαι
582 1033 840 1096 μετασχεῖν
867 1027 1040 1097 φωτός.
1097 1027 1197 1081 εἶτα
1222 1029 1276 1080 τὸ
1305 1035 1408 1098 φῶς
1435 1032 1540 1094 ὑμῖν
1566 1031 1621 1081 τὸ
1647 1029 1876 1095 ἀληθινὸν

282 1111 585 1161 ἐπεδείκνυον·
629 1111 715 1175 τὴν
749 1111 842 1177 γὰρ
880 1113 1082 1175 ἐμαυτοῦ
1123 1111 1275 1180 φύσιν
1310 1112 1635 1180 ἐξηγούμενος,
1662 1113 1877 1180 ἔφασκον

58 1183 128 1257 32¹1?
130 1193 196 1256 Γῗ,
284 1199 310 1221 “
329 1193 459 1259 Ἐγώ
486 1196 577 1256 εἰμι
603 1192 656 1244 τὸ
685 1197 788 1262 φῶς
813 1199 897 1244 τοῦ
923 1192 1148 1257 κόσμου,”
1170 1196 1295 1257 ὑμεῖς
1323 1194 1371 1244 δὲ
1397 1193 1545 1245 πάλιν
1572 1192 1877 1255 ἀβουλότατα

283 1277 483 1341 δρῶντες
529 1278 606 1325 καὶ
652 1276 947 1340 βουλόμενοι,
986 1280 1082 1326 τῶν
1117 1277 1241 1339 ἐμῶν
1280 1275 1654 1344 κατεξανέστητε
1696 1275 1872 1341 λόγων,

60 1363 179 1403 Ib·13·
284 1356 451 1420 ἀνέδην
492 1359 635 1408 εἰπεῖν
676 1358 997 1422 τετολμήκατε
1037 1365 1064 1387 “
1090 1359 1156 1409 ‘H
1203 1358 1435 1424 μαρτυρία
1479 1381 1571 1409 σου
1616 1359 1700 1408 οὐκ
1745 1357 1877 1408 ἔστιν
1900 1378 1946 1415 15

246 1438 567 1503 Ο“ἀληθής.”
623 1438 736 1490 ὅταν
781 1440 863 1490 οὖν
909 1439 1139 1508 ὑψώσητε
1185 1438 1267 1490 τὸν
1307 1439 1426 1490 Υὶὸν
1467 1445 1550 1490 τοῦ
1602 1440 1873 1505 ἀνθρώπου,

282 1520 542 1585 τουτέστιν,
582 1521 695 1572 ὅταν
734 1521 876 1573 αὐτὸν
913 1526 1254 1589 περιβαλεῖσθε
1299 1520 1501 1591 θανάτῳ,
1543 1523 1619 1572 καὶ
1661 1526 1756 1572 τῶν
1793 1527 1877 1572 τοῦ

283 1601 488 1654 θανάτου
528 1606 719 1667 δεσμῶν
758 1604 1000 1671 κρείττονα
1038 1603 1262 1667 βλέπητε·
1320 1602 1656 1667 ἀναστήσομαι
1695 1602 1789 1670 γὰρ
1826 1605 1877 1654 ἐκ

284 1689 473 1751 νεκρῶν,
497 1686 684 1752 ἐπείπερ
710 1689 799 1749 εἰμὶ
826 1685 946 1737 κατὰ
972 1684 1123 1754 φύσιν
1151 1684 1284 1739 Θεός·
1314 1685 1420 1736 τότε
1446 1685 1708 1750 γνώσεσθέ
1724 1690 1877 1754 φησιν

285 1766 357 1818 ὅτι
386 1764 497 1818 οὐδὲν
523 1771 607 1819 ἀπ’
632 1769 821 1837 ἐμαυτοῦ
852 1767 966 1819 ποιῶ
999 1767 1136 1819 ἀλλα
1174 1766 1320 1823 καθεὶς
1357 1764 1544 1836 ἐδίδαξε]
1572 1791 1631 1835 με
1663 1774 1680 1819 ὁ
1711 1766 1874 1837 Πατὴρ,
1898 1794 1947 1818 20

288 1848 394 1900 οὕτω
432 1849 584 1900 λαλῶ.
638 1849 919 1914 μαθήσεσθε
961 1849 1054 1916 γὰρ
1095 1849 1208 1901 ὅταν
1246 1850 1371 1913 ’ίδητε
1412 1848 1532 1900 κατὰ
1574 1849 1724 1917 φύσιν
1763 1849 1877 1901 ὅντα

287 1930 412 1982 Θεὸν
450 1934 526 1982 καὶ
558 1931 689 1994 Υὶὸν,
731 1934 794 1986 ὡς
833 1934 922 1996 εἰμὶ
963 1932 1047 1994 μὲν
1086 1932 1378 1998 ἰδιογνώμων
1417 1933 1644 1995 οὐδαμῶς,
1677 1936 1874 1984 συνεθε-

285 2012 432 2078 λητὴς
470 2012 518 2064 δὲ
558 2016 626 2064 ἀεὶ
665 2017 732 2083 τῷ
765 2017 874 2083 Θεῷ
911 2016 985 2065 καὶ
1015 2017 1188 2079 Πατρὶ,
1218 2016 1293 2064 καὶ
1329 2013 1511 2080 ὅσαπερ
1544 2013 1602 2064 ἂν
1635 2013 1878 2081 ἐργάζοιτο

239 2100 265 2141 d
285 2101 434 2146 ταῦτα
468 2098 541 2146 καὶ
579 2095 717 2149 αὐτὸς
752 2101 901 2147 ποιεῖν
925 2097 1008 2147 οὐκ
1035 2097 1199 2158 ὀκνῶν,
1227 2099 1394 2146 λαλῶν
1421 2095 1470 2146 δὲ
1503 2094 1652 2147 πάλιν
1680 2096 1775 2147 ὅσα
1802 2099 1878 2147 καὶ

285 2177 426 2228 αὐτὸν
452 2176 554 2228 οἶδα
585 2178 806 2243 λέγοντα.
859 2181 941 2242 τῆς
977 2176 1072 2244 γὰρ
1108 2179 1249 2241 αὐτῆς
1286 2178 1450 2231 οὐσίας
1485 2181 1574 2241 εἶμι
1608 2182 1674 2247 τῷ
1711 2178 1875 2244 γεννή-
1899 2204 1946 2243 25

285 2282 442 2309 σαντι.
495 2259 776 2326 ἐθεράπευον
801 2260 886 2323 μὲν
912 2259 1005 2326 γὰρ
1032 2263 1099 2328 τῷ
1124 2258 1363 2328 σαββάτῳ
1389 2258 1474 2310 τὸν
1499 2257 1721 2325 πάρετον,
1753 2262 1878 2323 ὑμεῖς

285 2340 334 2391 δὲ
360 2340 510 2392 πάλιν
537 2343 612 2392 ἐπὶ
635 2340 786 2410 τούτῳ
815 2341 1043 2392 διέκεισθε
1068 2346 1261 2407 πικρῶς,
1281 2342 1391 2391 ἀλλ’
1412 2340 1602 2407 ἐνεργὸν
1629 2343 1735 2405 ὑμῖν
1763 2341 1873 2393 ὑπέ-

61 2419 168 2501 ῗζξηῃ
184 2428 213 2448 v.
285 2423 416 2492 δειξα
447 2422 529 2474 τὸν
557 2422 749 2489 Πατέρα
775 2425 852 2474 καὶ
878 2425 926 2473 ἐν
952 2422 1209 2492 σαββάτῳ·
1251 2422 1421 2489 ἐ’λεγον
1448 2422 1540 2488 γάρ
1568 2430 1593 2452 “
1613 2423 1677 2473 ‘O
1707 2421 1877 2490 Πατήρ

331 2540 365 2576 6.
391 2541 538 2586 πάρετον
556 2540 598 2576 Β.
618 2540 738 2575 Holst.
756 2541 953 2585 παράλυτον
971 2540 1065 2574 Aul).
1162 2541 1194 2575 S.
1220 2540 1299 2576 τοὺς
1317 2540 1495 2584 θαυμάζειν
1512 2540 1717 2586 ὀφείλοντας
1737 2540 1801 2575 Ht.
1817 2543 1878 2574 τοῦ

285 2587 463 2632 θαυμάζειν
481 2587 705 2633 ε’γκλήνοντιις
723 2588 927 2633 ὀφείλοντας
948 2587 988 2620 Β.
1008 2590 1068 2621 τοῦ
1086 2586 1265 2631 θαυμάζειν
1282 2588 1483 2633 ὀφείλοντος
1501 2588 1594 2621 Aub.
1737 2599 1770 2632 9.
1795 2587 1878 2622 ἀπε-

285 2635 508 2679 σφαλμένους
528 2635 568 2668 B.
588 2635 828 2679 ἐσφαλμένους
848 2634 910 2668 Ht.
931 2633 998 2668 Ed.
1122 2645 1175 2667 12.
1203 2635 1413 2668 ἐπεδείκνυον
1432 2634 1474 2668 Β.
1494 2634 1708 2668 ὑπεδείκνυον
1727 2635 1790 2668 Ht.
1810 2634 1877 2669 Ed.

288 2682 341 2716 18.
367 2681 520 2726 δεσμῶν]
541 2680 685 2726 κέντρων
703 2694 733 2715 a.
895 2692 950 2714 21.
977 2681 1043 2726 γὰρ
1064 2680 1106 2714 Β.
1125 2681 1160 2714 δὲ
1184 2680 1246 2715 Ht.
1265 2681 1333 2714 Ed.
1501 2692 1557 2725 23.
1583 2681 1635 2714 ἀεὶ
1653 2687 1879 2725 assumptum

285 2738 327 2760 ex
348 2727 424 2762 B.a.
648 2740 702 2770 24.
729 2728 834 2762 ὀκνῶν
856 2727 895 2761 Β.
914 2727 1000 2761 ὀκνῶ
1022 2727 1084 2761 Ht.
1105 2727 1172 2761 Ed.
1236 2727 1363 2761 Statim
1380 2729 1498 2761 λαλῶν
1517 2728 1592 2762 B.a.
1611 2729 1707 2761 λαλῶ
1728 2727 1790 2761 Ht.
1811 2726 1878 2761 Ed.

286 2781 342 2815 ²5·
363 2775 464 2817 αὐτῆς
481 2775 599 2809 οὐσίας
616 2774 683 2808 hoc
701 2774 822 2809 ordine
842 2774 917 2808 Bal.
1003 2775 1230 2819 γεγεννηκότι·
1259 2775 1471 2818 ἐθεράπευσα
1489 2786 1518 2808 a.
1730 2772 1785 2807 26.
1810 2774 1877 2818 γὰρ

284 2827 508 2864 assumptum
535 2832 575 2853 ex
605 2821 679 2854 Bau
761 2823 808 2866 τῷ
827 2821 996 2866 σαββάτῳ
1017 2820 1197 2866 [σαβατων
1217 2820 1324 2866 Cod.]
1348 2821 1422 2855 ss.a.
1442 2821 1525 2855 κατὰ
1549 2822 1587 2854 τὸ
1612 2821 1791 2861 σάββατον
1810 2819 1876 2853 Ed.

283 2866 431 2910 πάρετον
452 2867 525 2900 B.a.
544 2868 741 2910 παράλυτοι)
761 2868 827 2901 Ed.
962 2878 1017 2912 27.
1044 2868 1099 2902 ἐπὶ
1116 2867 1224 2914 τούτῳ
1243 2867 1409 2902 διέκεισθε
1432 2867 1507 2901 B.a.
1526 2868 1611 2911 πρὸς
1627 2869 1728 2900 τοῦτο
1745 2866 1877 2901 ἕκεισθε

288 2911 352 2946 Ht.
370 2914 456 2957 πρὸς
473 2915 573 2946 τοῦτο
593 2913 763 2948 διάκεισθε
783 2926 801 2947 e
821 2914 897 2948 Cat.
921 2914 1021 2947 Harl.
1041 2914 1240 2949 emendavit
1257 2914 1352 2948 Aub.
