2011 3266
274 142 358 181 280
676 142 726 182 B.
760 142 1035 183 CYRILLI
1076 143 1455 184 ALEXANDR.
1631 143 1685 184 xi.
1705 156 1773 198 33,
1792 156 1858 197 34.

274 252 357 313 τῆς
388 250 639 315 ἑνωθείσης
676 252 794 318 αὐτῇ
832 251 1050 316 θεότητος
1085 254 1167 303 οὐκ
1203 254 1462 319 ἐνεγκοῦσα
1497 253 1680 316 κίνημα,
1707 251 1861 318 τρέμει

229 344 255 385 (1
276 354 324 382 τε
351 335 425 383 καὶ
453 332 660 399 θορύβου
685 332 945 384 πλάττεται
978 337 1162 402 σχῆμα.
1217 340 1354 386 τοῦτο
1390 333 1482 400 γὰρ
1518 332 1644 397 οἶμαι
1678 334 1857 398 σημαί-

275 435 369 464 νειν
413 412 467 465 τό
511 414 748 484 Ἐτοίροιξεν
794 417 956 467 ἑαυτόν·
1015 421 1115 470 πῶς
1166 416 1259 482 γὰρ
1312 415 1370 467 ἂν
1420 416 1584 481 ἑτέρως
1635 417 1860 484 ὑπομείνῃ

276 494 513 561 θόρυβον;
569 497 924 563 ταραχθήσεται
967 497 1116 562 γεμὴν
1155 498 1273 549 κατὰ
1314 499 1416 549 τίνα
1459 498 1635 565 τρόπον
1674 499 1701 562 ἡ
1741 497 1854 549 ἀθό-

275 584 428 632 λωτος
459 580 528 629 ἀεὶ
564 581 638 629 καὶ
672 584 956 644 γαληνιῶσα
984 579 1162 648 φύσις,
1207 582 1471 644 ἐπιτιμᾶται
1497 581 1652 631 τοίνυν
1675 581 1702 644 ἡ
1730 579 1861 649 σὰρξ
1878 593 1899 631 5

276 659 351 710 διὰ
389 666 471 711 τοῦ
510 661 788 724 πνεύματος,
812 660 871 711 τὰ
906 661 1021 728 ὑπὲρ
1056 662 1206 730 φύσιν
1238 664 1357 713 ἰδίαν
1390 661 1704 726 διδασκομένη
1741 667 1860 731 φρο-

277 747 382 792 νεῖν.
440 741 516 792 διὰ
542 742 635 809 γάρ
662 766 733 793 τοι
760 749 899 794 τοῦτο
930 743 1121 809 γε’γονεν
1148 746 1196 795 ἐν
1223 747 1380 811 σαρκὶ,
1405 749 1597 807 μᾶλλον
1624 744 1671 794 δὲ
1705 743 1856 812 σὰρξ,

277 825 301 874 ὁ
340 824 496 875 πάντα
536 824 716 892 ἰσχύων
755 832 838 876 τοῦ
875 829 1000 876 Θεοῦ
1033 826 1204 892 Λόγος,
1240 827 1315 877 ἵνα
1353 831 1452 879 ταῖς
1491 826 1736 892 ἐνεργείαις
1777 831 1860 876 τοῦ

277 907 393 957 ἰδίου
419 906 695 971 πνεύματος,
722 906 805 960 τὰς
832 907 915 969 μὲν
942 911 1024 972 τῆς
1051 907 1231 974 σαρκὸς
1257 909 1502 961 ἀσθενείας
1529 907 1758 975 νευρώσῃ,
1785 909 1860 958 καὶ

237 1011 259 1036 e
277 989 594 1055 γεωδεστέρου
621 988 923 1056 φρονήματος
950 989 1211 1059 ἀπαλλάξῃ
1237 990 1323 1055 τὴν
1350 990 1513 1058 φύσιν,
1530 989 1860 1057 ἀναμορφώσῃ
1884 1009 1932 1035 10

276 1069 325 1120 δὲ
364 1070 526 1137 ὥσπερ
565 1074 628 1125 εἰς
665 1071 784 1135 μόνα
824 1071 883 1121 τὰ
919 1076 1146 1123 δοκοῦντα
1179 1077 1300 1142 Θεῷ.
1353 1074 1519 1123 οὐκοῦν
1554 1070 1743 1136 νόσημα
1775 1070 1862 1135 μὲν

275 1153 466 1221 φύσεως
506 1154 816 1219 ἀνθρωπίνης,
850 1153 903 1204 τὸ
941 1158 1272 1220 τυραννεῖσθαι
1311 1160 1411 1208 ταῖς
1450 1153 1634 1206 λύπαις·
1688 1176 1861 1218 καταρ-

273 1240 421 1300 γεῖται
448 1234 497 1286 δὲ
524 1238 598 1286 καὶ
627 1242 767 1287 τοῦτο
800 1235 918 1299 μετὰ
948 1241 1043 1287 τῶν
1070 1237 1236 1287 ἄλλων
1263 1238 1311 1287 ἐν
1336 1236 1508 1305 πρώτῳ
1534 1239 1755 1303 Χριστῷ,
1785 1236 1860 1286 ἵνα

273 1319 349 1368 καὶ
375 1321 438 1372 εἰς
464 1319 584 1382 ἡμᾶς
611 1321 768 1386 διαβῇ.

338 1398 411 1451 ..H
441 1402 562 1451 οὕτω
599 1402 787 1464 νοητεόν
819 1401 872 1452 τό
904 1404 1247 1469 Ἐνεβριμήσ-ατο
1284 1407 1344 1471 τῷ
1379 1400 1597 1469 πνεύματι
1636 1405 1713 1452 καὶ
1751 1401 1854 1452 ἑταί-
1883 1420 1929 1458 15

273 1482 395 1552 ραΞεν
423 1483 584 1540 ἑαυτὶν,
613 1484 715 1533 ἀντὶ
741 1489 823 1534 τοῦ
852 1483 1164 1547 Κεκινημένος
1191 1487 1251 1536 εἰς
1279 1481 1414 1533 ἐ’λεον
1441 1484 1490 1533 ἐκ
1517 1488 1599 1533 τοῦ
1627 1485 1860 1548 δακρῦσαι

272 1563 502 1625 πολλοὺς,
541 1565 800 1615 ἐνετείλατο
838 1565 1015 1631 τρόπον
1053 1563 1157 1615 τινὰ
1195 1569 1261 1633 τῷ
1301 1566 1399 1634 ἰδίῳ
1437 1565 1665 1626 πνεύματι
1710 1587 1855 1615 κατα-

272 1649 492 1698 παλαιέιν
531 1651 606 1697 καὶ
644 1646 737 1713 πρὸ
777 1653 940 1714 καιροῦ
984 1647 1067 1698 τὸν
1107 1646 1309 1697 θάνατον
1349 1649 1424 1697 καὶ
1467 1648 1738 1709 ἀναστῆσαι
1776 1646 1858 1696 τὸν

273 1727 505 1794 Λάζαρον.
558 1730 640 1779 οὐκ
680 1731 742 1783 ὡς
781 1731 966 1794 ἀγνοῶν
1000 1730 1048 1780 δὲ
1086 1731 1234 1793 ε’ρωτᾶ
1267 1731 1357 1780 Ποῦ
1391 1728 1613 1780 τεθείκατε
1649 1732 1788 1779 αὐτόν·
1833 1730 1857 1778 ὁ

271 1809 362 1877 γὰρ
399 1813 466 1862 ἐπ’
495 1813 776 1875 ἀλλοδαπῆς
811 1810 877 1861 ὧν
905 1814 981 1862 καὶ
1017 1810 1147 1865 εἰδὼς
1183 1811 1254 1861 ὅτι
1274 1802 1491 1874 τέθνηκε,
1516 1815 1616 1864 πῶς
1649 1809 1857 1874 ἠγνόησε
1879 1835 1928 1860 20

270 1892 324 1943 τὸ
359 1897 553 1956 μνῆμα;
600 1893 726 1959 λε’γει
765 1893 811 1944 δὲ
851 1894 997 1948 οὕτως
1036 1896 1099 1947 ὡς
1137 1894 1484 1961 ἀφιλόκομπος·
1528 1894 1580 1943 οὐ
1613 1893 1706 1956 μὴν
1734 1890 1858 1944 εἶπεν

262 1974 491 2041 ”Αγωμεν
542 1979 604 2029 εἰς
653 1974 706 2026 τὸ
758 1981 996 2040 μνημεῖον,
1047 1977 1190 2042 ἐγερῶ
1240 1973 1334 2042 γὰρ
1385 1975 1541 2034 αὐτὸν,
1585 1978 1622 2025 εἰ
1673 1976 1747 2025 καὶ
1798 1974 1858 2025 τὰ
1899 2009 1904 2010 ⁷

270 2056 486 2121 μάλιστα
535 2057 589 2108 τὸ
641 2059 875 2124 ἐρωτῆσαι
926 2059 1086 2120 οὕτως,
1131 2056 1305 2121 ταύτην
1350 2057 1442 2125 ε”χει
1493 2055 1579 2120 τὴν
1623 2057 1850 2124 ἔμφασιν.

272 2139 398 2202 ὅμως
436 2142 512 2190 καὶ
550 2145 689 2191 τοῦτο
734 2140 889 2202 εἰπὼν,
927 2139 1143 2192 πολλοῦς
1182 2138 1513 2205 παρεσκεύασε
1556 2138 1856 2205 προβαδίζειν

320 2256 351 2279 2.
383 2245 578 2289 θορυβεῖται
607 2257 671 2290 pro
700 2246 850 2290 θορύβου
880 2246 1065 2280 πλάττεται
1095 2247 1213 2290 σχῆμα
1242 2251 1267 2279 t.
1357 2243 1491 2289 σχῆμα]
1517 2248 1553 2284 -l-
1575 2245 1628 2278 καὶ
1658 2244 1854 2289 συγχέεται.

269 2292 392 2327 πένθος
411 2295 476 2337 γὰρ
499 2290 589 2326 οἶδεν
605 2292 832 2337 ἀναρριπιζειν
851 2292 909 2334 (cf.
937 2292 971 2325 S
993 2291 1360 2337 (11138-1-⁰·P·316
1378 2292 1410 2335 e)
1432 2291 1507 2325 Cat.
1530 2291 1628 2324 Harl.
1649 2291 1715 2324 Ed.
1736 2292 1853 2326 invitis

270 2350 301 2373 a.
306 2350 335 2372 c.
339 2339 373 2372 k.
377 2351 424 2371 m.
428 2345 452 2372 t.
474 2338 581 2372 Cord.
678 2340 833 2382 σημαίνει
851 2350 914 2382 pro
933 2336 1022 2381 οἶμαι
1042 2338 1215 2396 σημαίνειν
1233 2344 1257 2372 t.
1478 2349 1511 2382 3.
1538 2336 1675 2382 ἑτέρως]
1695 2338 1809 2372 ἄλλως
1827 2344 1851 2372 t.

270 2385 431 2429 υπομείνῃ
449 2391 473 2419 t.
494 2385 570 2418 Cat.
592 2385 691 2418 Harl.
712 2385 776 2419 Ed.
795 2385 995 2427 ὑπομείνοι
986 2397 1015 2418 a.
1020 2385 1054 2419 k
1058 2385 1297 2426 Π1.υπομεῖναι
1317 2396 1346 2419 C.
1367 2383 1474 2418 Cord.
1674 2397 1707 2426 4.
1735 2384 1770 2417 δέ
1789 2396 1852 2429 pro

269 2432 375 2477 γεμὴν
392 2438 416 2465 t.
482 2433 564 2466 κατά
582 2446 654 2465 τινα
668 2431 744 2476 (sed
762 2432 864 2475 male)
879 2438 935 2465 t.c.
951 2431 1057 2465 Cord.
1122 2431 1282 2466 ἀνάδοτος
1299 2443 1362 2475 pro
1379 2431 1551 2466 ἀθόλωτος
1568 2437 1594 2465 t.
1673 2440 1706 2475 5.
1725 2430 1850 2476 φύσις]

275 2482 312 2519 —l-
333 2479 440 2523 ἶίπαγε
461 2478 566 2512 Cord.
632 2479 809 2522 ε’πετιμᾶτο
828 2490 857 2512 c.
878 2478 985 2512 Cord.
1142 2489 1175 2521 9.
1201 2477 1298 2524 ἁγίου
1315 2489 1377 2522 pro
1395 2478 1480 2511 ἰδίου
1498 2490 1545 2511 m.
1610 2476 1779 2522 νευρὼσῃ]
1801 2493 1852 2511 νε-

269 2528 385 2569 κρώσῃ
405 2526 491 2559 male
510 2537 539 2559 e.
560 2525 666 2559 Cord.
779 2536 832 2559 11.
858 2524 1034 2569 δοκοῦντα]
1059 2529 1093 2564 4
1115 2527 1162 2570 τῷ
1180 2536 1211 2559 a.
1276 2524 1352 2569 μὲν]
1377 2529 1413 2564 -1-
1434 2526 1492 2568 τῆς
1510 2537 1539 2558 c.
1561 2523 1667 2558 Cord.
1690 2528 1727 2564 4-
1747 2523 1787 2567 ἧν
1804 2536 1852 2559 m.

274 2583 326 2606 12.
352 2571 438 2616 πρὸς
456 2584 518 2616 pro
536 2574 608 2608 ταῖς
625 2584 654 2606 c.
674 2571 781 2606 Cord.
850 2573 1063 2616 καταργεῖται
1081 2572 1235 2605 a.c.k.1n.
1256 2571 1363 2605 Cord.
1381 2573 1548 2614 κρατεῖται
1567 2570 1645 2604 Cat.
1667 2570 1765 2604 Harl.
1786 2570 1852 2606 Ed.

273 2628 397 2663 15—p.
414 2619 491 2661 281,
510 2628 543 2661 5.
572 2619 668 2652 Haec
687 2624 868 2662 assumpta
885 2630 925 2652 ex
944 2619 1065 2652 a.k.m.
1200 2627 1310 2662 15—19
1329 2618 1470 2652 exhibet
1488 2626 1521 2651 et
1539 2617 1615 2651 Cat.
1637 2617 1735 2651 Harl.
1754 2629 1852 2660 prae-

268 2665 415 2699 termisit
433 2672 471 2699 ut
489 2665 560 2699 vid.
579 2665 673 2700 Aub.
738 2665 830 2699 Ἀντὶ
848 2668 953 2699 rofi-—
956 2666 1107 2708 Λάζαρον
1124 2665 1263 2699 exhibet
1287 2678 1304 2699 e
1329 2665 1483 2698 vacario
1503 2664 1586 2706 Mai,
1604 2663 1699 2697 unde
1718 2664 1852 2706 Migne.

273 2722 326 2754 15.
343 2711 413 2757 'H]
438 2717 474 2751 -l-
497 2713 549 2746 καὶ
567 2725 615 2746 m.
680 2712 733 2745 καὶ
750 2712 942 2755 ἐτάραξεν’
927 2713 1044 2745 εαυτὸν
1062 2723 1131 2745 om.
1152 2711 1229 2746 Cat.
1251 2712 1349 2745 Harl.
1450 2711 1502 2744 18.
1526 2713 1586 2745 τοῦ
1604 2710 1746 2744 θανάτου
1766 2710 1850 2744 Mai.

332 2770 406 2804 s.qq
427 2770 475 2792 el
464 2759 618 2792 Mac-ario
636 2758 775 2792 exhibet
796 2759 868 2792 Mai
885 2758 979 2792 unde
998 2758 1132 2803 Migne.
1255 2769 1339 2802 19-7.
1348 2769 1377 2791 1.
1406 2757 1442 2791 S.
1458 2757 1553 2802 Chry
1557 2763 1712 2791 sostomo
1729 2756 1850 2790 tribuit

269 2770 346 2838 C9at.
369 2805 465 2838 Harl.
486 2805 546 2839 sed
565 2817 678 2839 erroxe
696 2811 736 2839 ut
753 2804 902 2839 videtur.
1011 2815 1067 2839 20.
1092 2808 1163 2839 πῶς
1178 2802 1218 2838 ἂν
1235 2803 1380 2849 ἠγνόησε
1399 2816 1444 2838 m.
1466 2804 1552 2838 Mai.
1658 2815 1712 2837 21.
1738 2804 1849 2846 μνῆμα

267 2851 352 2884 k.m.
374 2851 450 2885 Cat.
472 2851 571 2885 Han.
592 2851 675 2886 Mai.
693 2854 852 2895 μνημεῖον
869 2863 899 2885 a.
964 2850 1045 2897 μὴν]
1069 2855 1106 2891 -1-
1127 2851 1164 2885 δέ
1182 2863 1228 2885 m.
1250 2852 1334 2884 Mai.
1426 2861 1551 2894 22———p.
1567 2849 1644 2890 281,
1663 2860 1696 2894 5
1717 2849 1848 2882 Paltim

265 2902 299 2930 et
316 2897 351 2930 in
371 2897 446 2931 Cat.
467 2898 564 2932 Harl.
585 2898 645 2932 sed
663 2898 908 2944 anepigrapha.
1088 2909 1144 2932 22.
1170 2899 1211 2932 τὰ
1228 2899 1378 2941 μάλιστα
1396 2898 1434 2931 τὸ
1454 2897 1620 2942 ἐρωτῆσαι
1638 2907 1684 2929 m.
1706 2895 1789 2929 Nik.
1808 2896 1847 2928 τὸ

265 2944 416 2986 μάλιστα
436 2944 603 2988 ἐρωτῆσαι
624 2945 709 2979 Mai.
