2016 3246
891 626 1211 675 ΚΕΦΑΛΗ
1269 627 1327 675 Α.

305 790 402 835 “Ort
430 791 498 833 οὐκ
527 792 568 833 ἐκ
596 791 915 845 προγενεστέρων
936 794 1002 843 τῆς
1029 795 1163 846 ψυχῆς
1191 791 1476 844 ἁμαρτημάτων
1501 794 1547 833 τὰ
1575 791 1775 842 σωματικά
1802 808 1906 833 τισιν

429 872 708 923 ἐπισυμβαίνει
742 872 859 922 πάθη,
895 873 985 912 ἀλλ’
1017 873 1106 913 οὐδὲ
1142 873 1331 923 ἁμαρτίας
1366 871 1542 924 πατέρων
1578 872 1715 924 ἐπάγει
1750 872 1854 913 τισὶν
1884 873 1905 912 ὁ

266 950 294 990 b
429 952 549 1002 Θεὸς,
580 951 668 994 τοὺς
698 952 810 992 οὐδὲν
840 951 1106 1003 ἡμαρτηκότας
1137 952 1326 1002 κολάζων,
1355 952 1460 992 ἀλλὰ
1491 952 1640 992 δίκαιον
1668 950 1731 1004 ἐφ’
1758 951 1907 992 ἅπασιν

429 1031 588 1084 ἐκφέρει
619 1031 662 1071 τὸ
694 1034 820 1083 κρῖμα.
1926 1039 1948 1076 5

273 1201 292 1225 2
318 1181 392 1223 Καὶ
442 1180 673 1238 ἠρώτΗοαν
719 1180 849 1223 αὐτὸν
898 1179 937 1222 οἷ
986 1181 1174 1229 mourut
1222 1180 1351 1222 αὐτοῦ
1402 1181 1598 1227 λεὶ-οντες
1640 1179 1802 1231 Ῥαββί,
1844 1179 1907 1221 τίς

382 1269 586 1324 ἥμαρτεν,
635 1265 761 1308 οὗτος
811 1265 836 1307 ιῖ
886 1264 924 1306 οἷ
975 1263 1112 1313 Γονεῖε
1162 1265 1307 1316 αὐτοῦ,
1356 1264 1425 1305 ἵνα
1480 1265 1643 1320 τυφλὸς
1699 1268 1907 1322 ΓεννΗθᾷ;

271 1370 293 1405 3
381 1350 593 1407 ἀπεκρίθΗ
620 1350 643 1391 ὁ
669 1349 838 1391 ἸΗσοῡε
866 1349 976 1390 Οὔτε
1004 1346 1129 1390 οὗτος
1165 1349 1355 1404 ἥμαρτεν
1383 1348 1482 1389 οὔτε
1517 1345 1555 1388 οἱ
1591 1343 1727 1394 soweie
1762 1346 1907 1397 αὐτοῦ,

381 1433 470 1474 ἀλλ’
515 1434 583 1474 ἵνα
623 1437 860 1491 φανερωθῇ
899 1433 949 1474 τὰ
988 1433 1091 1489 ἔργα
1129 1436 1203 1473 τοῦ
1243 1431 1354 1472 Θεοῦ
1393 1432 1437 1472 ἐν
1477 1431 1607 1485 αὐτῷ.

275 1609 297 1636 c
388 1590 951 1639 ΧΡΗΣΤΟΜΑΘΕΙΣ
977 1586 1062 1651 μὲν
1088 1588 1164 1637 καί
1191 1587 1302 1637 λίαν
1328 1587 1535 1638 ἐπιεικῶς
1562 1588 1605 1635 οἱ
1632 1582 1906 1652 σοφώτατοι
1932 1610 1979 1634 10

314 1671 536 1733 μαθηταὶ,
577 1674 769 1734 μᾶλλον
812 1668 859 1720 δὲ
901 1670 985 1720 οὐκ
1030 1671 1153 1720 ἀθεεὶ
1195 1667 1315 1734 πρὸς
1355 1667 1409 1718 τὸ
1453 1665 1720 1728 βούλεσθαι
1760 1671 1908 1716 ταῦτα

314 1755 480 1814 μαθεῖν
518 1751 930 1818 παρωρμήθησαν,
973 1753 1049 1802 καί
1098 1754 1483 1818 φιλοπευστοῦσι
1528 1747 1777 1815 χρησίμως
1820 1747 1908 1814 οὐχ

313 1833 494 1886 ἑαυτοῖς
532 1838 780 1895 τοσοῦτον,
820 1833 939 1884 ὅσον
977 1833 1088 1896 ἡμῖν
1128 1830 1214 1895 τὴν
1252 1833 1462 1882 ἐντεῦθεν
1500 1829 1668 1892 ὄνησιν
1705 1827 1902 1897 ἐξαρτύ-

314 1933 459 1969 οντες·
504 1914 821 1983 ὠφελούμεθα
846 1914 940 1981 γὰρ
967 1915 1022 1965 οὐ
1046 1913 1256 1980 μετρίως,
1281 1912 1413 1979 παρὰ
1439 1917 1522 1963 τοῦ
1548 1910 1706 1962 πάντα
1732 1907 1908 1964 εἰδότος

314 1998 391 2046 καὶ
425 1995 512 2060 τὴν
543 1998 591 2047 ἐν
620 1996 802 2050 τούτοις
837 1998 995 2060 ἀληθῆ
1030 1996 1178 2064 δόξαν
1204 1993 1505 2061 ἀκροώμενοι,
1533 1995 1609 2043 καὶ
1643 1991 1762 2058 πρὸς
1796 1990 1904 2042 τού-
1930 2011 1978 2050 15

314 2101 410 2132 τοις
446 2079 512 2129 ἑτι
546 2079 799 2144 βδελυρίας
833 2077 1067 2147 ἐξιτήλων
1094 2078 1347 2142 δογμάτων
1373 2073 1755 2141 ἀποκρουόμενοι,
1782 2072 1813 2124 ἃ
1842 2071 1908 2136 μὴ

315 2160 446 2227 παρὰ
481 2159 638 2224 μόνοις
673 2159 731 2225 ἧν
754 2160 1011 2222 Ἰουδαίοις,
1038 2157 1170 2209 ἀλλὰ
1207 2160 1282 2208 καὶ
1318 2158 1407 2222 ἤδη
1441 2156 1561 2210 τινὲς
1596 2157 1673 2206 καὶ
1707 2159 1802 2206 τῶν
1835 2156 1909 2205 ἐπὶ

316 2242 494 2307 γνώσει
518 2244 602 2305 τῆς
635 2240 954 2293 θεοπνεύστου
989 2243 1181 2308 γραφῆς
1214 2238 1466 2308 ἀφορήτως
1501 2235 1905 2306 ἐξωφρυωμένων,

273 2329 301 2370 (1
319 2325 394 2374 καὶ
416 2322 679 2374 δοκούντων
698 2327 850 2373 τελεῖν
866 2326 928 2375 εἰς
949 2319 1282 2387 Χριστιανοὺς,
1305 2318 1651 2383 ἁπετόλμησαν
1671 2322 1827 2380 εἰπεῖν,
1847 2319 1910 2371 ὡς

319 2406 451 2455 ἐστὶν
476 2402 661 2468 ἀληθὲς,
689 2408 790 2458 ταῖς
817 2404 952 2456 ἰδίαις
978 2407 1169 2466 μᾶλλον
1196 2400 1541 2467 εὑρεσιλογίαις
1575 2399 1806 2463 ἡδόμενοι,
1833 2401 1909 2449 καὶ
1931 2424 1981 2450 20

319 2490 415 2537 τῶν
456 2487 584 2536 ἰδίων
623 2485 881 2549 ἡττώμενοι
926 2482 1222 2548 θελημάτων,
1268 2483 1344 2533 καὶ
1389 2481 1580 2545 πλάνην
1617 2479 1910 2545 Ἑλληνικὴν

318 2572 415 2621 τοῖς
448 2570 532 2631 τῆς
557 2567 853 2631 Ἐκκλησίας
888 2564 1147 2635 ἀναφύρειν
1173 2564 1412 2630 δόγμασιν
1439 2564 1492 2614 οὐ
1527 2563 1904 2616 καταδείσαντες.

367 2743 401 2776 3.
426 2731 598 2776 πατέρων]
623 2735 659 2771 4
681 2730 737 2766 ἐπὶ
753 2730 852 2766 τέκνα
869 2733 892 2775 7'7‘
905 2745 1005 2765 τινων
1023 2729 1117 2764 Aub.
1136 2729 1179 2763 cf.
1199 2740 1308 2773 supra
1324 2736 1406 2773 557.
1593 2726 1627 2760 8.
1653 2724 1774 2771 αὐτοῦ]
1798 2728 1835 2765 -f-
1856 2724 1911 2759 ἵνα

320 2779 455 2823 τυφλὸς
470 2779 613 2823 γεννηθῇ
633 2777 702 2812 Ed.
854 2789 866 2812 1
878 2789 907 2811 1.
933 2777 1025 2811 ἀθεεὶ
1045 2777 1087 2810 Β.
1105 2776 1199 2810 ἄθεοι
1220 2775 1338 2809 Holst.
1357 2773 1453 2808 unde
1469 2771 1547 2807 ἀθεῒ
1561 2772 1771 2811 emendavit,
1790 2778 1830 2805 ut
1847 2771 1909 2805 ad-

322 2831 420 2858 notat
438 2825 512 2869 ipse
529 2824 624 2859 Aub.
783 2825 836 2858 18.
864 2823 1140 2869 ἐξωφρυωμένων
1157 2821 1321 2857 emendat
1343 2821 1472 2865 Heyse.
1492 2818 1753 2863 ε’ξωφρυομένον
1772 2817 1814 2851 Β.
1835 2817 1910 2862 ἐξο-

322 2872 516 2915 φρυόμενον
537 2871 600 2905 Ht.
618 2871 874 2917 ἐξοφρυώμενοι
891 2871 987 2905 Aub.
1238 2880 1292 2914 19.
1318 2868 1361 2903 ὡς
1379 2867 1475 2902 ἐστὶν
1491 2866 1616 2909 ἀληθὲς
1636 2864 1781 2910 [ἀληθὴς
1800 2863 1907 2909 Cod.]

323 2923 546 2960 assumptum
563 2929 604 2951 ex
625 2917 666 2951 B.
