2037 3266
331 127 417 167 384
728 129 775 169 B.
811 129 1086 170 CYRILLI
1128 129 1513 170 ALEXANDR.
1750 129 1835 171 xiii.
1855 143 1922 185 34.

331 258 402 298 με,
441 238 516 287 καὶ
555 238 644 305 οὐχ
682 237 912 304 εὑρήσετέ
943 257 1014 302 με·
1069 244 1165 293 τοῖς
1203 238 1352 305 γεμὴν
1388 241 1553 290 ἑαυτοῦ
1590 243 1834 304 μαθηταῖς,
1870 237 1924 288 τό

331 318 549 378 Ζητήσετέ
577 343 637 387 με
667 318 814 383 μόνον
842 323 1009 389 φησὶν,
1037 323 1297 390 ἀποσιωπᾷ
1335 320 1384 371 δὲ
1422 319 1695 388 πρεπόντως
1733 320 1787 371 τό
1815 321 1924 386 Οὐχ

331 399 567 467 εὑρήσετε·
617 405 693 454 καὶ
733 403 810 454 διὰ
847 406 988 456 ποίαν
1023 406 1206 468 αἰτίαν,
1255 404 1455 472 ἁρμόσει
1489 405 1574 470 μὲν
1608 404 1702 471 γὰρ
1740 406 1924 457 ἐκείνοις

331 482 386 533 τὸ
412 483 477 547 μὴ
505 486 734 550 εὑρίσκειν
762 485 918 550 αὐτὸν,
948 487 1024 538 διά
1056 510 1105 538 τε
1141 487 1226 552 τὴν
1252 488 1456 554 ἄμετρον
1482 490 1709 539 ἀπιστίαν
1734 489 1810 538 καὶ
1841 490 1924 550 τῆς

331 571 394 620 εἷς
434 567 577 618 αὐτὸν
616 570 901 629 δυσσεβείας
938 568 1025 633 τὴν
1064 570 1351 636 ὑπερβολήν·
1402 576 1499 624 τοῖς
1538 570 1586 622 δὲ
1623 569 1825 637 γνήσιον
1863 573 1923 623 εἷς
1945 581 1966 620 5

331 648 474 700 αὑτὸν
500 650 665 717 ἔχουσι
701 651 755 701 τὸ
792 650 1017 719 φρόνημα
1052 654 1127 704 καὶ
1159 652 1490 717 ἀκαπήλευτον
1517 653 1813 704 ἀποσώσασι
1839 651 1924 716 τὴν

332 730 590 797 ἀγάπησιν,
613 734 764 784 οὐκέτι
788 735 1065 799 πρεπόντως
1092 736 1150 786 ἂν
1177 735 1366 800 λε’γοιτο
1391 734 1445 786 τό
1473 737 1581 804 Οὐχ
1607 736 1838 802 εὑρήσετέ
1852 760 1922 800 με.

286 818 314 859 d
333 817 484 878 συνῆν
510 815 604 882 γὰρ
630 817 799 879 αὐτοῖς,
828 819 902 867 καὶ
930 817 1159 869 συνέσται
1186 818 1261 868 διὰ
1289 818 1481 872 παντός.

264 998 313 1034 34
351 992 565 1034 Ἐντολέιν
604 994 754 1035 Καινὴν
793 994 946 1043 δίδωμι
985 992 1093 1046 ὓμῖν,
1130 995 1199 1036 ἵνα
1238 996 1433 1043 ἀΓαΠᾱτε
1470 995 1701 1036 ἀλλήλους·
1757 995 1899 1036 καθὼς

454 1076 540 1123 (ξι-ὼ
578 1077 777 1124 ιἰΓάΠΗῡο(
817 1080 939 1130 ὑμᾶς,
976 1079 1045 1120 ἵνα
1086 1079 1154 1120 καὶ
1192 1078 1308 1127 ὑμεῖς
1345 1079 1540 1126 ἀγαπᾶτε
1578 1079 1809 1120 ἀλλήλους.
1947 1089 1994 1113 10

408 1187 585 1238 Καλῶς
638 1208 688 1236 τε
747 1188 822 1237 καὶ
873 1189 1064 1252 ἀληθῶς
1115 1188 1140 1238 ὁ
1192 1187 1447 1241 θεσπέσιος
1497 1187 1672 1255 γράφει
1726 1191 1923 1240 Παῦλος

108 1270 246 1353 {JV-V·
330 1263 534 1317 “⁰'Qsrre
575 1267 617 1318 εἴ
650 1292 719 1322 τις
757 1271 805 1320 ἐν
837 1273 1052 1339 Χριστῷ,
1091 1268 1225 1334 καινὴ
1265 1271 1429 1323 κτίσις·
1484 1269 1543 1320 τὰ
1581 1272 1754 1337 ἀρχαῖα
1792 1293 1919 1335 παρ-

331 1356 356 1377 “
383 1352 544 1413 ἢλθεν,
588 1349 686 1401 ἰδοῦ
729 1351 893 1417 γέγονε
945 1351 1004 1403 τὰ
1054 1351 1211 1404 πάντα
1262 1351 1444 1403 καινά.”
1501 1352 1777 1418 ἀνακαινίζῖει
1827 1352 1922 1418 γὰρ

330 1432 465 1495 ἡμᾶς,
507 1435 583 1483 καὶ
629 1434 920 1485 ἀναπλάττει
965 1435 1144 1501 τρόπον
1182 1433 1286 1485 τινὰ
1325 1435 1444 1499 πρὸς
1489 1435 1739 1498 καινότητα
1780 1435 1917 1501 ζωῆς,

289 1539 311 1566 e
330 1517 509 1579 ἀστιβῆ
538 1516 585 1567 δὲ
612 1520 686 1567 καὶ
714 1523 810 1570 τοῖς
838 1517 1009 1571 ἄλλοις
1037 1519 1089 1568 οὐ
1121 1518 1441 1583 τετριμμένην,
1470 1518 1602 1572 ὅσοις
1633 1517 1686 1569 τὸ
1719 1519 1766 1567 ἐν
1794 1517 1921 1587 νόμῳ
1946 1544 1991 1580 15

331 1598 668 1649 πολιτεύεσθαι
715 1601 873 1668 φίλον,
917 1602 993 1651 καὶ
1036 1605 1137 1653 ταῖς
1181 1599 1256 1650 διὰ
1300 1600 1548 1653 Μωυσέως
1590 1600 1921 1666 προσεδρεύειν

105 1686 263 1771 {fb-³⁷³³·
331 1681 556 1734 ἐντολαῖς.
610 1687 785 1732 τελειοῖ
809 1681 895 1745 μὲν
921 1681 1014 1749 γὰρ
1051 1683 1076 1732 ὁ
1112 1681 1254 1745 νόμος
1289 1682 1434 1745 οὐδὲν,
1462 1682 1581 1733 κατὰ
1616 1680 1669 1733 τὸ
1704 1705 1915 1748 γεγραμ-

330 1763 483 1827 μένον·
528 1764 867 1830 πληρέστατον
902 1763 950 1815 δὲ
988 1767 1072 1828 τῆς
1112 1768 1173 1818 εἷς
1214 1765 1339 1815 Θεὸν
1377 1765 1619 1825 εὐσεβείας
1657 1763 1711 1815 τὸ
1749 1765 1921 1830 με’τρον

329 1846 378 1896 ἐν
409 1850 503 1900 τοῖς
539 1852 622 1896 τοῦ
658 1850 878 1913 Σωτῆρος
912 1848 1044 1911 ἡμῶν
1079 1848 1256 1898 κατίδοι
1293 1871 1362 1901 τις
1401 1845 1458 1897 ἂν
1484 1846 1790 1912 διατάγμασι.
1845 1845 1920 1896 διὰ

102 1930 266 2006 {Jssjgfth-
330 1927 424 1994 γὰρ
451 1934 589 1979 τοῦτο
617 1932 691 1979 καὶ
721 1928 860 1984 αὐτός
894 1953 988 1981 που
1021 1928 1142 1996 πρὸς
1178 1931 1298 1994 ἡμᾶς
1324 1927 1417 1979 ῶδέ
1442 1953 1508 1993 πη
1537 1930 1688 1997 φησίν
1716 1936 1741 1957 “
1762 1928 1919 1992 Ἀμὴν
1941 1955 1992 1980 20

331 2010 507 2074 “άμὴν
543 2012 669 2078 λέγω
710 2013 816 2076 ὑμῖν
852 2011 931 2063 ἐὰν
966 2011 1031 2076 μὴ
1069 2011 1370 2080 περισσεύσῃ
1408 2011 1436 2075 ἡ
1477 2011 1750 2075 δικαιοσύνη
1791 2013 1920 2074 ὑμῶν

329 2098 548 2145 “πλειον
581 2117 674 2145 των
704 2118 1022 2160 γραμματεων
1054 2118 1130 2145 και
1167 2094 1457 2161 Φαρισαίων,
1486 2095 1539 2144 οὐ
1573 2117 1639 2158 μη
1674 2092 1919 2157 εισελθητε

102 2185 258 2222 750A.
288 2182 356 2220 ἃς(
383 2180 445 2229 εὶς
483 2200 570 2240 την
608 2178 865 2237 βασιλειαν
903 2181 999 2227 τῶν
1033 2178 1272 2242 οὐρανῶν.
1330 2177 1384 2226 οὐ
1422 2199 1516 2241 γαρ
1554 2181 1650 2229 τοῖς
1681 2176 1920 2226 Ἰουδαιων

329 2259 644 2322 ἀμιλλωμεθα
673 2257 879 2324 τρόποις,
908 2259 1018 2308 ἀλλ’
1049 2262 1085 2308 εἰ
1112 2282 1177 2321 μη
1205 2282 1279 2308 και
1306 2257 1502 2326 σφόδρα
1532 2258 1920 2323 παραδραμοιμεν

327 2362 413 2403 την
439 2341 488 2390 ἐν
521 2340 649 2409 νόμω
686 2339 1005 2404 δικαιοσύνην,
1032 2341 1116 2390 οὐκ
1151 2339 1210 2390 ἄν
1242 2337 1375 2404 οἶμαί
1403 2362 1520 2390 ποτε
1553 2362 1672 2437 προς
1709 2337 1794 2402 τὴν
1824 2344 1918 2391 τῶν
1940 2360 1988 2399 25

327 2423 538 2488 οὐρανῶν
566 2421 836 2473 εισελασειν
862 2423 983 2486 ἡμᾶς
1018 2422 1289 2483 βασιλειαν.
1343 2445 1419 2472 και
1453 2422 1540 2489 οὐχ
1576 2424 1637 2475 ὡς
1673 2422 1917 2489 ἀχρηστον

326 2509 572 2558 παντελῶς
613 2503 640 2569 ἢ
680 2503 909 2568 ἀνόνητον
948 2504 1031 2555 τὸν
1070 2504 1145 2556 διὰ
1187 2504 1436 2558 Μωυσέως
1473 2502 1587 2555 εἶναι
1627 2504 1918 2571 διοριζόμεθα

328 2586 486 2650 νόμον·
529 2586 817 2650 εἶσκεκόμικε
851 2586 944 2653 γὰρ
978 2587 1101 2650 ἡμῖν,
1129 2591 1165 2637 εἰ
1194 2588 1269 2637 καὶ
1295 2586 1360 2651 μὴ
1395 2587 1597 2649 τελείως,
1626 2586 1679 2637 τὸ
1711 2586 1911 2653 ἀγαθὸν,

327 2670 438 2719 ἀλλ’
467 2669 549 2720 οῦν
575 2692 630 2735 γε
656 2669 963 2735 παιδαγωγὸς
998 2671 1072 2720 ἐπὶ
1105 2668 1191 2733 τὴν
1216 2672 1299 2732 τῆς
1335 2670 1641 2735 εὐαγγελικῆς
1676 2669 1916 2722 πολιτείας

326 2752 588 2817 εὑρίσκεται
630 2750 855 2816 μάθησιν,
899 2754 974 2802 καὶ
1014 2752 1069 2802 δι’
1110 2751 1399 2817 αἰνιγμάτων
1438 2753 1513 2801 καὶ
1558 2750 1717 2802 τύπων
1761 2750 1914 2801 εἰκόνα
1936 2776 1987 2811 30

325 2835 409 2896 τῆς
435 2836 642 2898 ἀληθοῦς
668 2833 911 2895 εὐσεβείας
937 2834 1187 2903 εἰσφέρων,
1213 2833 1470 2902 ἐνεχάραξέ
1489 2856 1589 2886 πως
1615 2837 1714 2885 ταῖς
1746 2831 1909 2896 ἡμετέ-

280 2929 306 2969 b
326 2937 427 2981 ραις
463 2917 683 2970 διανοίαις
717 2919 801 2980 τῆς
836 2915 912 2967 διὰ
943 2921 1161 2984 Χριστοῦ
1188 2915 1479 2970 παιδεύσεως
1513 2914 1600 2979 τὴν
1624 2913 1779 2966 σκιάν.
1835 2914 1910 2965 διὰ
