1971 3272
96 154 269 209 viii.32.
352 154 424 194 IN
467 154 508 193 S.
544 152 881 193 JOANNEM.
945 153 1068 193 LIB.
1099 154 1143 193 V.
1209 155 1342 194 (jAl’.
1373 156 1421 194 Υ.
1633 155 1687 192 59

93 284 224 324 μενοι
253 261 463 326 μάθημα,
491 266 629 314 σκιᾶς
656 284 705 310 τε
737 264 819 323 τῆς
857 259 977 310 κατὰ
1014 260 1158 324 νόμον
1185 263 1238 310 οὐ
1265 260 1462 328 σφόδρα
1489 264 1681 328 φροντί-

93 342 266 409 ζοντες,
295 346 503 407 μαθηταὶ
539 342 658 394 κατὰ
694 343 919 406 ἀλήθειάν
945 345 1037 392 εἱσι
1069 348 1152 392 τοῦ
1179 346 1414 407 Χριστοῦ·
1459 346 1499 391 οἱ
1535 341 1582 391 δὲ
1618 344 1682 404 μὴ

93 430 260 475 τοῦτον
299 424 442 476 αὐτὸν
479 423 759 490 προσιόντες
798 423 880 474 τὸν
919 422 1096 490 τρόπον
1135 423 1325 476 ἑαυτοὺς
1368 423 1680 489 διαπαίᾷυσι,

92 505 146 556 τὸ
185 503 298 556 εἶναι
333 505 530 573 μαθηταὶ
571 504 692 556 κατὰ
729 504 955 569 ἀλήθειαν
990 507 1072 555 οὐκ
1111 506 1308 572 ἔχοντες,
1345 504 1420 555 διά
1458 528 1506 555 τε
1545 511 1683 554 τοῦτο

50 589 175 650 5τῆς
213 589 452 654 σωτηρίας
490 587 851 639 ἐκπεπτωκότες.
898 589 973 637 καὶ
1011 592 1127 652 γοῦν
1161 588 1185 636 ὁ
1223 586 1450 652 μακάριος
1488 590 1683 639 Παῦλος
1701 593 1727 632 b

91 673 188 721 τοῖς
213 670 261 719 ἐκ
290 670 435 732 νόμου
461 672 754 720 δικαιοῦσθαι
780 667 900 730 μετὰ
925 667 1011 732 τὴν
1031 669 1195 719 πίστιν
1216 666 1423 731 ἀνοήτως
1450 667 1682 729 ἐθέλουσι,

93 750 345 816 διαῤῥήδην
382 750 654 801 ἐπιστέλλει
695 757 721 778 “
745 749 1088 815 Κατηργήθητε
1128 748 1222 800 ἀπὸ
1261 755 1344 799 τοῦ
1385 753 1603 814 Χριστοῦ
1642 751 1688 799 οἵ
1747 770 1905 807 οηικιι.

109 837 264 885 ίτινες
302 834 351 882 ἐν
390 833 517 901 νόμω
557 834 840 893 δικαιοῦσθε,
877 854 960 894 της
998 831 1188 926 χάριτος
1228 829 1521 898 ἐξεπεσατε.”
1571 835 1683 880 θαυ-

92 911 281 974 μαστὸν
319 914 401 964 οὖν
439 914 532 980 ἄρα
573 914 649 963 καὶ
692 935 845 975 τιμιον
885 914 912 976 ἡ
953 912 1246 977 μονότροπος
1287 935 1468 973 πιστις,
1512 914 1587 961 καὶ
1629 913 1682 961 τὸ

0 995 74 1038 ’10
93 995 368 1045 ἀκολουθεῖν
402 993 643 1060 ἀραρότως
680 993 947 1054 βούλεσθαι
985 997 1051 1062 τῷ
1086 995 1287 1061 Χριστῷ
1326 992 1410 1046 τὰς
1449 994 1498 1042 ἐκ
1539 991 1683 1055 νόμου

92 1074 231 1129 σκιὰς
265 1080 328 1130 εἰς
361 1075 446 1140 τὴν
473 1077 541 1126 ἐπ’
569 1076 695 1143 αὐτῷ
732 1073 1068 1140 περιέλκοντας
1103 1078 1298 1140 γνῶσιν,
1327 1077 1402 1125 καὶ
1438 1073 1496 1124 τὰ
1531 1078 1679 1138 αἰνιγ-

92 1159 319 1220 ματωδῶς
366 1157 581 1222 εἰρημένα
624 1154 743 1221 πρὸς
784 1155 869 1219 τὴν
907 1155 1226 1219 πνευματικὴν
1263 1156 1682 1219 μεταπλάττοντας

92 1238 352 1288 παίδευσιν.
406 1238 681 1304 κηρύττεται
708 1236 801 1302 γὰρ
837 1237 912 1288 διὰ
949 1236 1094 1301 νόμου
1121 1239 1196 1288 καὶ
1222 1241 1316 1287 τῶν
1342 1241 1603 1305 προφητῶν
1629 1236 1682 1286 τὸ
1702 1256 1723 1282 e

92 1319 162 1369 ἐπ’
191 1319 316 1388 αὐτῷ
343 1319 619 1385 μυστήριον.

28 1495 74 1534 15
96 1495 171 1537 Καὶ
209 1495 421 1543 subse-:666
458 1497 534 1538 τὴν
574 1497 796 1547 ἀλήθειαν,
835 1496 903 1537 καὶ
942 1496 964 1536 ᾗ
1006 1496 1190 1537 ἀλήθεια
1232 1494 1517 1551 ἐλευθερώσει
1559 1495 1680 1542 ὑμᾶς.
1704 1501 1750 1537 32

167 1610 404 1676 Ἀμυδρός
447 1609 532 1674 μὲν
577 1610 656 1672 ἔτι,
703 1611 779 1660 καὶ
829 1610 882 1660 οὐ
928 1609 1123 1677 σφόδρα
1169 1606 1401 1675 διαφανὴς
1447 1609 1471 1658 ὁ
1516 1605 1678 1672 λόγος·

94 1691 243 1742 ὠδίνει
283 1692 327 1741 δ’
365 1692 446 1742 οῦν
480 1690 605 1755 ὅμως
645 1690 861 1759 ἀδελφὴν
899 1696 995 1744 τοῖς
1032 1689 1126 1757 πρὸ
1166 1691 1309 1740 αὐτοῦ
1347 1688 1433 1752 τὴν
1473 1689 1683 1752 δύναμιν,

94 1775 169 1823 καὶ
221 1771 296 1823 διὰ
347 1777 441 1823 τῶν
490 1774 644 1823 αὐτῶν
695 1773 805 1836 ἡμῖν
857 1770 949 1822 εἶσι
996 1771 1314 1837 θεωρημάτων
1365 1768 1682 1836 ἑτεροτρόπως

94 1854 440 1923 ἐξυφασμένος.
518 1855 775 1918 ἀποδημεῖν
825 1852 919 1919 γὰρ
974 1854 1050 1903 καὶ
1111 1852 1251 1906 αὐτὸς
1309 1853 1548 1902 ἀναπείθει
1608 1853 1683 1901 καὶ

26 1953 76 1978 20
94 1935 264 1986 λοιπὸν
296 1935 655 1987 ἀπανίστασθαι
692 1940 851 2004 φιλεῖν
881 1937 964 1998 τῆς
1000 1933 1117 1984 κατὰ
1154 1932 1297 1996 νόμον
1331 1933 1551 1998 λατρείας
1576 1932 1683 1984 τοὺς

94 2014 229 2085 ἅπαξ
267 2015 655 2070 πεπιστευκότας·
710 2019 1030 2081 παιδαγωγῶν
1070 2015 1117 2065 δὲ
1158 2014 1377 2080 ἡγεῖσθαι
1418 2013 1503 2077 τὴν
1541 2013 1726 2064 σκιάνᾰ

93 2101 156 2151 εἰς
200 2097 287 2162 τὴν
325 2098 393 2148 ἐπ’
434 2098 560 2166 αὐτῷ
600 2101 797 2163 γνῶσιν,
837 2098 912 2147 καὶ
958 2095 1018 2146 τὰ
1063 2097 1110 2146 ἐν
1148 2094 1311 2149 τύποις
1356 2095 1561 2163 ἀφέντας
1607 2096 1683 2145 καὶ

94 2179 384 2244 αἰνίγμασιν,
419 2180 488 2230 ἐπ’
527 2178 672 2242 αὐτὴν
712 2178 823 2228 ἱέναι
862 2182 1050 2243 γοργῶς
1089 2176 1158 2236 τὴν
1193 2176 1412 2238 ἀλήθειαν,
1447 2175 1680 2236 τουτέστι,

94 2259 311 2326 Χριστὸν
336 2259 418 2311 τὸν
444 2263 526 2323 τῆς
558 2262 766 2322 ἀληθοῦς
801 2259 1063 2324 ἐλευθερίας
1098 2260 1273 2323 δοτῆρα
1307 2259 1382 2307 καὶ
1419 2255 1680 2321 λυτρωτήν.

26 2363 75 2401 25
94 2340 310 2406 γνώσεσθε
356 2341 511 2392 τοίνυν
555 2342 678 2408 φησὶ
727 2338 796 2399 τὴν
840 2339 1045 2399 ἀλήθειαν
1089 2344 1186 2392 τοῖς
1236 2340 1360 2401 ἐμοῖς
1411 2337 1684 2400 ἐμμένοντες

95 2422 270 2487 λόγοις,
309 2421 403 2473 ἀπὸ
446 2421 494 2473 δὲ
538 2427 621 2471 τοῦ
660 2425 836 2485 γνῶναι
877 2419 964 2483 τὴν
1003 2419 1230 2483 ἀλήθειαν
1268 2418 1353 2482 τὴν
1391 2417 1501 2484 παρ’
1543 2419 1684 2480 αὐτῆς

95 2501 330 2571 ὠφέλειαν
357 2504 590 2568 εὑρήσετε.
631 2504 707 2551 καὶ
733 2501 870 2568 δέχου
895 2523 976 2564 μοι
1000 2499 1148 2550 πάλιν
1174 2499 1384 2550 τοιοῦτόν
1409 2522 1453 2549 τι
1481 2499 1683 2563 λε’γοντα

94 2583 215 2649 πρὸς
239 2585 494 2636 Ἰουδαίους
534 2583 618 2633 τὸν
645 2582 838 2647 Κύριον·
879 2583 1166 2632 ἐκπλατῦναι
1197 2580 1291 2645 γὰρ
1325 2577 1451 2641 οἶμαι
1487 2581 1580 2628 δεῖν
1607 2580 1681 2627 καὶ

95 2663 150 2715 τὸ
191 2666 239 2714 ἐν
279 2668 346 2732 τῷ
385 2663 672 2731 προκειμένῳ
713 2662 945 2727 θεώρημα,
986 2660 1061 2711 διὰ
1105 2660 1160 2711 τὸ
1203 2665 1297 2712 τοῖς
1340 2658 1682 2726 ἐντευξομένοις

28 2760 78 2796 30
97 2749 399 2796 λυσιτελοῦν·
460 2742 633 2809 πικρὰν
677 2745 726 2793 ἐν
768 2741 1012 2810 Αἰγύπτῳ,
1059 2743 1225 2807 φησὶν,
1274 2741 1545 2801 ὑπεμείνατε
1595 2739 1720 2802 τὴνθ

147 2905 177 2927 1.
204 2893 243 2927 οὗ
261 2893 402 2938 σφόδρα
422 2892 497 2926 B..a
516 2890 584 2925 ουδ’
604 2890 693 2926 ὅλως
713 2889 832 2924 Holst.
853 2888 920 2923 Ed.
1068 2898 1120 2933 17.
1149 2889 1177 2922 δ’
1195 2901 1266 2922 om.
1286 2888 1379 2922 Aub.
1536 2889 1589 2922 18.
1616 2885 1684 2922 εἶσι

97 2940 259 2975 emendat
279 2940 409 2985 Heyse.
427 2937 478 2973 ι’σι
497 2938 539 2971 Β.
557 2936 630 2980 ἵησι
650 2937 713 2971 Ht.
733 2935 800 2970 Ed.
946 2945 1002 2969 22.
1027 2934 1079 2979 ἐν]
1104 2940 1140 2975 -†-
1162 2937 1234 2970 τοῖς
1253 2935 1316 2969 Ht.
1335 2934 1403 2969 Ed.

862 3001 925 3031 12
