2022 3272
104 143 186 184 xiv.
209 154 274 197 25,
296 146 359 187 26.
464 145 536 185 IN
580 146 622 185 S.
657 145 999 185 JOANNEM.
1068 145 1187 185 [ΑΒ.
1227 147 1274 185 X.
1610 146 1692 184 :307

103 254 457 320 διαπορθμεύων
510 255 699 321 λόγους,
751 257 861 305 ἀλλ’
910 258 971 308 ὡς
1027 259 1221 317 Πνεῦμα
1272 256 1428 315 αὐτοῦ,
1480 253 1691 319 καθάπερ
1711 275 1731 301 0

102 335 271 400 ἀρτίως
303 336 564 403 εἰρήκαμεν,
596 341 671 388 καὶ
707 337 825 391 εἶδος
860 336 1120 390 ἀδιδάκτως
1154 336 1311 388 πάντα
1345 335 1404 386 τά
1440 336 1496 404 ἐξ
1530 336 1582 386 οῦ
1617 338 1693 386 καὶ

101 418 150 467 ἐν
188 416 315 487 ᾧπέρ
354 420 470 482 ἐστι,
504 419 563 471 τὰ
602 425 703 471 θεῖα
741 424 837 473 τοῖς
879 420 1026 485 ἁγίοις
1066 418 1391 470 ἀποκαλύπτει
1428 417 1688 483 μυστήρια,

103 500 314 567 καθάπερ
339 499 502 564 ἀμέλει
538 504 614 552 καὶ
652 504 676 552 ὁ
711 502 1003 568 ἀνθρώπινος
1038 507 1144 554 νοῦς
1176 500 1332 552 πάντα
1358 501 1607 566 γινώσκων
1634 501 1693 550 τὰ

60 591 82 630 5
103 583 151 633 ἐν
183 583 321 652 αὐτῷ,
349 586 553 635 διακονεῖ
581 583 700 651 πρὸς
734 583 788 635 τὸ
826 584 932 653 ἔξω,
960 583 1092 653 λόγῳ
1127 583 1271 650 τυχὸν
1302 587 1368 652 τῷ
1400 586 1692 651 προφορικῷ,

103 663 162 715 τὰ
187 664 431 730 θελήματα
456 670 538 730 τῆς
565 669 741 736 ψυχῆς,
767 667 820 731 ἧς
847 668 951 717 ε’στι
975 668 1049 716 καὶ
1078 671 1198 728 νοῦς,
1218 665 1375 731 ἕτερον
1400 664 1485 728 μέν
1511 687 1555 715 τι
1581 666 1690 731 παρ’

103 746 248 810 αὐτὴν
273 753 372 801 ταῖς
398 750 600 802 ἐπινοίας
627 749 861 815 ὁρώμενός
893 771 941 798 τε
978 750 1054 798 καὶ
1081 746 1434 814 ὀνομαζόμενος,
1463 748 1616 812 ἕτερος
1644 746 1692 797 δὲ

103 827 223 878 κατὰ
249 829 398 897 φύσιν
424 832 506 881 οὐκ
532 830 609 893 ὧν,
634 832 745 881 ἀλλ’
775 833 836 884 ὡς
871 828 1035 896 μόριον
1061 836 1144 880 τοῦ
1179 828 1355 883 παντὸς
1390 837 1687 894 συμπληρω-

101 908 245 973 τικὸν,
271 913 318 962 ἐν
344 914 461 980 αὐτῇ
488 935 537 963 τε
566 912 792 981 ὑπάρχον,
818 914 893 963 καὶ
921 912 977 981 ἐξ
998 913 1140 976 αὐτῆς
1167 911 1467 980 ἀναφύεσθαι
1497 934 1691 962 πιστευ-

34 1018 81 1043 10
102 991 280 1056 όμενον.
334 993 449 1061 ὑπὲρ
477 993 525 1045 δὲ
551 1000 689 1046 τοῦτο
720 994 868 1046 πάλιν
893 995 920 1059 ἡ
954 995 1054 1046 θεία
1089 1017 1136 1044 τε
1173 996 1248 1044 καὶ
1285 994 1484 1061 ἄῤῥητος
1523 993 1688 1062 φύσις·
1710 1016 1732 1040 a
1763 1006 1847 1040 838
1863 1006 1911 1041 A.

100 1074 244 1141 μικρὰ
287 1075 381 1142 γὰρ
423 1081 561 1127 πᾶσα
604 1076 1001 1143 παραδειγμάτων
1047 1075 1198 1143 ἰσχῦς,
1245 1075 1332 1126 κᾶν
1376 1075 1451 1126 διὰ
1502 1080 1692 1126 λεπτῶν

100 1156 290 1224 ε”ρχηται
316 1158 491 1223 λόγων.
534 1159 702 1209 οὐκοῦν
730 1159 756 1222 ἡ
782 1159 940 1209 τελεία
965 1158 1174 1222 μάθησις
1202 1157 1278 1208 διὰ
1303 1163 1385 1209 τοῦ
1415 1158 1690 1221 Πνεύματος

100 1244 197 1293 τοῖς
236 1241 385 1306 ἁγίοις
423 1241 686 1292 ἐντίκτεται.
745 1243 819 1291 καὶ
854 1246 970 1306 γοῦν
1003 1241 1027 1291 ὁ
1067 1241 1322 1294 θεσπέσιος
1355 1245 1551 1294 Παῦλος
1587 1243 1686 1291 ἐπι-

1750 1329 1834 1369 Eph.
1852 1330 1872 1360 i.

100 1321 297 1373 στέλλει
329 1322 448 1388 πρός
481 1346 610 1377 τινας
636 1330 664 1352 “
687 1321 836 1389 Κάγὼ
872 1323 1081 1376 ἀκούσας
1114 1322 1200 1387 τὴν
1231 1324 1337 1374 καθ’
1368 1325 1486 1387 ὑμᾶς
1524 1323 1688 1374 πίστιν
1754 1381 1765 1402 1
1818 1382 1851 1403 ⁶1

35 1420 81 1458 Ῑ5
101 1410 129 1432 “
154 1405 203 1454 ἐν
248 1407 314 1474 τῷ
362 1406 521 1475 Κυρίῳ
566 1406 729 1470 Ἰησοῦ
779 1407 855 1456 καὶ
898 1403 985 1469 τὴν
1033 1409 1095 1459 εἷς
1139 1403 1319 1459 πάντας
1370 1405 1478 1460 τοὺς
1528 1406 1689 1471 ἁγίους

102 1492 128 1515 “
155 1485 359 1551 ἀγάπην,
386 1488 440 1537 οὐ
472 1486 680 1551 παύομαι
717 1487 1012 1554 εὐχαριστῶν
1038 1486 1153 1553 ὑπὲρ
1180 1489 1309 1552 ὑμῶν
1335 1489 1497 1548 μνείαν
1522 1489 1683 1540 ποιού-

100 1574 128 1597 “
151 1591 290 1632 μενος
314 1571 387 1620 ἐπὶ
413 1573 508 1620 τῶν
527 1574 808 1636 προσευχῶν
828 1592 931 1633 μου,
952 1569 1028 1620 ἵνα
1055 1571 1079 1620 ὁ
1101 1569 1223 1623 Θεὸς
1249 1575 1332 1621 τοῦ
1355 1571 1532 1636 Κυρίου
1559 1572 1691 1635 ἡμῶν

102 1657 130 1680 “
155 1649 320 1715 Ἰησοῦ
357 1654 588 1718 Χριστοῦ,
628 1652 653 1702 ὁ
691 1652 849 1718 πατὴρ
888 1654 972 1716 τῆς
1013 1652 1170 1721 δόξης,
1210 1652 1306 1722 δῴη
1346 1654 1452 1717 ὑμῖν
1494 1657 1692 1717 Πνεῦμα

101 1738 129 1762 “
153 1734 333 1802 σοφίας
355 1735 430 1784 καὶ
456 1732 807 1802 ἀποκαλύψεως
833 1735 881 1784 ἐν
905 1733 1157 1800 ἐπιγνώσει
1190 1735 1349 1797 αὐτοῦ,
1378 1736 1682 1803 πεφωτισμέ-
1707 1743 1733 1783 b

32 1836 82 1862 20
102 1819 130 1844 “
158 1837 265 1868 νους
293 1814 401 1869 τοὺς
427 1813 710 1884 ὀφθαλμοὺς
736 1819 819 1880 τῆς
849 1817 1052 1882 καρδίας,
1079 1820 1140 1870 εἷς
1177 1816 1230 1867 τὸ
1266 1816 1430 1868 εἰδέναι
1467 1819 1586 1880 ὑμᾶς
1620 1818 1689 1871 τίς

102 1904 129 1927 “
154 1898 286 1948 ἐστιν
311 1898 339 1962 ἡ
365 1899 499 1950 ἐλπὶς
526 1901 609 1961 τῆς
633 1897 850 1961 κλήσεως
875 1899 1031 1961 αὐτοῦ,
1058 1899 1126 1951 τίς
1154 1900 1178 1949 ὁ
1204 1904 1412 1952 πλοῦτος
1440 1902 1520 1963 τῆς
1547 1898 1690 1968 δόξης

103 1986 130 2008 “
156 1981 240 2042 τῆς
278 1979 593 2045 κληρονομίας
633 1980 775 2030 αὑτοῦ
813 1981 863 2029 ἐν
900 1984 996 2033 τοῖς
1042 1980 1204 2044 ἁγίοις,
1245 1983 1321 2031 καὶ
1363 1982 1412 2032 τί
1451 1981 1504 2032 τὸ
1550 1983 1688 2047 ὑπερ-

103 2066 130 2090 “
155 2059 347 2123 βάλλον
368 2061 565 2127 μέγεθος
590 2064 673 2125 τῆς
700 2061 937 2125 δυνάμεως
963 2062 1105 2112 αὐτοῦ
1131 2066 1192 2115 εἰς
1219 2063 1340 2126 ἡμᾶς
1366 2062 1473 2117 τοὺς
1494 2063 1688 2115 πιστεύ-

100 2148 129 2171 “
155 2166 294 2197 οντας
334 2142 454 2194 κατὰ
491 2142 578 2207 τὴν
615 2143 850 2210 ἐνέργειαν
885 2142 943 2207 ἣν
982 2143 1236 2210 ἐνήργηκεν
1268 2145 1316 2195 ἐν
1355 2147 1423 2214 τῷ
1461 2149 1683 2216 Χριστῷ,

33 2247 80 2286 25
102 2231 129 2254 “
153 2225 329 2292 ἐγείρας
357 2224 498 2276 αὑτὸν
522 2227 571 2275 ἐκ
599 2229 786 2291 νεκρῶν,
804 2227 880 2276 καὶ
904 2227 1105 2279 καθίσας
1131 2228 1179 2277 ἐν
1199 2227 1331 2295 δεξιᾷ
1355 2227 1496 2277 αὐτοῦ
1523 2229 1570 2278 ἐν
1590 2233 1686 2282 τοῖς

100 2313 130 2377 (ἦ
150 2308 438 2373 ἐπουρανίοις
465 2306 679 2373 ὑπεράνω
705 2306 866 2371 πάσης
894 2308 1043 2375 ἀρχῆς
1074 2310 1148 2358 καὶ
1183 2308 1402 2377 ἐξουσίας
1435 2311 1511 2360 καὶ
1546 2309 1686 2360 δυνά-

101 2395 130 2417 “
156 2411 277 2451 μεως
304 2391 379 2439 καὶ
406 2389 676 2455 κυριότητος
702 2391 777 2439 καὶ
803 2388 980 2444 παντὸς
1006 2388 1234 2453 ὀνόματος
1260 2391 1600 2458 ὀνομαζομένου
1632 2393 1684 2443 οὐ
1702 2412 1724 2439 o

100 2476 127 2499 ‘⁶
152 2471 297 2533 μόνον
323 2473 371 2521 ἐν
396 2475 462 2539 τῷ
500 2475 630 2520 αἰῶνι
668 2471 819 2540 τούτῳ
858 2470 990 2521 ἀλλὰ
1028 2474 1102 2522 καὶ
1142 2474 1190 2523 ἐν
1222 2477 1287 2542 τῷ
1321 2471 1595 2535 με’λλοντι.”
1636 2476 1686 2524 ἐν

98 2551 193 2618 γὰρ
237 2556 295 2618 τῇ
338 2555 433 2602 τῶν
472 2551 694 2602 τοιούτων
734 2551 1039 2620 ἀποκαλύψει
1080 2552 1155 2603 διὰ
1196 2559 1278 2604 τοῦ
1322 2553 1598 2617 Πνεύματος
1638 2557 1686 2605 ἐν

30 2656 82 2692 30
100 2634 209 2698 ἡμῖν
234 2632 509 2700 ἀποῤῥήτως
535 2633 853 2700 ἐνεργουμένῃ,
880 2636 963 2696 τῆς
988 2633 1106 2695 μετὰ
1133 2633 1312 2700 σαρκὸς
1343 2636 1606 2698 οἰκονομίας
1631 2636 1686 2687 τὸ

99 2713 248 2777 βάθος
295 2716 371 2765 καὶ
418 2719 500 2765 τοῦ
544 2713 860 2777 κεκρυμμένου
903 2716 1165 2780 μυστηρίου
1209 2715 1295 2779 τὴν
1334 2716 1530 2780 δύναμιν
1568 2720 1683 2767 θεω-

150 2865 180 2888 1.
205 2852 324 2898 αὐτοῦ]
345 2853 523 2898 ἀνθρώπου
541 2852 749 2894 emendavit,
768 2852 829 2887 sed
854 2853 973 2887 minus
999 2859 1090 2888 recte
1116 2861 1155 2888 ut
1180 2854 1319 2889 videtur
1345 2854 1480 2899 Migne.
1499 2855 1602 2889 αὐτοῦ
1623 2856 1684 2890 ha-

100 2900 185 2934 bent
203 2900 340 2935 Veccus
358 2901 395 2935 in
414 2901 535 2946 Epigr.
550 2900 617 2935 viii.
632 2912 665 2945 q.
835 2911 888 2942 14.
914 2899 1022 2934 ἀκούω
1042 2900 1083 2934 Ε.
1261 2913 1316 2936 21.
1341 2901 1460 2947 αὐτοῦ]
1486 2906 1522 2942 -ξ-
1544 2903 1595 2936 καὶ
1617 2903 1683 2938 Ed.

100 2947 210 2981 invito
228 2946 270 2982 E.

835 3014 858 3053 3
881 3013 903 3039 T
928 3013 949 3043 2
