2001 3231
88 711 194 752 Supra
209 723 240 743 v.

88 766 140 796 44-

79 2282 132 2316 47·

312 116 368 155 26
714 118 765 159 B.
799 118 1074 159 CYRILLI
1115 120 1497 162 ALEXANDR.
1727 121 1813 162 viii.
1833 121 1898 164 26.

312 222 388 273 διὰ
424 229 562 276 τοῦτο
602 225 792 281 πάντως
831 228 948 290 ὑμᾶς
992 229 1067 278 καὶ
1108 229 1447 295 περιπτύεσθαι
1490 232 1583 280 δεῖν
1622 230 1749 295 ὁριῶ”
1810 230 1900 293 ἔχω

311 304 477 357 πολλα
511 312 607 377 περὶ
643 308 757 375 ὑμεῖν
785 313 945 360 λαλεῖν
975 315 1051 360 καὶ
1084 313 1239 379 κρίνειν,
1266 310 1494 372 τουτέστι,
1521 316 1723 363 πλουτεῖ
1749 316 1842 365 πᾶς
1875 312 1900 361 ὁ

310 385 457 451 λόγος
495 390 519 438 ὁ
555 395 834 457 κατηγορῶν
861 392 932 459 ἐφ’
965 393 1085 453 ὑμῖν,
1114 393 1200 459 οὐχ
1233 391 1280 443 ἓν
1307 392 1551 458 ἐγκαλέσω
1584 394 1742 458 μόνον,
1770 391 1901 444 ἀλλὰ

309 468 488 533 πολλὰ,
516 473 592 522 καὶ
618 473 687 523 ἐπ’
715 473 863 523 οὐδενὶ
890 473 1225 539 διαψεύσομαι,
1253 473 1463 540 καθάπερ
1492 477 1631 538 ὑμεῖς.
1679 475 1770 542 ἔχω
1797 475 1896 541 κρί-

311 573 403 602 νειν
435 555 496 606 ὡς
536 555 755 616 ἀπειθεῖς,
785 557 848 608 ὡς
881 553 1129 619 ἀλαζόνας,
1155 557 1216 609 ὡς
1252 556 1495 622 ὑβριστὰς,
1521 559 1583 610 ὡς
1615 555 1895 624 θεομάχους,
1919 574 1941 612 5

309 635 372 687 ὡς
413 634 704 699 ἀγνώμονας,
745 639 807 689 ὡς
852 637 1154 703 ἀχαρίστους,
1195 640 1255 691 ὡς
1300 637 1544 704 πονηροὺς,
1585 641 1646 693 ὡς
1691 642 1893 707 φιληδο-

270 722 503 771 ονοῦντας
541 722 733 781 μᾶλλον
771 717 799 783 ἢ
840 723 1078 787 φιλοθεεῖν
1117 720 1418 782 εἰθισμένους,
1453 723 1515 774 ὡς
1553 728 1579 750 “
1601 720 1747 789 δόξαν
1785 721 1896 787 παρ’

307 806 334 828 “
361 799 594 864 ἀλλήλων
622 800 973 864 λαμβάνοντας,
1000 800 1086 865 τὴν
1113 801 1161 852 δὲ
1188 802 1334 871 δόξαν
1360 802 1446 866 τὴν
1471 803 1601 869 παρὰ
1634 809 1717 854 τοῦ
1751 802 1898 866 μόνου

741 881 752 897 9

307 888 333 910 “
360 883 415 932 οὐ
453 882 736 948 ζητοῦντας·’
808 885 870 936 ὡς
909 884 1260 949 ε’μπυρίσαντας
1299 883 1381 936 τὸν
1420 885 1586 949 νοητὸν
1625 887 1897 949 ἀμπελῶνα,

307 965 369 1017 ὡς
410 962 474 1027 μὴ
516 964 859 1028 βοσκήσαντας
904 964 1024 1016 κατὰ
1065 964 1215 1031 λόγον
1252 965 1338 1031 τὴν
1378 969 1751 1035 ε’γχειρισθεῖσαν
1790 969 1897 1029 ὑμῖν
1920 987 1968 1014 10

306 1045 488 1111 ἀγέλην
526 1045 656 1112 παρὰ
697 1050 836 1109 Θεοῦ,
877 1049 939 1101 ὡς
987 1046 1051 1112 μὴ
1096 1049 1548 1116 χειραγωγήσαντας
1587 1051 1662 1101 ἐπὶ
1699 1048 1782 1101 τὸν
1821 1048 1897 1100 διὰ

307 1126 452 1191 νόμου
504 1129 580 1178 καὶ
631 1133 726 1178 τῶν
778 1133 1042 1198 προφητῶν
1086 1129 1447 1195 κηρυττόμενον,
1497 1132 1755 1195 τουτέστιν,
1798 1131 1891 1195 ἐμέ.

305 1215 498 1260 τοιαῦτα
537 1208 624 1273 μὲν
656 1211 680 1259 ὁ
721 1210 890 1277 Σωτὴρ
929 1216 1024 1265 τοῖς
1054 1213 1293 1266 Ἰουδαίοις
1333 1213 1689 1282 ἐπιφθέγξαιτο·
1732 1236 1889 1280 προσ-

304 1294 444 1346 τιθεὶς
471 1291 519 1342 δὲ
546 1292 599 1342 τό
629 1292 799 1344 Πολλὰ,
827 1295 916 1356 ἔχω
942 1293 1088 1359 λέγειν
1115 1300 1210 1363 περ)
1240 1294 1355 1362 ὑμῶν
1382 1294 1447 1346 ε”τι
1477 1300 1554 1346 καὶ
1586 1298 1741 1363 κρίνειν,
1768 1297 1892 1346 ὑπα-

303 1379 460 1424 πειλεῖ
480 1397 580 1427 πως
612 1375 781 1435 αὐτοῖς,
807 1377 870 1428 ὡς
905 1375 1301 1443 ἀναδειχθήσεταί
1322 1400 1437 1427 ποτε
1468 1376 1663 1443 Κριτὴς,
1694 1378 1719 1427 ὁ
1749 1376 1894 1442 μηδὲν
1918 1399 1964 1438 15

260 1458 287 1498 d
305 1453 418 1506 εἶναι
446 1458 596 1506 δοκῶν
623 1457 732 1523 παρ’
762 1457 949 1511 ἐκείνοις
975 1456 1051 1508 διὰ
1076 1457 1161 1522 τὴν
1187 1458 1358 1525 σάρκα.

297 1621 410 1662 Ἀλλ’
456 1623 478 1665 ὁ
517 1622 693 1672 Πέμψας
730 1638 781 1671 με
820 1623 987 1665 &meme
1026 1625 1129 1676 ἐστι,
1169 1625 1286 1673 aij-‹J›
1329 1626 1353 1666 ἃ
1401 1626 1563 1668 ἥκουσα
1608 1625 1701 1683 notp‘
1746 1625 1892 1677 αὑτοῦ,

742 1710 871 1749 ταῦτα
910 1709 1033 1749 λαλῶ
1071 1708 1130 1750 cic
1168 1710 1241 1752 τὸν
1282 1711 1454 1760 κόσμον.

374 1812 650 1881 Ἐῥρῶσθαι
690 1815 883 1884 φράσας
921 1822 1022 1872 ταῖς
1048 1819 1287 1870 Ἰουδαίων
1313 1821 1648 1882 ἀπαιδευσίαις,
1677 1821 1751 1872 καὶ
1785 1820 1892 1874 τοὺς

302 1896 469 1960 ἀνέδην
504 1898 629 1966 αὐτῷ
665 1899 1124 1966 διαλοιδορήσασθαι
1164 1900 1515 1966 τολμήσαντας,
1549 1904 1597 1952 ἐν
1628 1905 1694 1972 τῷ
1728 1904 1891 1967 μηδενὶ
1912 1924 1962 1949 20

302 1979 634 2042 λογισάμενος,
680 1980 920 2032 ἐπάνεισιν
965 1981 1128 2049 ὥσπερ
1179 1985 1252 2034 ἐπὶ
1297 1983 1351 2034 τὸ
1402 1984 1459 2052 ἐξ
1503 1986 1665 2051 ἀρχῆς,
1710 1983 1764 2035 τὸ
1806 1983 1891 2046 μὲν

302 2060 471 2125 κρίνειν
498 2061 585 2126 ἤδη
622 2061 680 2112 τὰ
714 2063 813 2113 κατ’
844 2062 1022 2126 αὐτοὺς,
1051 2067 1126 2115 καὶ
1152 2064 1238 2129 τὴν
1263 2067 1336 2116 ἐπὶ
1363 2066 1512 2135 τούτῳ
1539 2066 1810 2132 παῤῥησίαν
1837 2067 1891 2116 οὐ

300 2146 367 2210 τῷ
393 2143 591 2207 παρόντι
625 2148 830 2206 μᾶλλον,
857 2145 989 2195 ἀλλὰ
1027 2151 1093 2214 τῷ
1126 2147 1352 2212 πρέποντι
1386 2147 1598 2213 τηρήσας
1628 2151 1787 2216 καιρῷ,
1814 2151 1890 2198 καὶ

80 2229 366 2293 Ιῃῑτακῐί.ρτῲ
405 2227 486 2288 τῆς
525 2226 768 2289 ἐπιδημίας
808 2226 968 2295 τρόπῳ
1006 2225 1087 2278 τὸν
1127 2228 1242 2279 ’ίδιον
1281 2229 1546 2282 ἀποσώσας
1584 2228 1786 2280 σκοπόν·
1836 2231 1890 2280 οὐ

301 2306 395 2372 γὰρ
420 2304 566 2369 ἦλθεν
591 2307 666 2356 ἵνα
691 2307 824 2375 κρίνῃ
850 2307 933 2358 τὸν
960 2308 1155 2372 κόσμον,
1182 2309 1293 2360 ἀλλ’
1315 2311 1388 2361 ἵνα
1416 2311 1557 2379 σώσῃ
1584 2310 1666 2361 τὸν
1693 2310 1887 2375 κόσμον,
1909 2332 1958 2371 25

301 2390 363 2440 ὡς
408 2388 547 2442 αὑτός
591 2412 684 2440 που
728 2390 866 2457 φησί.
939 2389 1087 2442 διάτοι
1133 2397 1271 2443 τοῦτο
1315 2395 1390 2443 καὶ
1434 2393 1585 2461 ἀπρὶξ
1627 2398 1722 2443 τῶν
1763 2395 1887 2462 αὐτῷ

299 2469 577 2535 πρεπόντων
604 2470 835 2538 ἐχόμενος,
864 2475 940 2523 καὶ
977 2472 1060 2523 τὸν
1093 2477 1155 2526 εἷς
1194 2474 1435 2540 σωτηρίαν
1465 2481 1702 2526 καλοῦντα
1740 2474 1889 2526 πάλιν

300 2552 724 2618 ἀναμηρυσάμενος
761 2553 923 2620 λόγον,
951 2555 1161 2606 ἐπιτείνει
1197 2555 1281 2620 τὴν
1314 2558 1609 2623 παραίνεσιν.
1663 2559 1712 2608 ἐν
1737 2556 1888 2627 τούτῳ

347 2696 380 2728 3.
407 2687 424 2717 ὁ
443 2692 665 2730 assumptum
684 2699 725 2721 ex
745 2687 787 2721 B.
948 2689 981 2722 6.
1007 2690 1277 2734 φιληδονοῦντας
1293 2692 1428 2734 μᾶλλον
1446 2690 1462 2734 ἢ
1481 2691 1659 2735 φιλοθεεῖν
1677 2691 1888 2736 εἰθισμένους

303 2730 377 2764 BR.
398 2732 539 2775 Cordi}
564 2733 740 2777 φιλοθεεῖν
761 2746 831 2768 om.
859 2735 975 2769 Holst.
1002 2736 1094 2770 unde
1120 2737 1327 2782 φιληδόνους
1351 2739 1484 2780 μᾶλλον
1509 2737 1526 2781 ἢ
1553 2739 1738 2783 φιλοθέους
1764 2750 1781 2771 e
1808 2738 1885 2772 Cat.

303 2776 401 2810 Harl.
422 2778 645 2813 abbreviante
663 2781 861 2815 emendavit
879 2783 973 2816 Aub.
1184 2788 1215 2818 ὅ.
1241 2785 1345 2827 μόνου
1362 2784 1466 2818 habet
1488 2784 1528 2817 Β.
1548 2787 1635 2818 Θεοῦ
1654 2797 1716 2828 pro
1733 2786 1836 2828 μόνου
1854 2797 1884 2819 (·.

300 2822 407 2855 Cord.
544 2836 577 2869 9.
604 2825 678 2871 τὸν]
697 2842 761 2868 μου
779 2828 838 2861 τὸν
855 2840 883 2862 c.
905 2829 1011 2863 Cord.
1152 2841 1204 2864 12.
1231 2833 1297 2864 τῶν
1317 2830 1392 2876 [τὸν
1411 2830 1518 2876 Cod.]
1539 2837 1761 2874 assumptum
1779 2843 1819 2864 ex
1842 2831 1883 2864 B.

303 2879 356 2910 14.
383 2869 431 2902 ἔτι
450 2870 611 2905 emendat
632 2872 759 2917 Heyse.
779 2874 829 2908 ὅτι
851 2875 891 2908 Β.
912 2875 978 2910 Ed.
1179 2888 1233 2910 21.
1261 2877 1315 2911 ἐπὶ
1333 2880 1370 2911 τὸ
1389 2877 1587 2911 emendavit
1604 2877 1697 2911 Aub.
1716 2878 1755 2911 τὸ
1774 2877 1827 2912 ἐπὶ
1845 2879 1883 2912 τὸ

303 2914 344 2949 Β.
366 2914 428 2949 Ht.
