2001 3231
292 99 318 138 6
694 105 744 146 B.
777 105 1055 150 CYRILLI
1095 110 1473 154 ALEXANDR.
1705 114 1789 156 viii.
1811 128 1875 158 21.

294 213 323 236 “
349 211 411 263 εἷς
449 209 619 277 ὅρασιν
655 212 792 283 πάσῃ
829 218 1015 283 σαρκί.”
1069 216 1135 270 ῶν
1172 220 1248 272 ἵνα
1284 220 1371 286 τὴν
1408 226 1572 288 πεῖραν
1611 222 1871 289 ἀποκερδά-

295 312 454 354 νωσιν,
482 297 545 348 εἰς
582 300 772 363 ταχεῖαν
802 297 969 353 αὐτοὺς
1007 301 1322 371 ἀποστροφὴν
1353 306 1437 368 τῆς
1470 303 1705 369 συνήθους
1740 307 1871 356 ἀπει-

293 373 418 426 θείας
453 377 767 443 πολυτρόπως
801 379 957 431 ἐκάλει
983 382 1213 447 Χριστὸς,
1243 385 1332 452 οὐχ
1365 386 1531 440 ἁπλῶς
1566 389 1628 441 ὡς
1664 389 1872 453 ἀποδρα-

292 459 444 516 μεῖται
494 459 569 508 καὶ
618 460 934 528 ἀποφοιτήσει
984 462 1154 529 λέγων,
1200 466 1333 516 ἀλλὰ
1381 470 1457 518 καὶ
1500 467 1622 532 ὅσην
1666 471 1875 520 ἐντεῦθεν

71 549 164 584 500
179 549 229 584 A.
253 559 274 584 a
294 537 578 598 ὑπομένουσι
605 542 862 610 συμφορὰν
888 545 1152 610 ἀναγκαίως
1178 550 1424 613 προτιθείς.
1473 549 1757 602 ἀποθανεῖσθε
1781 549 1873 617 γάρ
1892 566 1914 604 5

291 622 444 687 φησιν
470 621 508 672 ἐν
532 625 634 677 ταῖς
662 627 908 694 ἁμαρτίαις
935 625 1066 694 ὑμῶν.
1121 628 1277 693 ἐπειδὴ
1304 630 1352 681 δὲ
1379 630 1453 681 διὰ
1477 631 1627 695 μέσου
1651 633 1869 695 τέθεικεν,

290 699 361 751 ὅτι
389 708 465 753 καὶ
496 703 701 773 ζητήσετέ
722 729 793 773 με,
821 705 1071 771 ζητοῦντας
1106 709 1153 758 δὲ
1189 710 1301 764 τέως
1337 711 1478 762 αὐτὸν
1503 714 1753 767 Ἰουδαίους
1786 716 1874 782 οὐχ

289 783 580 848 εὑρίσκομεν,
607 786 782 855 ἥξομεν
808 787 1016 854 εὐλόγως
1050 791 1124 840 ἐπὶ
1160 792 1380 856 τοιαύτην
1405 793 1509 844 τινὰ
1545 794 1765 846 διάνοιαν·
1808 799 1879 848 δεῖ

286 863 380 930 γὰρ
415 867 661 931 ἀληθεύειν
687 870 844 920 αὐτόν.
903 874 939 920 εἰ
979 870 1073 936 γὰρ
1109 873 1184 922 καὶ
1219 879 1300 925 νῦν
1327 875 1456 929 ὅντες
1491 878 1538 927 ἐν
1564 877 1760 940 σώμασι
1795 880 1871 929 καὶ

286 951 386 1000 ταῖς
413 951 496 1012 τῆς
522 950 700 1016 σαρκὸς
727 951 911 1015 ἡδοναῖς
944 952 1009 1003 ε”τι
1044 953 1386 1020 διαπαιζόμενοι
1420 957 1496 1008 διὰ
1530 958 1723 1023 πολλὴν
1747 960 1871 1025 ἄγαν

285 1030 606 1095 ἀναισθησίαν
645 1033 698 1083 οὐ
739 1032 929 1098 ζητοῦσι
967 1033 1048 1085 τὸν
1087 1035 1347 1102 λυτρωτὴν,
1384 1041 1495 1090 ἀλλ’
1536 1044 1598 1094 εἰς
1636 1039 1750 1109 ᾅδου
1787 1065 1871 1093 πε-

284 1110 451 1165 σόντες
490 1116 531 1163 οἱ
572 1116 777 1176 δειλαιοῖ,
811 1118 885 1165 καὶ
924 1121 1019 1169 τοῖς
1057 1121 1151 1167 τῶν
1185 1122 1518 1186 κολαστηρίων
1552 1123 1870 1187 ὁμιλήσαντες

238 1199 264 1241 b
283 1192 457 1256 τόποις,
486 1194 598 1245 ὅταν
625 1197 672 1246 ἐν
698 1197 853 1250 αὐτοῖς
877 1198 1102 1263 γε’νωνται
1129 1204 1224 1253 τοῖς
1252 1207 1421 1264 κακοῖς,
1448 1203 1554 1254 τότε
1581 1205 1638 1268 δὴ
1663 1204 1767 1256 τότε
1793 1208 1869 1256 καὶ

61 1274 221 1350 ffff‘ffzffl·
283 1276 370 1343 οὐχ
397 1276 576 1331 ἑκόντες
602 1276 902 1343 ζητήσουσιν.
933 1287 959 1309 “
981 1281 1113 1331 Ἐκεῖ
1132 1281 1225 1347 γὰρ
1251 1285 1368 1347 ἐστὶ,
1389 1287 1553 1353 φησὶν,
1576 1287 1601 1336 ὁ
1628 1286 1870 1350 κλαυθμὸς

282 1364 309 1387 “
336 1360 411 1409 καὶ
439 1360 464 1409 ὁ
496 1359 710 1425 βρυγμὸς
741 1365 835 1411 τῶν
861 1360 1110 1421 ὀδόντων,”
1139 1363 1342 1416 ἑκάστου
1377 1365 1496 1416 κατὰ
1531 1367 1584 1418 τὸ
1620 1366 1739 1423 εἷκὸς
1773 1373 1868 1420 τῶν

281 1440 374 1490 ἐκεῖ
405 1441 673 1506 γεγονότων
698 1441 783 1505 τὴν
811 1442 880 1494 ἐπ’
909 1446 1105 1509 ἀγαθοῖς
1141 1447 1374 1514 ῥᾳθυμίαν
1405 1448 1760 1515 ἀνοιμώζοντος,
1790 1453 1867 1501 καὶ

58 1529 197 1611 ἷζον-ν·
280 1524 529 1590 μονονουχὶ
568 1521 622 1574 τὸ
661 1525 710 1574 ἐν
743 1526 904 1594 βίβλῳ
943 1530 1001 1593 τῇ
1040 1531 1134 1577 τῶν
1168 1533 1431 1593 παροιμιῶν
1461 1530 1685 1595 λέγοντος
1712 1539 1738 1561 “
1760 1533 1865 1583 Οὐκ

283 1610 309 1632 “
336 1603 506 1667 ἤκουον
530 1605 694 1672 φωνὴν
719 1607 1019 1661 παιδεύοντός
1045 1631 1102 1672 με
1128 1613 1203 1659 καὶ
1231 1609 1540 1666 διδάσκοντός
1565 1614 1661 1676 με.”
1698 1614 1865 1665 οὐκοῦν

57 1685 145 1759 {³0¹³-
162 1685 205 1718 iv.
281 1686 343 1738 ὡς
381 1687 406 1736 ὁ
445 1687 640 1740 Παῦλός
680 1692 804 1755 φησι
830 1696 858 1717 “
880 1693 1177 1754 Φοβηθῶμεν
1210 1692 1292 1742 οὖν
1325 1693 1390 1757 μή
1429 1717 1543 1745 ποτε
1582 1702 1863 1747 καταλειπο-

281 1773 308 1795 “
332 1767 471 1832 με’νης
516 1770 800 1834 ἐπαγγελίας
851 1775 1081 1823 εἰσελθεῖν
1124 1777 1186 1826 εἷς
1227 1773 1313 1838 τὴν
1357 1775 1657 1828 κατάπαυσιν
1700 1779 1858 1842 αὐτοῦ,

1288 1856 1380 1923 χρὴ
1426 1857 1518 1925 γὰρ
1563 1859 1743 1927 τρέχειν
1787 1860 1862 1911 ἵνα

278 1931 636 1994 καταλάβωμεν,
665 1934 741 1983 καὶ
776 1933 858 1984 τὸν
887 1936 938 1985 ἐκ
973 1937 1186 1990 δουλείας
1217 1937 1337 2001 ἡμᾶς
1376 1938 1631 2007 ἐξὲλκοντα
1668 1943 1751 2004 τῆς
1783 1965 1861 1993 πι-

60 1843 71 1863 1
89 1834 162 1865 Cor.
176 1834 219 1865 ix.
1214 1855 1224 1871 s

59 1886 109 1917 24·
240 1855 307 1886 ccc
333 1852 446 1918 δοκῇ
490 1873 559 1904 τις
604 1851 660 1919 ἐξ
703 1853 831 1914 ὑμῶν
874 1854 1208 1920 ὑστερηκε’ναι.’

277 2017 404 2078 κρᾶς,
443 2013 508 2078 μὴ
554 2019 653 2068 ταῖς
693 2017 944 2070 ἀπειθείαις
984 2017 1199 2084 ὑβρίζειν,
1240 2020 1529 2085 προσίεσθαι
1569 2021 1617 2072 δὲ
1654 2027 1859 2086 μᾶλλον,

277 2096 352 2145 καὶ
391 2096 572 2150 ὑπτίαις
611 2094 775 2163 ὥσπερ
812 2100 978 2164 χερσὶν
1013 2099 1232 2165 ἁρπάζειν
1263 2101 1348 2166 τὴν
1380 2101 1534 2169 χάριν.

472 2250 546 2291 Καὶ
582 2252 690 2293 ὅπου
726 2252 812 2300 {seb
849 2254 999 2301 ὑπάτω
1036 2252 1154 2303 ὑμεῖς
1192 2257 1240 2297 οὐ
1279 2256 1459 2300 δύνασθε
1497 2256 1651 2301 ἐλθεῖν.

349 2362 424 2411 Οὐ
457 2361 602 2425 μόνον
632 2364 679 2413 ἐν
708 2368 808 2417 ταῖς
843 2366 1020 2415 ἑαυτῶν
1051 2367 1298 2434 ἁμαρτίαις
1335 2370 1654 2440 τεθνήξονται,
1690 2375 1854 2440 φησὶν,

228 2443 382 2492 (Ιάλλ’
412 2443 483 2494 ὅτι
516 2444 592 2494 καὶ
625 2448 720 2495 τῶν
752 2448 834 2509 τῆς
868 2448 1119 2507 βασιλείας
1153 2451 1345 2515 ἀγαθῶν
1380 2451 1471 2520 ἔξω
1506 2460 1703 2516 μενοῦσι
1736 2454 1856 2521 πρὸς

270 2523 354 2579 τὰς
381 2525 476 2576 ἄνω
502 2524 648 2590 μονὰς
676 2527 757 2577 οὐκ
785 2529 1132 2593 ἀναβαίνοντες,
1160 2531 1436 2599 διαγγέλλει
1462 2539 1650 2604 σαφῶς·
1693 2539 1736 2587 οὶ
1759 2536 1853 2605 γὰρ

316 2682 347 2714 9.
375 2671 409 2704 ἐν
427 2672 564 2715 σώμασι
581 2671 778 2707 emendavit
796 2672 891 2708 Aub.
910 2672 945 2707 ἓν
962 2675 1062 2718 σῶμά
1079 2675 1167 2711 εἰσιν
1185 2676 1227 2712 Β.
1248 2676 1368 2713 Holst.
1431 2679 1530 2713 Haec
1547 2679 1653 2714 verba
1671 2679 1799 2715 desunt
1815 2681 1853 2716 in

269 2727 299 2750 a.
319 2716 552 2752 abbreviante.
776 2730 828 2753 10.
856 2720 1087 2765 διαπεζόμενοι
1108 2722 1149 2757 Β.
1372 2736 1424 2759 12.
1452 2726 1678 2771 δικαστηρίων
1694 2739 1723 2762 c.
1743 2727 1851 2762 Cord.

272 2771 324 2806 17.
349 2764 477 2808 βιβλίῳ
494 2767 533 2807 τῇ
549 2764 627 2808 (sic)
644 2765 685 2800 B.
697 2766 844 2800 correxit
858 2766 922 2801 Ht.
933 2767 1131 2803 faventibus
1147 2781 1175 2803 c.
1192 2769 1298 2805 Cord.
1315 2772 1430 2819 βίβλῳ
1444 2772 1595 2806 habetet
1609 2785 1638 2808 a.
1704 2774 1757 2807 18.
1775 2775 1851 2818 φω-

267 2809 325 2852 νὴν
344 2808 452 2843 B.a.c.
472 2809 577 2844 Cord.
596 2813 710 2856 φωνῆς
730 2812 792 2846 Ht.
814 2812 880 2847 Ed.
1034 2826 1085 2860 19.
1111 2818 1396 2863 καταλειπομένης
1414 2819 1561 2853 correxit
1578 2819 1673 2853 Aub.
1693 2820 1848 2853 καταλεί-

266 2869 381 2898 πωμεν
398 2855 444 2890 εἷς
463 2855 504 2889 Β.
526 2856 589 2891 Ht.
778 2869 833 2892 22.
860 2859 944 2903 ἡμᾶς
964 2860 1005 2895 Β.
1028 2861 1091 2896 Ht.
1111 2863 1195 2907 ὑμᾶς
1212 2864 1308 2899 Aub.
1499 2876 1553 2908 24.
1581 2866 1702 2900 ὑπτίαν
1722 2865 1763 2900 Β.
1785 2865 1846 2900 Ht.

266 2901 461 2935 emendavit
478 2902 572 2936 Aub.
716 2904 770 2938 26.
798 2905 1048 2950 ἐντεθνήξονται
1067 2920 1129 2943 a.c.
1150 2909 1256 2945 Cord.

1892 983 1940 1008 10

1889 1392 1935 1430 15

1883 1801 1933 1827 20
