2022 3272
110 128 249 180 xiv.4.
489 131 556 171 IN
603 132 1015 172 S.J()ANN1‹:M.
1085 131 1202 171 12‘113.
1240 132 1315 171 lx.
1608 127 1689 165 ›1-07

108 241 149 287 οἰ
188 238 468 303 βαδίζοντες,
495 240 580 304 τὴν
613 241 840 307 λαμπρὰν
872 246 965 291 τῶν
993 243 1141 306 ἁγίων
1174 242 1462 291 καλλίπολιν
1495 240 1568 287 καὶ
1608 235 1694 298 τὴν

106 321 358 386 ἐλευθέραν
382 322 700 387 Ἰερουσαλὴμ
734 325 782 373 ἐν
808 328 902 376 τοῖς
937 323 1215 388 ὡρισμένοις
1250 321 1454 390 ὄψονται
1489 318 1690 385 χρόνοις.
1712 339 1733 363 c

107 406 181 452 καὶ
209 402 348 456 αὐτὸς
375 403 421 453 δέ
448 404 596 455 πάλιν
623 407 647 455 ὁ
675 405 928 458 θεσπέσιος
955 405 1065 468 ἡμῖν
1091 403 1316 473 μελῳδὸς,
1339 405 1399 456 ὡς
1425 401 1544 468 πρὸς
1572 399 1697 450 (θεὸν

108 485 302 551 Πατέρα
341 487 471 554 φησί
506 493 532 515 “
562 485 907 550 Νομοθέτησόν
945 510 1016 550 με,
1053 487 1212 552 Κύριε,
1245 489 1292 536 ἐν
1328 489 1386 552 τῇ
1426 485 1518 552 ὁδῷ
1558 481 1694 532 σου.”
1758 479 1918 552 1¹25xxvi.

65 568 324 628 5ἐπιθυμεῖ
364 567 458 634 γὰρ
507 573 604 621 τοῖς
655 567 730 618 διὰ
777 572 995 634 Χριστοῦ
1039 567 1343 618 παιδεύεσθαι
1388 565 1565 627 νόμοις,
1616 564 1698 613 οὐκ

108 648 351 713 ἀγνόησας
390 673 458 703 τις
498 650 568 700 ὅτι
608 652 684 700 καὶ
722 649 841 715 πρὸς
881 649 967 714 τὴν
1006 650 1102 700 ἅνω
1147 652 1377 709 βαδιεῖται
1421 647 1580 707 πόλιν,
1623 644 1700 695 διὰ

110 733 194 793 τῆς
253 732 560 797 εὐαγγελικῆς
611 731 917 793 παιδεύσεως,
971 730 1170 782 κατευθὺ
1221 730 1398 783 παντὸς
1451 728 1699 796 ἐρχόμενος

111 815 307 877 ἀγαθοῦ.
375 817 450 864 καὶ
494 820 794 881 παρενεγκεῖν
833 812 919 877 μὲν
959 815 1012 864 οὐ
1058 813 1272 880 χαλεπὸν
1317 814 1392 863 καὶ
1434 812 1591 877 ἑτέρας
1635 811 1701 861 ε”τι

109 894 300 948 πολλὰς
338 897 388 946 ἐκ
425 901 688 964 προφητῶν
727 896 997 962 μαρτυρίας,
1033 896 1087 945 δι’
1129 893 1193 944 ῶν
1232 893 1289 945 ἂν
1329 895 1552 958 εἰδείημεν
1592 892 1702 944 ὁδὸν

44 994 92 1019 10
110 975 196 1040 τὴν
233 978 373 1042 ἁγίαν
411 978 793 1042 ἀποκεκλημένον
829 976 910 1028 τὸν
934 976 1140 1041 Ἰησοῦν,
1175 976 1286 1027 ἀλλ’
1315 975 1447 1026 οὐδὲν
1483 973 1609 1038 οἶμαι
1648 974 1701 1024 τὸ

111 1060 367 1124 ἀναγκαῖον
392 1065 488 1113 τοῖς
515 1062 635 1111 οὕτω
662 1064 835 1127 σαφῶς
863 1059 1143 1124 ἐγκειμένοις
1175 1063 1237 1112 εἰς
1272 1057 1439 1122 ὄνησιν
1465 1057 1692 1122 ἐπαγωνί-
1720 1058 1746 1098 d

113 1139 276 1205 ζεσθαι
308 1141 518 1210 σφόδρα.
573 1142 676 1193 ἰ’στε
702 1143 858 1193 τοίνυν
884 1141 970 1205 τὴν
997 1140 1122 1199 ὁδὸν,
1152 1142 1206 1191 δι’
1236 1140 1289 1205 ἧς
1316 1139 1374 1190 ἂν
1402 1140 1525 1201 ἰὀιτε,
1554 1140 1698 1207 φησὶ,

113 1224 190 1273 καὶ
227 1223 357 1274 αὐτοὶ
395 1223 514 1290 πρὸς
551 1223 636 1277 τὰς
671 1224 767 1274 ἄνω
801 1222 963 1287 μονὰς,
991 1223 1079 1286 ἤδη
1118 1228 1258 1273 τοῦτο
1296 1225 1600 1287 παραδηλῶν,
1628 1223 1704 1270 καὶ

115 1304 272 1371 ἕτερον
304 1305 504 1370 οὐδὲν,ἢ
544 1305 615 1356 ὅτι
652 1304 818 1356 πολλὰ
856 1304 942 1368 μὲν
972 1305 1081 1356 λίαν
1112 1306 1188 1355 καὶ
1227 1305 1436 1371 εὐπρεπῆ
1475 1302 1535 1353 τὰ
1572 1301 1704 1368 παρὰ

50 1396 95 1434 15
116 1389 225 1456 Θεῷ
250 1390 326 1438 καὶ
355 1390 510 1454 Πατρὶ
543 1387 868 1452 καταλύματα,
897 1388 973 1438 καὶ
1010 1385 1158 1438 τόπον
1186 1388 1292 1449 ὑμῖν
1318 1385 1586 1452 παῤῥησίας
1621 1389 1704 1434 τοῦ

114 1470 191 1519 καὶ
227 1470 276 1519 ἐν
299 1470 486 1523 ἐκείνοις
520 1469 741 1535 γενέσθαι
773 1474 870 1523 τοῖς
906 1469 1091 1536 χωρίοις
1126 1467 1392 1532 ἑτοιμάσων
1422 1465 1700 1534 προαναβή-

115 1573 280 1615 σομαι.
334 1550 464 1615 πλὴν
490 1551 607 1613 ἰ’στε,
633 1553 799 1620 φησὶν,
828 1553 888 1605 ὡς
924 1552 1005 1601 οὐκ
1039 1550 1098 1600 ἄν
1121 1573 1190 1603 τις
1217 1551 1270 1600 δι’
1301 1549 1458 1615 ἑτέρου
1491 1547 1617 1601 τινὸς
1651 1546 1705 1597 τὸ

116 1634 265 1683 ἐκεῖσε
292 1633 515 1698 γενέσθαι
542 1633 699 1696 λάβοι,
715 1632 846 1697 πλὴν
872 1634 927 1683 δι’
946 1635 1059 1696 ἐμοῦ
1085 1634 1161 1683 καὶ
1187 1632 1348 1696 μόνου.
1382 1632 1551 1682 οὐκοῦν
1575 1629 1618 1680 εἴ
1637 1652 1705 1682 τις

118 1714 307 1766 ἐκπέσοι
333 1721 416 1766 τοῦ
442 1717 723 1780 ἀγαπᾶσθαι
750 1714 881 1781 παρὰ
907 1718 1141 1780 Χριστοῦ,
1171 1712 1199 1778 ὴ
1231 1713 1458 1778 βεβήλοις
1491 1715 1702 1780 κενοφω-
1724 1733 1745 1760 e
1765 1717 1927 1793 511512'3111-

50 1813 100 1838 20
119 1797 235 1851 νίαις
268 1799 344 1848 καὶ
379 1795 656 1849 ἀλλοκότων
680 1795 905 1863 ῥημάτων
931 1796 1243 1862 ἀκαθαρσίαις
1275 1794 1530 1861 προσέχων
1555 1815 1701 1844 συκο-
1801 1787 1807 1793 ’
1870 1786 1876 1792 ’

120 1883 315 1949 φαντεῖν
341 1879 589 1943 ἑλομένων,
616 1878 702 1942 τὴν
729 1879 933 1945 ἄῤῥητον
959 1878 1101 1928 αὐτοῦ
1127 1879 1203 1927 καὶ
1230 1874 1534 1943 ἀπερινόητον
1559 1875 1709 1943 φύσιν

121 1963 183 2015 ὡς
208 1963 256 2012 ἐν
282 1961 468 2015 δούλοις
495 1959 784 2022 κατατάττει,
811 1961 888 2010 καὶ
914 1964 1010 2012 τοῖς
1036 1958 1303 2024 γενομένοις
1329 1961 1609 2023 καταριθμεῖ
1627 1955 1710 2006 τὸν

120 2042 365 2109 ἐλεύθερον
409 2044 485 2092 καὶ
530 2044 580 2093 ἐκ
625 2045 706 2105 τῆς
753 2042 918 2095 οὐσίας
964 2046 1048 2092 τοῦ
1094 2041 1284 2107 Πατρός
1331 2063 1384 2105 γε
1429 2038 1712 2105 γεννηθέντα

122 2123 297 2189 Λόγον,
324 2125 471 2189 η’γουν
496 2125 603 2175 καθ’
633 2122 790 2190 ἕτερόν
816 2146 919 2173 τινα
954 2121 1184 2187 λυπήσειε
1219 2121 1411 2188 τρόπον,
1438 2120 1711 2186 γινωσκέτω

54 2216 103 2256 25
123 2203 293 2257 λοιπὸν
330 2209 413 2270 τῆς
450 2204 569 2272 πρὸς
607 2205 661 2256 τὸ
700 2205 796 2256 ἅνω
835 2205 1024 2271 πορείας
1063 2203 1150 2268 τὴν
1189 2203 1299 2254 ὁδὸν
1336 2202 1596 2264 ἀπολέσας,
1636 2202 1712 2252 καὶ

123 2287 483 2352 πεπλανημένος
509 2287 594 2352 μὲν
619 2293 702 2338 τοῦ
728 2287 844 2338 ἰδίου
878 2286 1110 2353 γεωργιόυ
1146 2285 1254 2339 τοὺς
1289 2285 1476 2354 ἄξονας,
1504 2283 1624 2335 κατὰ
1658 2282 1712 2334 τὸ
1730 2302 1752 2326 a
1786 2294 1869 2330 767
1883 2291 1935 2326 A.

125 2369 366 2435 εἰρημένον
416 2369 506 2421 ὑπό
553 2393 690 2432 τινος,
734 2369 922 2438 ὑφέξων
974 2369 1021 2419 δὲ
1073 2367 1262 2422 πάντως
1311 2366 1398 2431 τὴν
1441 2371 1537 2420 τοῖς
1587 2365 1713 2417 κάτω

125 2451 320 2514 μένουσι
369 2452 648 2517 πρέπουσαν
692 2452 838 2516 δίκην.
913 2450 989 2501 διὰ
1039 2456 1178 2501 τοῦτο
1229 2451 1305 2500 καὶ
1354 2451 1378 2499 ὁ
1428 2448 1716 2516 σοφώτατος

128 2536 324 2585 Παῦλος
350 2532 458 2585 τοὺς
484 2533 837 2598 ἀρνησαμένους
863 2533 912 2582 ἐκ
940 2531 1322 2600 φρενοβλαβείας
1354 2529 1407 2580 τὸ
1440 2532 1487 2580 ἐν
1514 2533 1716 2598 Χριστῷ

57 2634 107 2670 3ο
125 2613 474 2675 πολιτεύεσθαι,
500 2615 939 2677 παλινδρομοῦντας
966 2612 1013 2662 δὲ
1038 2610 1158 2677 πρὸς
1185 2611 1268 2664 τὰς
1295 2613 1344 2661 ἐκ
1373 2609 1517 2673 νόμου
1552 2608 1710 2672 σκιὰς,

181 2800 234 2823 12.
260 2787 346 2828 εἴητε
366 2788 406 2821 Ε.
569 2798 620 2828 14.
646 2787 722 2831 περὶ
742 2786 783 2820 Ε.
947 2796 998 2828 15.
1028 2785 1103 2827 ὑμῖν
1122 2783 1254 2818 correxi
1276 2790 1356 2827 post
1373 2783 1506 2826 Migne.
1526 2782 1603 2825 ἡμῖν
1621 2782 1716 2817 Aub.

135 2837 188 2870 18.
214 2834 390 2880 γενέσθαι]
415 2839 449 2874 -f-
473 2835 542 2869 τοῖς
559 2833 696 2877 χωρίοις
715 2834 747 2875 (e
766 2844 872 2876 Supra
890 2838 929 2866 ut
947 2836 1063 2875 saepe)
1087 2831 1128 2864 E.
1242 2841 1296 2864 21.
1322 2830 1489 2873 ἑλομένων
1508 2830 1548 2863 Ε.
1567 2829 1717 2875 ἑλομένῳ

134 2883 201 2917 Ed.
324 2893 378 2926 23.
405 2880 645 2926 γεγεννηθέντα
665 2880 743 2923 (Sic)
761 2879 855 2913 Aub.
873 2876 1185 2933 ‘yevaHe'v‘raJlaud
1203 2877 1291 2910 male
1312 2877 1445 2921 Migne.
1574 2887 1628 2918 24.
1655 2878 1716 2909 λυ-

133 2929 245 2973 πήσας
263 2929 304 2963 Ε.
449 2939 501 2969 23.
529 2942 585 2969 της
603 2938 666 2971 pro
684 2928 721 2960 τὸ
743 2926 781 2959 h.
855 2924 931 2969 τὴν]
952 2926 969 2958 ὁ
986 2925 1045 2968 τὴν
1065 2924 1106 2957 h.
