2037 3266
318 138 401 179 502
725 142 774 184 Β.
809 143 1089 185 CYRILLI
1131 145 1512 188 ALEXANDR.
1741 148 1823 188 xiv.
1846 160 1911 201 24.

320 247 452 299 ἐστιν
484 247 513 314 ἢ
549 250 741 316 ἀγαθὸς,
776 257 813 304 εἰ
849 256 924 304 καὶ
961 255 1045 305 οὐκ
1083 259 1146 309 εἷς
1184 255 1330 321 ἄκρον
1359 256 1588 322 πονηρίας
1627 255 1785 323 τυχὸν,
1811 257 1914 321 ἤτοι

320 333 403 394 τῆς
442 333 752 398 ἀγαθότητος.
809 337 978 387 οὐκοῦν
1013 336 1265 404 ἰσχύοντος
1303 339 1352 388 ἐν
1383 338 1495 402 ἡμῖν
1528 343 1612 389 τοῦ
1649 337 1764 400 ἑνὸς,
1796 340 1910 389 ἀτο-

323 414 456 478 νήσει
493 414 684 470 πάντως
721 415 775 468 τὸ
815 417 985 484 ἕτερον,
1010 418 1243 482 τουτέστι,
1271 418 1326 470 τὸ
1361 420 1578 473 ἐναντίως
1611 418 1735 487 ἕχον.
1792 423 1829 470 εἰ
1865 420 1913 471 δὲ

276 497 370 547 be’v
400 501 467 566 τῷ
503 501 708 564 τηρῆσαι
742 499 827 553 τὰς
857 499 1053 554 ἐντολὰς
1091 499 1146 551 τὸ
1185 503 1269 564 τῆς
1307 502 1473 567 ἀρετῆς
1509 499 1627 556 εἶδός
1665 502 1783 564 ἐστι,
1813 506 1914 556 πῶς

321 580 425 646 οὐχὶ
470 579 845 646 προδηλότατον,
887 583 949 636 ὡς
991 583 1039 632 ἐν
1078 587 1145 652 τῷ
1189 582 1255 647 μὴ
1300 586 1506 649 τηρῆσαι
1549 586 1633 647 τῆς
1678 584 1840 637 κακίας
1884 584 1954 647 ἡ5

320 662 504 727 γένεσις
525 684 538 724 3
595 661 835 714 ἀπόκειται
877 663 927 714 δὲ
973 663 1137 729 ὥσπερ
1182 669 1249 734 τῷ
1291 664 1562 732 τετηρηκότι
1608 664 1662 716 τὸ
1706 665 1828 732 ἔχειν
1865 667 1913 715 ἐν

320 746 469 813 ἑαυτῷ
502 744 585 795 τὸν
614 745 808 811 Πατέρα
843 749 918 797 καὶ
953 746 1035 797 τὸν
1062 745 1193 810 Υὶὸν,
1222 746 1337 814 ὅπερ
1372 749 1504 798 ἐστὶν
1530 747 1722 811 ἁπάσης
1756 752 1909 811 θυμη-

321 828 422 879 δίας
466 849 516 877 τε
556 831 631 878 καὶ
674 826 816 896 δόξης
861 827 984 896 ἀρχὴ
1030 830 1105 879 καὶ
1151 827 1391 883 ὑπόθεσις·
1451 832 1572 880 οὕτω
1617 831 1694 880 καὶ
1736 834 1802 898 τῷ
1846 828 1912 893 μὴ

320 908 582 975 τηρήσαντι
621 909 675 961 τὸ
714 911 889 975 ἥκιστα
927 916 1185 979 μετασχεῖν
1223 914 1306 975 τῆς
1345 913 1472 966 θείας
1509 935 1560 963 τε
1595 914 1669 963 καὶ
1708 913 1913 979 ἀῤῥήτου

322 991 526 1059 φύσεως,
555 991 669 1058 ὅπερ
705 995 836 1044 ἐστὶν
867 993 1052 1047 οὐδενὸς
1086 992 1140 1044 τὸ
1174 993 1374 1058 σύμπαν
1406 993 1674 1048 ἀπόλαυσις
1710 995 1901 1060 ἀγαθοῦ.
1933 1021 1982 1046 10

321 1074 490 1124 οὐκοῦν
516 1074 558 1124 εἴ
577 1097 643 1144 τῳ
677 1074 826 1126 καλὸν
852 1078 927 1126 καὶ
962 1075 1248 1145 ἀξιέραστον
1273 1074 1388 1127 εἶναι
1424 1079 1553 1126 δοκεῖ
1581 1075 1635 1127 τὸ
1669 1079 1753 1139 τῆς
1787 1077 1913 1130 θείας

281 1155 514 1224 Οφύσεως
560 1163 859 1225 μεταλαχεῖν,
899 1158 1251 1220 ἐνδιαιτώμενόν
1295 1181 1344 1209 τε
1389 1161 1464 1209 καὶ
1506 1160 1772 1209 ἐνοικοῦντα
1815 1164 1912 1212 τοῖς

319 1241 403 1301 τῆς
438 1239 631 1304 καρδίας
665 1241 886 1304 ταμιείοις
920 1239 1003 1290 τὸν
1028 1245 1122 1290 τῶν
1150 1239 1277 1291 ὅλων
1304 1240 1424 1307 ἔχειν
1451 1241 1644 1306 Πατέρα
1679 1242 1755 1291 καὶ
1787 1240 1912 1292 Θεὸν

319 1320 374 1371 δι’
404 1324 522 1371 Υἱοῦ
560 1323 608 1372 ἐν
636 1322 891 1385 Πνεύματι,
919 1322 1155 1388 διανιζέτω
1191 1321 1278 1386 τὴν
1308 1323 1473 1373 ἑαυτοῦ
1510 1322 1688 1391 ψυχὴν,
1715 1324 1790 1373 καὶ
1824 1322 1910 1387 τὴν

319 1403 369 1453 ἐκ
408 1405 491 1466 τῆς
530 1402 845 1471 φαυλότητος,
883 1403 939 1455 δι’
971 1402 1035 1454 ὧν
1074 1403 1133 1455 ἂν
1171 1405 1360 1456 δύναιτο
1394 1404 1599 1470 τρόπων,
1633 1409 1826 1468 μᾶλλον
1861 1404 1908 1455 δὲ
1932 1430 1978 1467 15

320 1484 395 1536 διὰ
428 1486 590 1550 πάσης
626 1487 947 1553 ἀγαθουργίας
981 1487 1276 1554 ἀποτριβέτω
1303 1491 1488 1551 κηλῖδα.
1541 1491 1793 1554 χρηματιεῖ
1814 1486 1908 1552 γὰρ

318 1565 423 1618 τότε
461 1567 569 1621 ναὸς
606 1568 751 1622 ὅντως
777 1572 920 1619 Θεοῦ·
964 1569 1290 1620 ἀναπαύσεται
1326 1569 1373 1620 δὲ
1408 1571 1456 1619 ἐν
1485 1569 1611 1637 αὐτῷ
1647 1570 1722 1619 καὶ
1759 1592 1903 1620 κατα-

95 1637 232 1720 ξὲζζΓ
320 1649 472 1712 λύσει,
501 1650 621 1701 κατὰ
655 1650 709 1701 τὸ
745 1650 1085 1717 γεγραμμένον.
1139 1652 1191 1702 οὐ
1219 1650 1312 1717 γὰρ
1339 1651 1473 1702 ε”σται
1502 1650 1601 1702 κατ’
1630 1653 1801 1702 ἐκεῖνον
1826 1651 1909 1703 τὸν

95 1735 193 1809 §2¹2²
319 1733 367 1782 ἐν
399 1737 496 1785 τοῖς
534 1733 825 1798 εὐαγγελίοις
865 1733 1055 1797 νομικὸν
1090 1734 1443 1797 ὠνομασμένον,
1471 1731 1520 1786 ’ὸς
1550 1732 1636 1797 τὴν
1660 1732 1791 1799 παρὰ
1826 1739 1909 1784 τοῦ

312 1816 540 1880 Σωτῆρος
581 1816 635 1865 οὐ
672 1817 939 1881 περιμείνας
974 1814 1125 1882 χάριν,
1158 1815 1447 1880 αὐτόκλητος
1482 1813 1596 1866 εἶναι
1633 1813 1753 1880 πρὸς
1791 1817 1900 1866 ἀκο-
1929 1839 1979 1863 20

273 1902 299 1942 d
319 1897 552 1960 λούθησιν
591 1898 697 1966 ἔφη,
737 1900 812 1948 καὶ
853 1897 938 1962 τὴν
983 1899 1129 1952 οὕτως
1172 1897 1470 1967 ἀξιάγαστον
1512 1897 1731 1964 ἁρπάζων
1769 1897 1908 1962 τιμήν

1894 1979 1904 1995 ’

96 1976 255 2008 SMatth.

96 2021 151 2051 viii
182 2029 219 2062 19
318 1983 443 2046 φησι
487 1986 514 2008 “
530 1978 826 2042 Διδάσκαλε,
876 1980 1196 2044 ἀκολουθήσω
1247 2004 1328 2030 σοι
1378 1980 1497 2031 ὅπου
1547 1979 1627 2030 ἐὰν
1677 1979 1889 2047 ἀπέρχῃ·’

317 2060 450 2111 ἀλλὰ
488 2062 537 2112 τί
569 2061 687 2129 πρὸς
721 2061 863 2113 αὐτὸν
895 2063 920 2112 ὁ
962 2063 1151 2128 Κύριος,
1180 2065 1242 2116 ὡς
1279 2064 1327 2113 ἐν
1352 2065 1612 2128 παραβολῇ
1648 2064 1724 2112 καὶ
1759 2062 1907 2126 αἰνίγ-

95 2151 211 2184 Ibam.
315 2165 459 2205 ματι;
505 2148 611 2194 “Al
650 2144 890 2197 ἀλώπεκες
927 2144 1143 2212 φωλεοὺς
1182 2144 1362 2212 ἔχουσι,
1393 2147 1468 2195 καὶ
1499 2143 1559 2194 τὰ
1596 2142 1785 2195 πετεινὰ
1821 2148 1906 2194 τοῦ

315 2232 343 2254 “
369 2226 567 2291 οὐρανοῦ
601 2226 1004 2289 κατασκηνώσεις,
1032 2228 1056 2276 ὁ
1085 2225 1135 2276 δὲ
1163 2227 1258 2280 υἱὸς
1289 2232 1370 2277 τοῦ
1408 2225 1661 2292 ἀνθρώπου
1695 2226 1778 2276 οὐκ
1813 2225 1904 2292 ἔχει
1928 2244 1976 2282 25

316 2313 343 2336 “
368 2313 462 2358 ποῦ
510 2308 597 2371 τὴν
646 2306 863 2375 κεφαλὴν
915 2307 1099 2375 κλίνῃ.”
1161 2308 1411 2361 ἀλώπεκας
1469 2307 1518 2358 δὲ
1572 2309 1648 2357 καὶ
1705 2307 1905 2373 οὐρανοῦ

313 2388 514 2452 πετεινὰ,
541 2388 647 2442 τους
673 2389 970 2455 πανούργους
996 2392 1071 2440 καὶ
1098 2388 1391 2454 ἀκαθάρτους
1417 2387 1637 2452 ὠνόμασε
1665 2391 1904 2453 δαίμονας,

314 2472 390 2521 καὶ
432 2469 491 2521 τὰ
536 2470 770 2536 ἐγκόσμια
814 2473 947 2522 ταυτὶ
991 2473 1067 2521 καὶ
1112 2471 1242 2536 ἀέρια
1287 2471 1546 2535 πνεύματα,
1591 2468 1622 2520 ἃ
1666 2476 1767 2525 ταῖς
1810 2476 1906 2523 τῶν

315 2552 589 2620 φιληδόνων
634 2553 841 2619 καρδίαις
888 2555 1215 2621 ἐμφιλοχωρεῖ
1252 2576 1301 2604 τε
1347 2555 1424 2604 καὶ
1467 2551 1772 2618 ἐναυλίζεται,
1818 2553 1905 2616 τὴν

275 2656 296 2682 e
315 2639 409 2685 τῶν
442 2636 571 2685 ἰδίων
606 2634 886 2699 θελημάτων
919 2633 1088 2702 ε”χοντα
1125 2635 1396 2701 πλήρωσιν,
1429 2634 1817 2702 στενοχωροῦντά
1854 2658 1902 2686 τε
1923 2658 1974 2694 30

314 2718 437 2768 οὕτω
476 2715 560 2770 τὰς
598 2717 769 2770 ἀθλίας
806 2720 901 2767 τῶν
940 2716 1203 2783 δεχομένων
1237 2716 1417 2784 ψυχὰς,
1456 2719 1518 2770 ὡς
1556 2716 1704 2767 τόπον
1739 2716 1903 2768 οὐδένα

359 2861 392 2895 8.
417 2863 464 2907 τῷ
484 2860 568 2895 E-F.
590 2860 656 2895 Ed.
675 2873 748 2905 mg.
766 2861 804 2895 τὸ
824 2860 890 2895 Ed.
988 2872 1021 2904 9.
1047 2859 1257 2905 τηρήσαντες
1276 2860 1318 2894 Ε.
1429 2871 1482 2905 13.
1509 2861 1673 2904 ταμιείοις
1691 2861 1733 2894 Ε.
1752 2860 1902 2918 ταμείοις

313 2906 380 2940 Ed.
493 2916 545 2951 15.
572 2909 686 2951 τρόπω
707 2908 748 2942 Ε.
858 2907 910 2941 16.
938 2907 992 2941 διὰ
1010 2909 1123 2950 πάσης
1142 2908 1183 2941 Ε.
1202 2907 1243 2941 δι’
1261 2907 1396 2951 ἁπάσης
1415 2907 1481 2940 Ed.
1593 2908 1648 2940 28.
1676 2907 1838 2952 ε’νκοσμια
1858 2907 1899 2941 h.

310 2957 377 2987 τῶν
394 2963 619 2998 assumptum
637 2966 678 2987 ex
700 2955 740 2988 E.
882 2965 939 2999 30.
966 2956 1205 3000 στενοχωροῦν
1223 2954 1265 2988 Ε.
1409 2965 1465 2998 3¹·
1493 2955 1620 2998 ψυχῶν
1640 2954 1683 2987 Ε.
