2037 3266
108 484 194 515 Phil.
210 485 252 516 iv.

107 1202 162 1232 Ps.
179 1202 263 1232 xxvi.

330 131 415 170 400
734 132 783 172 B.
818 131 1097 172 CYRILLI
1139 131 1520 172 ALEXANDR.
1775 131 1916 171 xiv.1.

331 240 651 308 μικροψυχίας
693 244 1000 291 κατολισθεῖν
1039 243 1102 293 εἷς
1145 241 1338 290 δειλίαν.
1412 245 1517 292 νοῦς
1560 237 1652 304 γὰρ
1694 239 1823 288 οὔπω
1862 240 1920 304 τῇ

332 321 512 371 ἄνωθεν
553 322 793 388 ἱδρυμένος
836 323 1009 389 χαρίτι,
1049 321 1203 375 δειλός
1246 345 1295 372 τε
1342 324 1417 372 καὶ
1460 318 1797 387 εὐανάτρεπτος
1845 322 1920 369 καὶ

332 406 393 456 εἷς
433 401 487 454 τὸ
523 408 797 455 κλονεῖσθαι
836 403 995 470 ταχύς.
1061 401 1138 453 διά
1175 426 1245 454 τοι
1285 409 1423 454 τοῦτο
1461 405 1535 454 καὶ
1575 404 1600 453 ὁ
1639 402 1921 470 σοφώτατος

335 488 531 539 Παῦλος
570 485 875 554 ἐπευχόμενός
914 508 1042 535 τισιν
1080 483 1356 535 ἐπιστέλλει
1396 492 1423 514 “
1448 487 1543 535 Καὶ
1577 485 1605 548 ἡ
1644 482 1800 549 εἰρήνη
1838 488 1922 533 τοῦ

294 573 361 613 <3“
388 571 605 633 Χριστοῦ
645 568 672 631 ἡ
715 566 1010 634 ὑπερέχουσα
1048 565 1205 618 πάντα
1242 573 1351 618 νοῦν
1387 566 1651 634 φρουρήσει
1689 565 1773 619 τὰς
1811 577 1964 631 καρ-5

333 657 360 679 “
388 651 488 704 δίας
531 648 704 712 ὑμῶν.”
769 655 908 700 τοῦτο
959 646 1053 716 γάρ
1096 650 1199 699 ἐστι
1247 648 1301 700 τὸ
1352 648 1417 714 μὴ
1469 648 1785 716 ταράττεσθαι
1835 647 1922 712 τὴν

331 732 541 798 καρδίαν.

530 848 759 890 Πιστεύετε
797 846 857 889 cic
894 848 967 890 τὸν
1007 848 1130 899 Θεὸν,
1172 847 1240 889 καὶ
1278 845 1338 889 εἰς
1376 846 1452 896 ἐμὲ
1490 848 1722 892 Πιστεύετε,

403 962 644 1027 Ὁπλίτην
675 961 915 1029 ἐργάζεται
952 961 1035 1013 τὸν
1067 963 1175 1028 ἄρτι
1208 961 1382 1025 δειλὸν,
1410 964 1488 1013 καὶ
1519 961 1595 1011 διὰ
1627 961 1923 1027 πραγμάτων

331 1046 381 1094 ἐκ
409 1043 567 1112 φόβου
592 1043 872 1111 τραυμάτων
899 1048 1139 1096 ποιεῖσθαι
1169 1045 1346 1095 κελεύει
1377 1043 1431 1094 τὸ
1468 1045 1516 1094 ἐν
1541 1045 1698 1094 πίστει
1724 1042 1918 1109 γοργόν.
1946 1068 1993 1103 Ιρ

331 1125 579 1192 σωζόμεθα
603 1126 696 1193 γὰρ
724 1128 884 1190 οὕτως,
912 1132 988 1178 καὶ
1024 1128 1111 1194 οὐχ
1143 1127 1321 1193 ἑτέρως,
1349 1127 1450 1177 κατ’
1479 1127 1622 1176 ἐκεῖνο
1659 1125 1715 1190 δή
1741 1148 1833 1176 που
1868 1125 1922 1176 τὸ

287 1216 311 1256 d
332 1210 380 1258 ἐν
430 1212 648 1277 ψαλμοῖς
703 1210 1065 1278 μελῳδούμενον
1118 1216 1143 1238 “
1174 1208 1348 1274 Κύριος
1397 1207 1646 1277 φωτισμός
1700 1230 1791 1269 μου
1847 1209 1922 1258 καὶ

331 1299 359 1320 “
385 1291 550 1357 σωτήρ
576 1315 682 1355 μου,
703 1292 806 1342 τίνα
834 1291 1179 1360 φοβηθήσομαι
1202 1313 1213 1353 ;
1253 1291 1427 1356 Κύριος
1455 1288 1815 1356 ὑπερασπιστὴς
1840 1292 1922 1352 τῆς

332 1381 358 1403 “
385 1374 502 1440 ζωῆς
539 1397 643 1437 μου,
675 1373 768 1424 ἀπὸ
805 1375 929 1427 τίνος
963 1373 1250 1435 δειλιάσω;”
1294 1372 1678 1439 ὑπερμαχομένου
1715 1370 1808 1437 γὰρ
1846 1372 1921 1421 καὶ

332 1456 730 1522 ὑπερασπίζοντος
774 1456 906 1519 ἡμῶν
947 1462 1030 1506 τοῦ
1072 1453 1228 1507 πάντα
1272 1455 1523 1522 ἰσχύοντος
1569 1458 1709 1515 Θεοῦ,
1752 1455 1821 1506 τίς
1864 1451 1922 1504 ἂν
1947 1478 1959 1501 1

333 1538 453 1601 ἡμᾶς
494 1538 682 1589 δύναιτο
723 1543 926 1598 κακοῦν;
984 1538 1053 1591 τίς
1096 1536 1146 1587 δὲ
1187 1537 1354 1603 ἰσχύος
1395 1540 1457 1590 εἷς
1501 1542 1640 1587 τοῦτο
1681 1538 1921 1601 δραμεῖται

330 1619 489 1687 τυχὸν,
523 1623 586 1674 ὡς
625 1618 715 1671 ὑπὸ
754 1625 887 1687 χεῖρα
923 1623 1122 1683 ποιῆσαι
1158 1618 1265 1673 τοὺς
1300 1617 1562 1680 ἐκλεκτοὺς,
1596 1620 1671 1668 καὶ
1706 1623 1801 1670 τοῖς
1838 1621 1921 1681 τῆς

331 1703 498 1752 ἑαυτοῦ
538 1703 828 1767 δυστροπίας
869 1703 1106 1752 ὑποθεῖναι
1148 1705 1334 1761 κακοῖς;
1381 1699 1410 1764 ἦ
1449 1701 1519 1753 τίς
1559 1699 1615 1750 ἂν
1651 1698 1806 1750 ἕλοιτο
1844 1701 1921 1750 καὶ

332 1785 643 1850 δορυκτήτους
674 1783 930 1847 ποιήσαιτο
966 1782 1075 1836 τοὺς
1110 1782 1195 1846 τὴν
1223 1784 1352 1833 θείαν
1378 1783 1570 1849 ε”χοντας
1595 1781 1914 1849 παντευχίαν;

333 1867 487 1918 ὅπλον
515 1868 596 1917 οῦν
623 1867 650 1930 ἡ
686 1867 861 1928 πίστις,
888 1865 1091 1932 ἄῤῥαγές
1124 1888 1171 1915 τε
1216 1866 1293 1915 καὶ
1325 1862 1500 1926 πλατῦ,
1528 1865 1602 1914 καὶ
1636 1861 1723 1926 τὴν
1753 1864 1804 1913 ἐκ
1837 1867 1921 1914 τοῦ

295 1955 501 2001 οπαθεῖν
541 1949 727 2000 οἴεσθαί
772 1971 816 1998 τι
866 1946 1010 2015 τυχὸν
1051 1947 1319 2013 ἀποτρέπον
1372 1947 1565 2008 δειλίαν,
1607 1943 1827 2011 ἄπρακτά
1871 1968 1921 1995 τε

333 2036 579 2085 παντελῶς
624 2033 699 2081 καὶ
744 2030 949 2093 ἀνόνητα
989 2033 1235 2083 παντελῶς
1281 2034 1378 2082 τοῖς
1419 2027 1693 2094 πειράζουσι
1736 2026 1796 2078 τὰ
1838 2030 1920 2090 τῆς

332 2113 556 2179 πονηρίας
593 2114 746 2163 αὐτῶν
773 2114 1039 2163 ἀποτελοῦν
1065 2109 1206 2175 βέλη.
1261 2111 1450 2177 ἔχοντος
1485 2109 1532 2160 δὲ
1568 2112 1688 2160 οὕτω
1721 2114 1804 2159 τοῦ
1838 2111 1921 2172 τῆς

331 2197 538 2248 πίστεως
564 2194 727 2260 λόγου,
755 2193 904 2244 πάλιν
927 2194 1072 2244 ἐκεῖνο
1104 2191 1427 2243 διασκεπτέον·
1474 2190 1802 2242 διεκελεύσατο
1827 2190 1921 2257 γὰρ

331 2277 572 2328 πιστεύειν
619 2274 802 2338 αὐτοὺς,
847 2275 930 2324 οὐκ
982 2279 1041 2328 εἰς
1090 2272 1236 2336 μόνον
1276 2274 1343 2324 τὶν
1383 2271 1504 2334 Θεὲν,
1549 2271 1681 2321 ἀλλὰ
1734 2273 1808 2321 καὶ
1861 2278 1920 2327 εἰς

332 2357 487 2419 αὑτὸν,
516 2358 602 2424 οὐχ
628 2358 689 2410 ὡς
716 2354 874 2421 ἕτερόν
900 2378 943 2405 τι
968 2353 1099 2420 παρὰ
1126 2353 1208 2405 τὸν
1235 2353 1348 2404 ὄντα
1373 2352 1519 2421 φύσει
1545 2350 1670 2403 Θεὸν
1696 2351 1920 2418 ὑπάρχων

333 2440 486 2502 αὐτὸς,
527 2439 646 2489 ὅσον
685 2441 748 2491 εἰς
793 2436 957 2490 οὐσίας
1002 2435 1268 2500 ταυτότητά
1313 2434 1455 2500 λέγω,
1499 2434 1609 2483 ἀλλ’
1652 2433 1723 2484 ὅτι
1763 2434 1817 2484 τὸ
1857 2437 1919 2487 εἷς

335 2521 457 2573 Θεὸν
501 2525 776 2581 πιστεῦσαι,
820 2518 868 2569 ε”ν
913 2541 962 2568 τε
1006 2517 1159 2587 τούτῳ
1203 2516 1333 2586 μόνῳ
1381 2521 1448 2585 τῷ
1491 2515 1664 2583 ῥήματι
1714 2513 1796 2565 τὸν
1837 2518 1920 2579 τῆς

331 2604 538 2657 πίστεως
570 2602 752 2652 οἴεσθαι
782 2603 876 2651 δεῖν
902 2604 1303 2666 συμπεπερᾶσθαι
1330 2598 1498 2664 λόγον,
1528 2599 1787 2660 Ἰουδαϊκῆς
1819 2619 1920 2650 πως

112 2701 195 2736 762
210 2700 262 2734 A.
295 2710 316 2734 a
333 2687 463 2736 ἐστὶν
490 2684 707 2736 ὑπονοίας
733 2683 862 2744 ἴδιον,
883 2681 937 2733 τὸ
965 2681 1014 2732 δὲ
1043 2686 1101 2749 τῇ
1127 2686 1190 2736 εἷς
1214 2681 1338 2732 Θεὸν
1363 2681 1520 2732 πίστει
1544 2677 1918 2743 συνεισάγεσθαι
1939 2696 1991 2732 30

381 2815 414 2844 4.
440 2804 500 2836 τοῦ
517 2813 587 2836 om.
604 2801 672 2836 b.c.
692 2798 799 2834 Cord.
870 2797 995 2832 Statim
1016 2800 1104 2832 Θεοῦ
1122 2810 1153 2833 a.
1172 2799 1216 2832 cf.
1236 2798 1271 2831 in
1290 2798 1337 2831 xii
1356 2797 1487 2842 Proph.
1501 2807 1543 2841 51
1561 2796 1594 2836 d,
1615 2796 1682 2840 643
1696 2807 1726 2830 a.
1821 2805 1854 2840 5.
1880 2797 1918 2829 ἅ-

332 2864 439 2883 παντα
458 2860 488 2883 c.
698 2858 751 2892 19.
777 2845 950 2879 ποιεῖσθαι
969 2845 1010 2878 Ε.
1213 2855 1341 2889 30—1).
1354 2855 1434 2886 401,
1453 2856 1486 2886 4,
1505 2849 1539 2877 et
1559 2854 1685 2887 21—1).
1699 2853 1778 2884 402,
1801 2853 1814 2875 1
1837 2842 1919 2876 citat

334 2897 482 2929 Severus
508 2901 629 2929 contra
655 2894 830 2928 Joannem
857 2891 1136 2926 Grammaticum
1163 2903 1238 2936 cap.
1260 2902 1302 2935 29
1323 2891 1479 2935 (Syriace
1505 2889 1581 2924 cod.
1608 2888 1689 2923 add.
1710 2897 1833 2933 12157,
1857 2888 1916 2922 fol.

338 2953 398 2983 141
417 2942 467 2983 v).

1943 1887 1993 1911 20
