2001 3231
281 101 337 140 90
686 99 738 140 B.
771 99 1047 140 CYRILLI
1088 99 1471 141 ALEXANDR.
1696 96 1870 151 viii.43.

280 206 400 275 πρὸς
434 206 488 259 τὸ
525 211 713 276 φαῦλον
737 209 976 276 ἀχαλίνως
1013 208 1192 276 ε”χουσα
1225 207 1348 276 ῥοπὴ
1382 206 1755 274 προσεκλύουσα
1788 207 1871 269 τῆς

280 290 472 357 καρδίας
507 291 590 342 τὸν
615 290 768 354 τόνον,
793 293 972 357 ἀδρανῆ
1009 292 1085 341 καὶ
1121 290 1453 355 ἀτολμοτάτην
1479 289 1624 354 αὐτὴν
1656 287 1866 355 ἀπεργά-

281 372 404 439 ζεται
438 371 558 440 πρός
593 396 647 439 γε
682 372 736 424 τὸ
775 373 1008 424 δύνασθαι
1034 376 1294 438 κατορθοῦν
1322 371 1505 439 ἀρετήν.
1566 375 1866 439 προησθενη-

281 453 413 509 κότες
451 460 703 522 τοιγαροῦν
742 459 844 508 ταῖς
883 458 944 508 εἷς
990 454 1271 523 φαυλότητα
1308 456 1490 522 ῥοπαῖς,
1530 457 1604 506 καὶ
1645 454 1735 505 ὑπὸ
1777 457 1873 504 τῶν

282 537 411 587 ἰδίων
436 541 605 588 παθῶν
630 536 1004 604 τυραννούμενοι,
1033 538 1173 605 φησὶ,
1202 537 1268 588 τὶν
1296 535 1393 605 ἐμόν
1419 536 1587 589 ἀκούειν
1614 540 1657 588 οὐ
1694 533 1873 587 δύνασθε
1895 548 1917 588 5

56 613 138 643 Hos.

55 657 122 687 xiv.
142 666 172 696 9.

281 619 427 684 λόγον·
472 626 498 648 “
522 619 710 670 Εὐθεῖαι
736 617 823 682 μὲν
848 617 941 685 γὰρ
968 622 1015 669 αἱ
1041 619 1139 669 ὁδοὶ
1169 619 1386 685 Κυριόυ,”
1414 617 1535 669 κατὰ
1565 617 1620 670 τὸ
1655 640 1870 684 γεγραμ-

236 698 432 763 ᾶμένον,
473 707 499 730 “
526 703 601 751 καὶ
640 701 808 752 δίκαιοι
848 700 1163 766 πορεύσονται
1204 701 1253 751 ἐν
1291 702 1463 763 αὐταῖς,
1504 703 1546 752 οἱ
1589 699 1638 751 δὲ
1683 702 1874 763 ἀσεβεῖς

282 789 309 811 “
337 783 692 847 ἀσθενήσουσιν
730 784 778 833 ἐν
813 781 1016 836 αὐταῖς.”
1061 782 1287 848 συγγενὲς
1326 782 1537 849 εὑρήσεις
1575 782 1770 845 τούτοις,
1797 784 1874 832 καὶ

57 862 163 902 Supra
178 872 209 894 V.

58 916 110 945 44-
282 863 335 915 τὸ
363 866 410 915 ἐν
431 865 602 931 ἑτέροις
627 864 748 930 πρὸς
772 863 878 918 τοὺς
900 865 1192 931 Φαρισαίους
1218 864 1458 931 εἰρημένον
1479 871 1506 893 “
1526 868 1639 919 Πῶς
1666 864 1874 915 δύνασθε

283 953 310 975 ‘c
497 946 509 962 Ι
678 945 688 961 Ι
932 947 941 962 2
999 949 1010 962 3
1101 946 1113 962 Ι
1427 946 1439 960 Ι
1723 948 1736 964 x
1827 945 1839 962 ἱ

335 970 588 1009 πιστευειν,
635 946 782 1015 δοξαν
831 969 930 1013 παρ
986 953 1219 1011 αλληλων
1269 951 1614 1011 λαμβανοντες,
1663 970 1738 998 και
1789 970 1874 1011 την
1898 965 1946 991 10

281 1034 309 1058 “
337 1027 485 1097 δόξαν
510 1028 596 1093 τὴν
621 1027 752 1095 παρὰ
786 1034 870 1080 τοῦ
907 1028 1054 1092 μόνου
1082 1032 1208 1080 Θεοῦ
1243 1030 1296 1080 οὐ
1333 1029 1505 1095 ζητεῖτε
1527 1051 1539 1091 ;
1611 1030 1698 1080 κάν
1723 1028 1874 1098 τούτῳ

281 1109 375 1176 γὰρ
413 1109 469 1174 δὴ
506 1109 559 1161 τὸ
595 1109 660 1175 μὴ
697 1110 933 1162 δύνασθαι
966 1111 1207 1162 πιστεύειν
1234 1110 1414 1174 αὐτοὺς,
1440 1110 1526 1175 τὴν
1551 1111 1767 1163 ἑκούσιον
1793 1114 1876 1175 τῆς

281 1193 483 1246 διανοίας
511 1192 775 1256 ἀσθένειαν,
802 1193 905 1258 ἤτοι
936 1193 990 1244 τὸ
1025 1197 1428 1261 προκεχειρῶσθαι
1455 1198 1554 1247 ταῖς
1581 1194 1877 1263 φιλοδοξίαις

281 1274 364 1325 τὸν
409 1280 518 1325 νοῦν
563 1275 798 1339 σημαίνει.
873 1276 1047 1339 ἀληθὲς
1095 1274 1143 1326 δὲ
1195 1273 1342 1326 πάλιν
1394 1275 1607 1344 ὑπάρχον
1656 1277 1731 1326 ἐπὶ
1781 1281 1877 1330 τοῖς

241 1357 524 1410 θἸουδαίοις
564 1357 843 1422 εὑρίσκομεν
875 1356 930 1407 τὸ
970 1355 1046 1407 διὰ
1083 1360 1166 1421 τῆς
1205 1363 1288 1408 τοῦ
1317 1358 1517 1409 Παύλου
1550 1360 1711 1426 φωνῆς
1746 1361 1870 1424 εἶρη-
1899 1375 1946 1415 15

61 1445 72 1466 1
91 1436 163 1467 Cor.
183 1436 215 1467 ἱί.

63 1490 110 1519 14·
281 1439 422 1503 με’νον
450 1448 474 1469 “
496 1438 709 1506 Ψυχικὸς
736 1437 784 1489 δὲ
812 1439 1060 1504 ἄνθρωπος
1097 1440 1151 1489 οὐ
1185 1438 1366 1506 δέχεται
1396 1438 1455 1490 τὰ
1488 1446 1570 1490 τοῦ
1600 1439 1876 1503 Πνεύματος

284 1528 311 1550 “
338 1527 421 1571 τοῦ
450 1525 589 1582 Θεοῦ,
616 1521 771 1587 μωρία
798 1519 891 1587 γὰρ
920 1522 1045 1590 αὐτῷ
1072 1522 1244 1573 ἐστιν.”
1286 1523 1453 1572 οὐκοῦν
1479 1520 1724 1588 ἐπειδήπερ
1750 1520 1877 1585 ἦσαν

282 1606 495 1672 ψυχικοῖ,
540 1604 720 1670 μωρίαν
765 1603 968 1668 ἡγοῦντο
1013 1602 1097 1653 τὸν
1137 1604 1209 1654 ἐπὶ
1254 1602 1308 1654 τὸ
1355 1603 1594 1670 σώζεσθαι
1639 1610 1877 1654 καλοῦντα

283 1685 467 1748 λοιπὸν,
500 1688 576 1735 καὶ
616 1687 698 1749 τῆς
737 1684 975 1753 ἐξαιρέτου
1014 1685 1254 1738 πολιτείας
1294 1686 1582 1737 διδάσκοντα
1619 1684 1706 1750 τὴν
1746 1685 1873 1749 ὁδὸν,

284 1766 608 1818 ἀπευθύνοντά
647 1790 695 1817 τε
736 1771 894 1821 καλῶς
933 1771 995 1821 εἷς
1029 1765 1083 1817 τὸ
1120 1767 1336 1833 ἀρέσκειν
1363 1767 1595 1819 δύνασθαι
1631 1772 1697 1838 τῷ
1733 1772 1877 1838 φιλα-
1899 1791 1948 1815 20

283 1849 403 1919 ρέτῳ
430 1853 552 1919 Θεῷ,
581 1848 618 1918 ᾧ
653 1853 792 1900 πᾶσα
823 1848 948 1913 τιμὴ,
975 1849 1107 1918 δόξα,
1135 1847 1306 1916 κράτος
1339 1853 1402 1904 εἰς
1436 1848 1544 1904 τοὺς
1579 1853 1749 1905 αἰῶνας
1783 1854 1877 1902 τῶν

285 1931 480 1993 αἰώνων,
506 1930 648 1995 ἀμήν.

333 2089 365 2123 5.
384 2080 442 2112 τὸν
459 2079 696 2124 ἐμὸν-λόγον
718 2079 758 2113 Β.
778 2082 844 2114 τῶν
861 2079 949 2123 ἐμῶν
966 2078 1099 2113 ἀκούειν
1116 2081 1230 2124 λόγων
1246 2079 1284 2113 οὐ
1304 2078 1451 2113 δύνασθε
1471 2078 1589 2113 Holst.
1604 2078 1672 2113 Ed.
1769 2079 1802 2113 8.
1823 2078 1877 2112 εὗ-

286 2125 403 2170 ρήσεις
423 2126 465 2160 B.
484 2125 621 2169 εὑρήσει
644 2126 706 2161 Ht.
726 2125 793 2160 Ed.
938 2137 993 2160 20.
1021 2125 1195 2171 ἀρέσκειν]
1220 2131 1257 2167 -Ι-
1280 2127 1334 2160 καὶ
1354 2127 1395 2161 Β.
1416 2126 1478 2161 Ht.
1497 2125 1695 2161 emendavit
1713 2125 1807 2160 Aub.

1982 100 2001 116 β
