2037 3266
321 145 405 185 572
725 145 775 186 B.
809 144 1085 186 CYRILLI
1126 142 1506 187 ALEXANDR.
1753 152 1822 179 xv,
1847 151 1908 179 11.

258 279 299 304 11
325 271 470 313 Ταῦτα
509 272 729 313 λελάλΗκα
761 269 855 321 ὑμῖν
889 273 957 313 ἵνα
993 271 1016 313 ἡ
1056 272 1165 329 χαρὰ
1204 271 1227 311 ἡ
1266 270 1347 319 ἐμή
1386 271 1431 312 ἐν
1469 266 1564 319 ὑμῖν
1602 265 1738 326 μείνῌ,
1777 264 1846 306 καὶ
1883 264 1908 306 ἡ

859 356 966 412 χαρὰ
1002 355 1120 403 ὑμῶν
1156 357 1383 412 ΠλΗρωθᾷ.

286 470 307 497 0
401 449 501 501 Τὸν
534 453 640 517 περὶ
679 454 762 515 τῆς
798 451 1014 515 ἀμπέλου
1050 450 1198 516 λόγον
1228 451 1338 514 ἡμῖν
1366 447 1709 511 εἶσκεκομικὼς,
1736 444 1833 497 εἶτα
1857 444 1912 496 τὸ

327 533 676 596 ἀποσπώμενον
709 536 883 597 κλῆμα,
911 535 986 584 καὶ
1013 535 1150 584 οἱονεὶ
1175 536 1257 597 τῆς
1283 532 1551 601 τρεφούσης
1585 530 1698 581 αὐτὸ
1737 527 1914 595 μητρὸς

328 615 704 677 διακεκομμένον,
756 617 943 682 ἀχρεῖον
996 615 1080 678 μὲν
1131 615 1328 666 ἔσεσθαι
1379 617 1639 675 παντελῶς,
1694 612 1806 677 πυρὶ
1865 609 1956 664 δὲ5

327 698 498 763 χρῆναι
526 699 831 748 δαπανᾶσθαι
861 696 1068 766 διδάξας,
1095 697 1147 748 οὐ
1173 696 1344 762 μικρὰν
1370 695 1611 759 ἐνεποίησε
1638 699 1733 747 τοῖς
1758 696 1911 756 μαθη-

327 781 428 831 ταῖς
468 776 554 841 τὴν
588 779 662 828 ε’πῖ
696 776 846 847 τούτῳ
872 778 1057 829 πτοίαν.
1113 781 1159 828 αἱ
1197 776 1292 844 γὰρ
1327 782 1422 829 τῶν
1461 779 1704 828 ἀπευκτῶν
1744 772 1915 840 ἀκροά-

328 881 442 920 σεις,
489 860 565 909 καὶ
606 862 642 909 εἰ
687 858 830 924 μήπω
877 860 1122 927 φαίνοιντο
1163 858 1377 925 παρόντα
1419 857 1577 925 τυχὸν,
1621 858 1674 908 οὐ
1718 855 1916 923 μετρίως

329 942 449 990 εἰσὶν
494 940 791 1007 ἐκταράττειν
838 943 1002 1003 ἱκαναὶ,
1048 939 1251 1005 μάλισθ’
1297 940 1410 991 ὅταν
1454 940 1646 991 ε’ντίκτοι
1691 941 1788 990 τισὶ
1831 943 1915 989 τοῦ

328 1022 610 1085 συμβαίνειν
651 1021 770 1073 αὐτὰ
811 1024 1042 1074 δύνασθαι
1081 1022 1167 1087 τὴν
1208 1023 1419 1091 ὑποψίαν
1457 1026 1552 1073 τῶν
1588 1020 1825 1084 ἐσομένων
1861 1018 1915 1071 τὸ
1940 1042 1988 1069 10

284 1105 525 1169 ἅόίδηλον.
594 1105 805 1172 καθάπερ
854 1106 1017 1169 ἀμέλει
1069 1108 1144 1156 καὶ
1197 1106 1222 1155 ὁ
1272 1105 1409 1169 τήνδε
1455 1104 1649 1168 μέλλων
1703 1105 1918 1154 διαπλεῖν

330 1186 416 1250 τὴν
469 1186 744 1251 θάλασσαν,
787 1190 848 1242 ὡς
890 1187 1191 1255 ἐνδεχομένου
1237 1189 1311 1238 καὶ
1362 1191 1588 1254 χειμῶνος
1641 1189 1706 1238 εἷς
1754 1189 1920 1249 πεῖραν

330 1270 504 1331 ἐλθεῖν,
536 1271 610 1320 καὶ
641 1268 735 1334 μὴν
765 1272 841 1320 καὶ
876 1271 1041 1335 ἀγρίου
1073 1269 1276 1332 κύματος
1309 1270 1383 1319 καὶ
1414 1267 1656 1318 ἀτιθάσων
1702 1265 1921 1329 κυμάτων

331 1353 641 1417 καταδρομῆς,
688 1353 763 1402 καὶ
817 1354 854 1402 εἰ
904 1351 1047 1415 μήπω
1092 1350 1307 1417 παρόντα
1352 1353 1622 1419 καταθεῲτο
1673 1347 1830 1416 τυχὸν,
1871 1348 1919 1398 ἐν

331 1433 495 1496 μόναις
537 1434 789 1501 φροντίσιν
833 1433 899 1483 ε”τι
940 1436 1015 1484 καὶ
1056 1438 1196 1484 τοῦτο
1237 1432 1445 1496 ἀδήλοις,
1482 1434 1542 1485 ὡς
1580 1432 1669 1497 ἤδη
1706 1429 1918 1497 παρόντα
1943 1451 1989 1489 15

332 1514 492 1566 δέδιεν.
568 1516 943 1584 ὑποφρίττοντας
993 1516 1148 1566 τοίνυν
1202 1514 1309 1568 τοὺς
1362 1513 1677 1576 ἀποστόλους,
1730 1515 1804 1564 καὶ
1860 1516 1918 1580 τῇ

330 1601 426 1647 τῶν
472 1599 634 1648 δεινῶν
683 1599 799 1665 ἀκοῇ
849 1597 974 1664 τάχα
1013 1620 1116 1650 πως
1161 1598 1236 1648 καὶ
1277 1596 1532 1662 γεγονότας
1570 1597 1805 1661 περιδεεῖς,
1845 1595 1922 1644 καὶ

331 1679 451 1745 πρὸς
501 1678 587 1743 τὴν
626 1683 721 1730 τῶν
767 1680 1004 1743 ἐσομένων
1046 1677 1471 1745 ἀποναρκήσαντας
1515 1682 1694 1743 πεῖραν,
1736 1679 1927 1727 ἀνανεοῖ

333 1761 581 1828 χρησίμως
634 1765 696 1814 εἷς
747 1762 935 1812 εὔτονον
987 1760 1222 1828 φρόνημα,
1275 1762 1350 1810 καὶ
1406 1764 1629 1825 στυγνῶν
1693 1760 1923 1827 ἀφέμενος

294 1841 509 1908 θλόγων,
535 1847 640 1909 περὶ
675 1845 758 1906 τῆς
798 1842 917 1893 κατὰ
956 1842 1082 1893 Θεὸν
1108 1843 1264 1896 αὐτοῖς
1302 1841 1566 1907 διαλέγεται
1598 1842 1838 1906 θυμηδίας.
1869 1842 1922 1892 οὐ
1943 1864 1993 1890 20

333 1924 426 1990 γάρ
453 1947 538 1986 τοι,
560 1926 726 1992 φησὶν,
746 1922 782 1974 ὦ
809 1925 1020 1991 ἡμέτεροι
1046 1926 1267 1988 μαθηταὶ,
1289 1924 1457 1975 τούτου
1483 1947 1538 1989 γε
1565 1924 1696 1975 ἕνεκα
1722 1925 1820 1974 νυνὶ
1840 1922 1923 1974 τὸν

333 2005 453 2073 πρὸς
480 2008 598 2069 ὑμᾶς
636 2002 893 2070 πεποίημαι
933 2005 1095 2072 λόγον,
1124 2009 1186 2060 ὡς
1225 2007 1457 2073 ἄνανδρον
1483 2005 1568 2069 μὲν
1595 2007 1700 2069 ὑμῖν
1726 2007 1919 2069 ἐμποιῆ-

335 2110 419 2138 σαι
462 2087 702 2156 φρόνημα,
740 2088 887 2154 ἤγουν
929 2089 998 2139 ἐπ’
1033 2087 1196 2158 ἀδήλῳ
1239 2088 1433 2151 δείματι,
1475 2089 1551 2138 καὶ
1593 2088 1696 2154 οὐχὶ
1735 2086 1924 2140 πάντως

335 2168 545 2238 ἐσομένῳ
586 2173 713 2239 κακῷ
751 2170 1237 2236 προκατακλωμένους
1284 2172 1415 2234 ὑμᾶς,
1456 2171 1531 2220 καὶ
1571 2167 1923 2232 ἀτολμοτάτους

337 2252 540 2316 ὁρᾶσθαι
579 2251 698 2318 πρὸς
737 2251 1034 2318 κατόρθωσιν
1074 2254 1282 2317 ἀγαθῶν,
1325 2252 1435 2302 ἀλλ’
1476 2252 1551 2302 ἵνα
1589 2251 1770 2305 τούτοις
1801 2273 1924 2313 συμ-
1945 2275 1993 2314 25

336 2332 477 2399 βαίνῃ
509 2331 567 2382 τὰ
603 2334 801 2394 ἐναντία,
842 2335 918 2383 καὶ
958 2334 1190 2397 θυμηδίαν
1229 2334 1363 2400 ἔχητε
1401 2331 1487 2397 τὴν
1512 2332 1639 2397 ἐμὴν,
1665 2332 1769 2397 ἤτοι
1796 2335 1817 2393 ἦ
1844 2331 1924 2401 ἐμὴ

338 2412 466 2483 zap&
493 2414 530 2465 ἐν
557 2417 654 2482 ὑμῖν
679 2417 815 2486 μείνῃ.

118 2505 204 2540 885
219 2504 269 2539 A·
300 2513 322 2538 a
417 2496 511 2545 Καὶ
553 2495 600 2546 τί
638 2494 775 2546 τοῦτό
811 2497 927 2558 ἐστι,
967 2496 1016 2546 τί
1049 2495 1096 2547 δὲ
1141 2494 1217 2546 διὰ
1257 2496 1426 2547 τούτου
1462 2500 1582 2546 νοεῖν
1623 2495 1744 2560 ἡμᾶς
1777 2494 1926 2547 ἐθέλει

339 2576 573 2642 Χριστὸς,
604 2577 879 2644 πικρότερον
918 2575 1045 2641 οἶμαι
1084 2578 1442 2646 διασκέψασθαι
1482 2581 1591 2629 δεῖν.
1645 2581 1786 2645 διχῶς
1823 2600 1920 2629 τοι-

339 2664 516 2724 γαροῦν
563 2659 766 2723 νοητεόν,
818 2657 847 2723 ἢ
893 2659 986 2726 γὰρ
1026 2658 1190 2726 ὥσπερ
1233 2662 1281 2711 ἐν
1322 2663 1545 2728 λογισμῷ
1585 2658 1731 2723 μηδὲν
1771 2659 1924 2726 ε”χοντι
1945 2680 1994 2717 30

338 2744 584 2793 παντελῶς
620 2740 978 2807 περιεργότερον
1016 2743 1111 2807 ἐρεῖ
1147 2765 1216 2795 τις
1258 2740 1415 2809 τυχὸν,
1457 2741 1533 2791 ἵνα
1572 2739 1658 2804 τὴν
1698 2742 1803 2806 περὶ
1848 2740 1926 2803 ἐμὲ

390 2853 446 2889 15.
471 2844 609 2888 ἀδήλοις
628 2846 669 2881 Ε.
687 2846 820 2891 ἀδήλως
838 2847 905 2881 Ed.
1100 2848 1152 2882 18.
1179 2846 1478 2892 ἀποναρκήσαντας
1497 2846 1580 2881 E.F.
1601 2845 1667 2880 Ed.
1685 2857 1758 2890 mg.
1777 2844 1924 2888 ἀποναρ-

340 2889 504 2932 κὴσαντες
522 2892 588 2926 Ed.
792 2905 847 2928 20.
873 2893 1065 2939 διαλέγεται
1085 2895 1126 2928 Ε.
1146 2895 1319 2940 διελέγετο
1338 2893 1406 2928 Ed.
1606 2903 1660 2926 22.
1685 2892 1863 2936 πεποίηται
1881 2892 1924 2927 Ε.

342 2946 396 2978 24.
422 2939 769 2984 προκατακλωμένους
787 2940 829 2975 Ε.
847 2943 1082 2985 προσκατακλ.
1101 2940 1168 2976 Ed.
1360 2950 1414 2986 27.
1441 2937 1548 2986 χαρὰ]
1567 2939 1666 2984 χάρις
1683 2937 1750 2973 Ed.
