<?xml version="1.0" encoding="UTF-8"?>
<!DOCTYPE html PUBLIC "-//W3C//DTD XHTML 1.0 Transitional//EN"
    "http://www.w3.org/TR/xhtml1/DTD/xhtml1-transitional.dtd">
<html xmlns="http://www.w3.org/1999/xhtml" xml:lang="en" lang="en">
 <head>
  <title>
</title>
<meta http-equiv="Content-Type" content="text/html;charset=utf-8" />
  <meta name='ocr-system' content='tesseract 3.04.00' />
  <meta name='ocr-capabilities' content='ocr_page ocr_carea ocr_par ocr_line ocrx_word'/>
</head>
<body>
  <div class='ocr_page' id='page_1' title='image "./operacyrilli04cyriuoft/operacyrilli04cyriuoft_0219.png"; bbox 0 0 1971 3272; ppageno 0'>
   <div class='ocr_carea' id='block_1_1' title="bbox 54 572 74 609">
    <p class='ocr_par' dir='ltr' id='par_1_1' title="bbox 54 572 74 609">
     <span class='ocr_line' id='line_1_1' title="bbox 54 572 74 609; textangle 90"><span class='ocrx_word' id='word_1_1' title='bbox 54 572 74 609; x_wconf 62' lang='lat'>271</span> 
     </span>
    </p>
   </div>
   <div class='ocr_carea' id='block_1_2' title="bbox 11 984 76 1016">
    <p class='ocr_par' dir='ltr' id='par_1_2' title="bbox 11 984 76 1016">
     <span class='ocr_line' id='line_1_2' title="bbox 11 984 76 1016; baseline 0 0"><span class='ocrx_word' id='word_1_2' title='bbox 11 984 76 1016; x_wconf 78' lang='lat'>‘10</span> 
     </span>
    </p>
   </div>
   <div class='ocr_carea' id='block_1_3' title="bbox 28 1818 76 1844">
    <p class='ocr_par' dir='ltr' id='par_1_3' title="bbox 28 1818 76 1844">
     <span class='ocr_line' id='line_1_3' title="bbox 28 1818 76 1844; baseline 0.042 -2"><span class='ocrx_word' id='word_1_3' title='bbox 28 1818 76 1844; x_wconf 89' lang='lat'>20</span> 
     </span>
    </p>
   </div>
   <div class='ocr_carea' id='block_1_4' title="bbox 27 2200 1720 2269">
    <p class='ocr_par' dir='ltr' id='par_1_4' title="bbox 27 2200 1720 2269">
     <span class='ocr_line' id='line_1_4' title="bbox 27 2200 1720 2269; baseline -0.002 -12"><span class='ocrx_word' id='word_1_4' title='bbox 27 2219 73 2257; x_wconf 83' lang='lat'>25</span> <span class='ocrx_word' id='word_1_5' title='bbox 93 2204 378 2269; x_wconf 83' lang='grc' dir='ltr'>πράττοντες</span> <span class='ocrx_word' id='word_1_6' title='bbox 423 2203 470 2255; x_wconf 76' lang='grc' dir='ltr'>δὲ</span> <span class='ocrx_word' id='word_1_7' title='bbox 516 2203 570 2254; x_wconf 86' lang='grc' dir='ltr'>τὸ</span> <span class='ocrx_word' id='word_1_8' title='bbox 615 2203 813 2266; x_wconf 94' lang='grc' dir='ltr'>σύμπαν</span> <span class='ocrx_word' id='word_1_9' title='bbox 859 2201 990 2253; x_wconf 73' lang='grc' dir='ltr'>οὐδὲν</span> <span class='ocrx_word' id='word_1_10' title='bbox 1034 2200 1099 2252; x_wconf 77' lang='grc' dir='ltr'>ὧν</span> <span class='ocrx_word' id='word_1_11' title='bbox 1142 2201 1229 2253; x_wconf 67' lang='grc' dir='ltr'>ε”δει</span> <span class='ocrx_word' id='word_1_12' title='bbox 1274 2205 1404 2267; x_wconf 83' lang='grc' dir='ltr'>δρᾶν,</span> <span class='ocrx_word' id='word_1_13' title='bbox 1450 2203 1524 2252; x_wconf 75' lang='grc' dir='ltr'>καὶ</span> <span class='ocrx_word' id='word_1_14' title='bbox 1573 2203 1720 2254; x_wconf 71' lang='grc' dir='ltr'>λίανθ</span> 
     </span>
    </p>
   </div>
   <div class='ocr_carea' id='block_1_5' title="bbox 100 117 1684 170">
    <p class='ocr_par' dir='ltr' id='par_1_5' title="bbox 100 117 1684 170">
     <span class='ocr_line' id='line_1_5' title="bbox 100 117 1684 170; baseline 0.004 -14"><span class='ocrx_word' id='word_1_15' title='bbox 100 117 240 170; x_wconf 80' lang='lat' dir='ltr'>ix.41.</span> <span class='ocrx_word' id='word_1_16' title='bbox 348 120 419 159; x_wconf 90' lang='lat' dir='ltr'>IN</span> <span class='ocrx_word' id='word_1_17' title='bbox 463 122 504 160; x_wconf 83' lang='lat' dir='ltr'>S.</span> <span class='ocrx_word' id='word_1_18' title='bbox 539 121 879 161; x_wconf 70' lang='lat' dir='ltr'>JOANNEM.</span> <span class='ocrx_word' id='word_1_19' title='bbox 948 123 1069 162; x_wconf 54' lang='lat'><em>12113.</em></span> <span class='ocrx_word' id='word_1_20' title='bbox 1100 124 1172 162; x_wconf 62' lang='lat' dir='ltr'>K&#39;l.</span> <span class='ocrx_word' id='word_1_21' title='bbox 1237 125 1370 164; x_wconf 49' lang='lat' dir='ltr'><strong>(mxl).</strong></span> <span class='ocrx_word' id='word_1_22' title='bbox 1410 125 1439 163; x_wconf 95' lang='lat' dir='ltr'>I.</span> <span class='ocrx_word' id='word_1_23' title='bbox 1603 125 1684 163; x_wconf 66' lang='lat'>‚⁸207</span> 
     </span>
    </p>
   </div>
   <div class='ocr_carea' id='block_1_6' title="bbox 98 227 1728 298">
    <p class='ocr_par' dir='ltr' id='par_1_6' title="bbox 98 227 1728 298">
     <span class='ocr_line' id='line_1_6' title="bbox 98 227 1728 298; baseline 0.003 -21"><span class='ocrx_word' id='word_1_24' title='bbox 98 227 247 297; x_wconf 83' lang='grc' dir='ltr'>τούτῳ</span> <span class='ocrx_word' id='word_1_25' title='bbox 283 229 575 295; x_wconf 77' lang='grc' dir='ltr'>κατάκρισιν.</span> <span class='ocrx_word' id='word_1_26' title='bbox 631 233 704 281; x_wconf 75' lang='grc' dir='ltr'>ε’πὶ</span> <span class='ocrx_word' id='word_1_27' title='bbox 740 232 823 292; x_wconf 75' lang='grc' dir='ltr'>μὲν</span> <span class='ocrx_word' id='word_1_28' title='bbox 854 232 934 282; x_wconf 80' lang='grc' dir='ltr'>οῦν</span> <span class='ocrx_word' id='word_1_29' title='bbox 961 235 1043 295; x_wconf 78' lang='grc' dir='ltr'>τῆς</span> <span class='ocrx_word' id='word_1_30' title='bbox 1079 235 1350 296; x_wconf 78' lang='grc' dir='ltr'>σωματικῆς</span> <span class='ocrx_word' id='word_1_31' title='bbox 1385 231 1682 298; x_wconf 79' lang='grc' dir='ltr'>τυφλότητός</span> <span class='ocrx_word' id='word_1_32' title='bbox 1705 244 1728 282; x_wconf 73' lang='lat' dir='ltr'>b</span> 
     </span>
    </p>
   </div>
   <div class='ocr_carea' id='block_1_7' title="bbox 94 312 1685 1534">
    <p class='ocr_par' dir='ltr' id='par_1_7' title="bbox 94 312 1685 1534">
     <span class='ocr_line' id='line_1_7' title="bbox 97 312 1682 381; baseline 0.001 -21"><span class='ocrx_word' id='word_1_33' title='bbox 97 333 146 360; x_wconf 90' lang='grc' dir='ltr'>τε</span> <span class='ocrx_word' id='word_1_34' title='bbox 186 313 260 361; x_wconf 75' lang='grc' dir='ltr'>καὶ</span> <span class='ocrx_word' id='word_1_35' title='bbox 300 313 613 380; x_wconf 83' lang='grc' dir='ltr'>ἀναβλε’ψεως</span> <span class='ocrx_word' id='word_1_36' title='bbox 652 317 761 381; x_wconf 82' lang='grc' dir='ltr'>τῇδε</span> <span class='ocrx_word' id='word_1_37' title='bbox 795 320 914 364; x_wconf 80' lang='grc' dir='ltr'>νοεῖν</span> <span class='ocrx_word' id='word_1_38' title='bbox 949 315 1031 365; x_wconf 83' lang='grc' dir='ltr'>οὐκ</span> <span class='ocrx_word' id='word_1_39' title='bbox 1066 316 1309 365; x_wconf 87' lang='grc' dir='ltr'>ἀπίθανον·</span> <span class='ocrx_word' id='word_1_40' title='bbox 1350 313 1598 378; x_wconf 80' lang='grc' dir='ltr'>ἀναλόγως</span> <span class='ocrx_word' id='word_1_41' title='bbox 1636 312 1682 363; x_wconf 80' lang='grc' dir='ltr'>δὲ</span> 
     </span>
     <span class='ocr_line' id='line_1_8' title="bbox 97 394 1685 460; baseline 0.002 -19"><span class='ocrx_word' id='word_1_42' title='bbox 97 394 416 453; x_wconf 73' lang='grc' dir='ltr'>διαβαίνοντες</span> <span class='ocrx_word' id='word_1_43' title='bbox 442 398 504 448; x_wconf 79' lang='grc' dir='ltr'>εἷς</span> <span class='ocrx_word' id='word_1_44' title='bbox 534 394 588 445; x_wconf 79' lang='grc' dir='ltr'>τὸ</span> <span class='ocrx_word' id='word_1_45' title='bbox 624 395 803 460; x_wconf 82' lang='grc' dir='ltr'>νοητὸν,</span> <span class='ocrx_word' id='word_1_46' title='bbox 831 398 907 446; x_wconf 77' lang='grc' dir='ltr'>καὶ</span> <span class='ocrx_word' id='word_1_47' title='bbox 933 394 1019 459; x_wconf 83' lang='grc' dir='ltr'>τὴν</span> <span class='ocrx_word' id='word_1_48' title='bbox 1047 397 1158 460; x_wconf 85' lang='grc' dir='ltr'>’ίσην</span> <span class='ocrx_word' id='word_1_49' title='bbox 1184 399 1394 447; x_wconf 80' lang='grc' dir='ltr'>ἐντεῦθεν</span> <span class='ocrx_word' id='word_1_50' title='bbox 1420 394 1685 459; x_wconf 82' lang='grc' dir='ltr'>ἀναματτό-</span> 
     </span>
     <span class='ocr_line' id='line_1_9' title="bbox 95 475 1684 546; baseline 0.001 -21"><span class='ocrx_word' id='word_1_51' title='bbox 95 498 223 536; x_wconf 90' lang='grc' dir='ltr'>μενοι</span> <span class='ocrx_word' id='word_1_52' title='bbox 257 479 322 544; x_wconf 78' lang='grc' dir='ltr'>τῷ</span> <span class='ocrx_word' id='word_1_53' title='bbox 358 475 490 546; x_wconf 72' lang='grc' dir='ltr'>λόγῳ</span> <span class='ocrx_word' id='word_1_54' title='bbox 527 477 722 540; x_wconf 86' lang='grc' dir='ltr'>δύναμιν</span> <span class='ocrx_word' id='word_1_55' title='bbox 748 477 897 529; x_wconf 78' lang='grc' dir='ltr'>πάλιν</span> <span class='ocrx_word' id='word_1_56' title='bbox 929 480 1137 545; x_wconf 80' lang='grc' dir='ltr'>ἐροῦμεν,</span> <span class='ocrx_word' id='word_1_57' title='bbox 1169 481 1230 532; x_wconf 84' lang='grc' dir='ltr'>ὡς</span> <span class='ocrx_word' id='word_1_58' title='bbox 1266 479 1512 545; x_wconf 77' lang='grc' dir='ltr'>ἄνθρωπος</span> <span class='ocrx_word' id='word_1_59' title='bbox 1550 477 1684 541; x_wconf 78' lang='grc' dir='ltr'>μὲνό</span> 
     </span>
     <span class='ocr_line' id='line_1_10' title="bbox 96 556 1684 627; baseline 0.001 -21"><span class='ocrx_word' id='word_1_60' title='bbox 96 556 321 612; x_wconf 83' lang='grc' dir='ltr'>ἀσύνετος</span> <span class='ocrx_word' id='word_1_61' title='bbox 366 559 697 624; x_wconf 78' lang='grc' dir='ltr'>εὐλογωτάτην</span> <span class='ocrx_word' id='word_1_62' title='bbox 736 558 793 610; x_wconf 81' lang='grc' dir='ltr'>ἂν</span> <span class='ocrx_word' id='word_1_63' title='bbox 831 560 916 625; x_wconf 89' lang='grc' dir='ltr'>τὴν</span> <span class='ocrx_word' id='word_1_64' title='bbox 955 562 1029 611; x_wconf 82' lang='grc' dir='ltr'>ἐπὶ</span> <span class='ocrx_word' id='word_1_65' title='bbox 1066 566 1150 610; x_wconf 88' lang='grc' dir='ltr'>τοῦ</span> <span class='ocrx_word' id='word_1_66' title='bbox 1189 561 1453 627; x_wconf 72' lang='grc' dir='ltr'>δικάζοντος</span> <span class='ocrx_word' id='word_1_67' title='bbox 1493 558 1684 623; x_wconf 80' lang='grc' dir='ltr'>αἰτήσαι</span> 
     </span>
     <span class='ocr_line' id='line_1_11' title="bbox 95 640 1679 713; baseline 0.001 -24"><span class='ocrx_word' id='word_1_68' title='bbox 95 640 408 705; x_wconf 83' lang='grc' dir='ltr'>συγγνώμην,</span> <span class='ocrx_word' id='word_1_69' title='bbox 438 643 462 691; x_wconf 84' lang='grc' dir='ltr'>ὁ</span> <span class='ocrx_word' id='word_1_70' title='bbox 498 642 545 691; x_wconf 80' lang='grc' dir='ltr'>δέ</span> <span class='ocrx_word' id='word_1_71' title='bbox 581 641 693 711; x_wconf 76' lang='grc' dir='ltr'>ὀξὺς</span> <span class='ocrx_word' id='word_1_72' title='bbox 726 646 787 695; x_wconf 80' lang='grc' dir='ltr'>εἷς</span> <span class='ocrx_word' id='word_1_73' title='bbox 825 641 990 707; x_wconf 84' lang='grc' dir='ltr'>νόησιν</span> <span class='ocrx_word' id='word_1_74' title='bbox 1020 645 1094 693; x_wconf 74' lang='grc' dir='ltr'>καὶ</span> <span class='ocrx_word' id='word_1_75' title='bbox 1129 647 1285 696; x_wconf 77' lang='grc' dir='ltr'>συνεὶς</span> <span class='ocrx_word' id='word_1_76' title='bbox 1321 641 1373 693; x_wconf 79' lang='grc' dir='ltr'>τὸ</span> <span class='ocrx_word' id='word_1_77' title='bbox 1411 641 1679 713; x_wconf 73' lang='grc' dir='ltr'>συμφέρον,</span> 
     </span>
     <span class='ocr_line' id='line_1_12' title="bbox 96 719 1684 790; baseline 0.001 -18"><span class='ocrx_word' id='word_1_78' title='bbox 96 719 194 772; x_wconf 77' lang='grc' dir='ltr'>εἶτα</span> <span class='ocrx_word' id='word_1_79' title='bbox 231 727 328 776; x_wconf 79' lang='grc' dir='ltr'>τοῖς</span> <span class='ocrx_word' id='word_1_80' title='bbox 365 724 582 790; x_wconf 81' lang='grc' dir='ltr'>αἱσχίοσι</span> <span class='ocrx_word' id='word_1_81' title='bbox 620 727 703 788; x_wconf 83' lang='grc' dir='ltr'>τῆς</span> <span class='ocrx_word' id='word_1_82' title='bbox 742 726 906 775; x_wconf 87' lang='grc' dir='ltr'>ἑαυτοῦ</span> <span class='ocrx_word' id='word_1_83' title='bbox 952 725 1155 778; x_wconf 85' lang='grc' dir='ltr'>διανοίας</span> <span class='ocrx_word' id='word_1_84' title='bbox 1200 723 1556 788; x_wconf 88' lang='grc' dir='ltr'>καταπωλήσας</span> <span class='ocrx_word' id='word_1_85' title='bbox 1598 723 1684 788; x_wconf 91' lang='grc' dir='ltr'>τὴν</span> 
     </span>
     <span class='ocr_line' id='line_1_13' title="bbox 94 804 1677 876; baseline 0.003 -21"><span class='ocrx_word' id='word_1_86' title='bbox 94 804 257 871; x_wconf 90' lang='grc' dir='ltr'>ῥοπὴν,</span> <span class='ocrx_word' id='word_1_87' title='bbox 298 808 373 856; x_wconf 78' lang='grc' dir='ltr'>καὶ</span> <span class='ocrx_word' id='word_1_88' title='bbox 411 806 465 856; x_wconf 86' lang='grc' dir='ltr'>τὸ</span> <span class='ocrx_word' id='word_1_89' title='bbox 506 811 638 857; x_wconf 81' lang='grc' dir='ltr'>νικᾶν</span> <span class='ocrx_word' id='word_1_90' title='bbox 677 807 862 871; x_wconf 81' lang='grc' dir='ltr'>ἡδοναῖς</span> <span class='ocrx_word' id='word_1_91' title='bbox 901 807 955 857; x_wconf 80' lang='grc' dir='ltr'>οὐ</span> <span class='ocrx_word' id='word_1_92' title='bbox 996 811 1062 876; x_wconf 73' lang='grc' dir='ltr'>τῷ</span> <span class='ocrx_word' id='word_1_93' title='bbox 1105 808 1328 876; x_wconf 75' lang='grc' dir='ltr'>χρησίμῳ</span> <span class='ocrx_word' id='word_1_94' title='bbox 1369 806 1677 872; x_wconf 81' lang='grc' dir='ltr'>δωρούμενος,</span> 
     </span>
     <span class='ocr_line' id='line_1_14' title="bbox 94 887 1682 956; baseline 0.001 -19"><span class='ocrx_word' id='word_1_95' title='bbox 94 887 421 955; x_wconf 82' lang='grc' dir='ltr'>ἀναισχύντως</span> <span class='ocrx_word' id='word_1_96' title='bbox 456 887 637 952; x_wconf 81' lang='grc' dir='ltr'>αἰτήσει</span> <span class='ocrx_word' id='word_1_97' title='bbox 672 887 755 939; x_wconf 83' lang='grc' dir='ltr'>τὸν</span> <span class='ocrx_word' id='word_1_98' title='bbox 784 887 934 951; x_wconf 75' lang='grc' dir='ltr'>ἐ’λεον,</span> <span class='ocrx_word' id='word_1_99' title='bbox 964 891 1039 939; x_wconf 73' lang='grc' dir='ltr'>καὶ</span> <span class='ocrx_word' id='word_1_100' title='bbox 1075 889 1362 955; x_wconf 83' lang='grc' dir='ltr'>παραίτησιν</span> <span class='ocrx_word' id='word_1_101' title='bbox 1395 888 1482 952; x_wconf 85' lang='grc' dir='ltr'>τὴν</span> <span class='ocrx_word' id='word_1_102' title='bbox 1508 890 1580 939; x_wconf 80' lang='grc' dir='ltr'>ε’πὶ</span> <span class='ocrx_word' id='word_1_103' title='bbox 1616 891 1682 956; x_wconf 72' lang='grc' dir='ltr'>τῷ</span> 
     </span>
     <span class='ocr_line' id='line_1_15' title="bbox 95 969 1682 1039; baseline 0.001 -19"><span class='ocrx_word' id='word_1_104' title='bbox 95 969 378 1036; x_wconf 74' lang='grc' dir='ltr'>κολάζεσθαι</span> <span class='ocrx_word' id='word_1_105' title='bbox 419 972 512 1022; x_wconf 80' lang='grc' dir='ltr'>δεῖν</span> <span class='ocrx_word' id='word_1_106' title='bbox 550 971 809 1035; x_wconf 82' lang='grc' dir='ltr'>οὐδαμόθεν</span> <span class='ocrx_word' id='word_1_107' title='bbox 850 971 942 1039; x_wconf 75' lang='grc' dir='ltr'>ἕξει</span> <span class='ocrx_word' id='word_1_108' title='bbox 980 971 1317 1035; x_wconf 78' lang='grc' dir='ltr'>βοηθουμένην,</span> <span class='ocrx_word' id='word_1_109' title='bbox 1349 973 1593 1022; x_wconf 78' lang='grc' dir='ltr'>ἀπολεῖται</span> <span class='ocrx_word' id='word_1_110' title='bbox 1635 970 1682 1021; x_wconf 79' lang='grc' dir='ltr'>δέ</span> 
     </span>
     <span class='ocr_line' id='line_1_16' title="bbox 95 1051 1684 1122; baseline 0.001 -20"><span class='ocrx_word' id='word_1_111' title='bbox 95 1055 171 1102; x_wconf 80' lang='grc' dir='ltr'>καὶ</span> <span class='ocrx_word' id='word_1_112' title='bbox 209 1051 404 1120; x_wconf 86' lang='grc' dir='ltr'>σφόδρα</span> <span class='ocrx_word' id='word_1_113' title='bbox 442 1054 627 1107; x_wconf 80' lang='grc' dir='ltr'>δικαίως</span> <span class='ocrx_word' id='word_1_114' title='bbox 663 1051 1023 1118; x_wconf 86' lang='grc' dir='ltr'>ἀσυνηγόρητον</span> <span class='ocrx_word' id='word_1_115' title='bbox 1058 1053 1130 1121; x_wconf 78' lang='grc' dir='ltr'>ἐφ’</span> <span class='ocrx_word' id='word_1_116' title='bbox 1159 1054 1308 1122; x_wconf 75' lang='grc' dir='ltr'>ἑαυτῷ</span> <span class='ocrx_word' id='word_1_117' title='bbox 1346 1053 1558 1118; x_wconf 86' lang='grc' dir='ltr'>τηρήσας</span> <span class='ocrx_word' id='word_1_118' title='bbox 1597 1052 1684 1116; x_wconf 87' lang='grc' dir='ltr'>τὴν</span> 
     </span>
     <span class='ocr_line' id='line_1_17' title="bbox 96 1134 1682 1201; baseline 0.001 -17"><span class='ocrx_word' id='word_1_119' title='bbox 96 1135 342 1201; x_wconf 85' lang='grc' dir='ltr'>ἁμαρτίαν.</span> <span class='ocrx_word' id='word_1_120' title='bbox 399 1138 473 1186; x_wconf 75' lang='grc' dir='ltr'>καὶ</span> <span class='ocrx_word' id='word_1_121' title='bbox 500 1141 615 1201; x_wconf 85' lang='grc' dir='ltr'>γοῦν</span> <span class='ocrx_word' id='word_1_122' title='bbox 643 1136 667 1186; x_wconf 86' lang='grc' dir='ltr'>ὁ</span> <span class='ocrx_word' id='word_1_123' title='bbox 698 1136 870 1201; x_wconf 85' lang='grc' dir='ltr'>Κύριος</span> <span class='ocrx_word' id='word_1_124' title='bbox 898 1136 1030 1199; x_wconf 80' lang='grc' dir='ltr'>ἡμῶν</span> <span class='ocrx_word' id='word_1_125' title='bbox 1055 1137 1243 1199; x_wconf 90' lang='grc' dir='ltr'>Ἰησοῦς</span> <span class='ocrx_word' id='word_1_126' title='bbox 1269 1137 1292 1186; x_wconf 85' lang='grc' dir='ltr'>ὁ</span> <span class='ocrx_word' id='word_1_127' title='bbox 1321 1134 1533 1201; x_wconf 80' lang='grc' dir='ltr'>Χριστὸς</span> <span class='ocrx_word' id='word_1_128' title='bbox 1570 1134 1682 1185; x_wconf 79' lang='grc' dir='ltr'>αὐτὸ</span> 
     </span>
     <span class='ocr_line' id='line_1_18' title="bbox 96 1216 1681 1285; baseline 0.001 -18"><span class='ocrx_word' id='word_1_129' title='bbox 96 1216 152 1280; x_wconf 78' lang='grc' dir='ltr'>δὴ</span> <span class='ocrx_word' id='word_1_130' title='bbox 182 1223 322 1267; x_wconf 87' lang='grc' dir='ltr'>τοῦτο</span> <span class='ocrx_word' id='word_1_131' title='bbox 356 1219 722 1282; x_wconf 90' lang='grc' dir='ltr'>κατασημαίνων</span> <span class='ocrx_word' id='word_1_132' title='bbox 748 1220 796 1268; x_wconf 83' lang='grc' dir='ltr'>ἐν</span> <span class='ocrx_word' id='word_1_133' title='bbox 822 1218 1109 1283; x_wconf 80' lang='grc' dir='ltr'>εὐαγγελίοις</span> <span class='ocrx_word' id='word_1_134' title='bbox 1137 1219 1288 1285; x_wconf 81' lang='grc' dir='ltr'>φησίν</span> <span class='ocrx_word' id='word_1_135' title='bbox 1316 1225 1343 1246; x_wconf 80' lang='grc'>“</span> <span class='ocrx_word' id='word_1_136' title='bbox 1364 1219 1426 1268; x_wconf 89' lang='grc' dir='ltr'>Ὁ</span> <span class='ocrx_word' id='word_1_137' title='bbox 1460 1217 1588 1271; x_wconf 80' lang='grc' dir='ltr'>εἰδὼς</span> <span class='ocrx_word' id='word_1_138' title='bbox 1627 1218 1681 1268; x_wconf 82' lang='grc' dir='ltr'>τὸ</span> 
     </span>
     <span class='ocr_line' id='line_1_19' title="bbox 96 1299 1682 1366; baseline 0.001 -17"><span class='ocrx_word' id='word_1_139' title='bbox 96 1306 123 1328; x_wconf 82' lang='grc'><strong>“</strong></span> <span class='ocrx_word' id='word_1_140' title='bbox 149 1299 336 1363; x_wconf 81' lang='grc' dir='ltr'>θέλημα</span> <span class='ocrx_word' id='word_1_141' title='bbox 386 1305 469 1351; x_wconf 85' lang='grc' dir='ltr'>τοῦ</span> <span class='ocrx_word' id='word_1_142' title='bbox 527 1301 685 1366; x_wconf 84' lang='grc' dir='ltr'>κυρίου</span> <span class='ocrx_word' id='word_1_143' title='bbox 736 1301 879 1351; x_wconf 83' lang='grc' dir='ltr'>αὐτοῦ</span> <span class='ocrx_word' id='word_1_144' title='bbox 928 1303 1004 1350; x_wconf 80' lang='grc' dir='ltr'>καὶ</span> <span class='ocrx_word' id='word_1_145' title='bbox 1052 1299 1116 1363; x_wconf 79' lang='grc' dir='ltr'>μὴ</span> <span class='ocrx_word' id='word_1_146' title='bbox 1172 1299 1377 1364; x_wconf 81' lang='grc' dir='ltr'>ποιήσας</span> <span class='ocrx_word' id='word_1_147' title='bbox 1426 1300 1682 1365; x_wconf 84' lang='grc' dir='ltr'>δαρήσεται</span> 
     </span>
     <span class='ocr_line' id='line_1_20' title="bbox 96 1381 1683 1452; baseline -0.001 -19"><span class='ocrx_word' id='word_1_148' title='bbox 96 1388 124 1411; x_wconf 84' lang='grc'><strong>“</strong></span> <span class='ocrx_word' id='word_1_149' title='bbox 149 1382 378 1437; x_wconf 79' lang='grc' dir='ltr'>πολλάς·”</span> <span class='ocrx_word' id='word_1_150' title='bbox 431 1385 623 1449; x_wconf 83' lang='grc' dir='ltr'>ἀγνοίας</span> <span class='ocrx_word' id='word_1_151' title='bbox 661 1383 747 1446; x_wconf 81' lang='grc' dir='ltr'>μὲν</span> <span class='ocrx_word' id='word_1_152' title='bbox 784 1382 877 1449; x_wconf 81' lang='grc' dir='ltr'>γὰρ</span> <span class='ocrx_word' id='word_1_153' title='bbox 915 1384 990 1433; x_wconf 81' lang='grc' dir='ltr'>ἐπὶ</span> <span class='ocrx_word' id='word_1_154' title='bbox 1029 1386 1095 1452; x_wconf 71' lang='grc' dir='ltr'>τῷ</span> <span class='ocrx_word' id='word_1_155' title='bbox 1134 1381 1199 1445; x_wconf 87' lang='grc' dir='ltr'>μὴ</span> <span class='ocrx_word' id='word_1_156' title='bbox 1239 1382 1378 1432; x_wconf 80' lang='grc' dir='ltr'>εἰδότι</span> <span class='ocrx_word' id='word_1_157' title='bbox 1416 1381 1475 1432; x_wconf 77' lang='grc' dir='ltr'>τὰ</span> <span class='ocrx_word' id='word_1_158' title='bbox 1513 1382 1683 1447; x_wconf 86' lang='grc' dir='ltr'>ἐγκλή-</span> 
     </span>
     <span class='ocr_line' id='line_1_21' title="bbox 94 1462 1683 1534; baseline 0 -19"><span class='ocrx_word' id='word_1_159' title='bbox 94 1487 234 1528; x_wconf 86' lang='grc' dir='ltr'>ματα,</span> <span class='ocrx_word' id='word_1_160' title='bbox 263 1465 661 1534; x_wconf 85' lang='grc' dir='ltr'>καταφρονήσεως</span> <span class='ocrx_word' id='word_1_161' title='bbox 688 1465 735 1516; x_wconf 78' lang='grc' dir='ltr'>δὲ</span> <span class='ocrx_word' id='word_1_162' title='bbox 761 1468 845 1529; x_wconf 84' lang='grc' dir='ltr'>τῆς</span> <span class='ocrx_word' id='word_1_163' title='bbox 878 1463 1085 1532; x_wconf 80' lang='grc' dir='ltr'>ἐσχάτης</span> <span class='ocrx_word' id='word_1_164' title='bbox 1118 1466 1190 1515; x_wconf 79' lang='grc' dir='ltr'>ἐπὶ</span> <span class='ocrx_word' id='word_1_165' title='bbox 1226 1468 1292 1533; x_wconf 75' lang='grc' dir='ltr'>τῷ</span> <span class='ocrx_word' id='word_1_166' title='bbox 1327 1462 1577 1528; x_wconf 88' lang='grc' dir='ltr'>νενοηκότι,</span> <span class='ocrx_word' id='word_1_167' title='bbox 1607 1467 1683 1515; x_wconf 78' lang='grc' dir='ltr'>καὶ</span> 
     </span>
    </p>
   </div>
   <div class='ocr_carea' id='block_1_8' title="bbox 95 1545 1727 1616">
    <p class='ocr_par' dir='ltr' id='par_1_8' title="bbox 95 1545 1727 1616">
     <span class='ocr_line' id='line_1_22' title="bbox 95 1545 1727 1616; baseline 0.002 -20"><span class='ocrx_word' id='word_1_168' title='bbox 95 1545 149 1597; x_wconf 81' lang='grc' dir='ltr'>τὸ</span> <span class='ocrx_word' id='word_1_169' title='bbox 177 1550 292 1613; x_wconf 84' lang='grc' dir='ltr'>δρᾶν</span> <span class='ocrx_word' id='word_1_170' title='bbox 318 1547 538 1609; x_wconf 79' lang='grc' dir='ltr'>ἀβούλως</span> <span class='ocrx_word' id='word_1_171' title='bbox 573 1547 891 1616; x_wconf 65' lang='grc' dir='ltr'>ἐξωθουμένῳ.</span> <span class='ocrx_word' id='word_1_172' title='bbox 943 1546 1146 1612; x_wconf 86' lang='grc' dir='ltr'>ἐπιτήρει</span> <span class='ocrx_word' id='word_1_173' title='bbox 1181 1546 1228 1597; x_wconf 75' lang='grc' dir='ltr'>δὲ</span> <span class='ocrx_word' id='word_1_174' title='bbox 1263 1545 1412 1596; x_wconf 82' lang='grc' dir='ltr'>πάλιν</span> <span class='ocrx_word' id='word_1_175' title='bbox 1438 1546 1565 1600; x_wconf 80' lang='grc' dir='ltr'>ὅπως</span> <span class='ocrx_word' id='word_1_176' title='bbox 1595 1548 1682 1597; x_wconf 90' lang='grc' dir='ltr'>κάν</span> <span class='ocrx_word' id='word_1_177' title='bbox 1701 1560 1727 1600; x_wconf 81' lang='lat' dir='ltr'>d</span> 
     </span>
    </p>
   </div>
   <div class='ocr_carea' id='block_1_9' title="bbox 95 1627 1684 2106">
    <p class='ocr_par' dir='ltr' id='par_1_9' title="bbox 95 1627 1684 2106">
     <span class='ocr_line' id='line_1_23' title="bbox 95 1627 1683 1699; baseline 0.001 -20"><span class='ocrx_word' id='word_1_178' title='bbox 95 1630 245 1699; x_wconf 73' lang='grc' dir='ltr'>τούτῳ</span> <span class='ocrx_word' id='word_1_179' title='bbox 279 1630 470 1695; x_wconf 80' lang='grc' dir='ltr'>γέγονεν</span> <span class='ocrx_word' id='word_1_180' title='bbox 499 1630 729 1698; x_wconf 82' lang='grc' dir='ltr'>ἀσφαλὴς</span> <span class='ocrx_word' id='word_1_181' title='bbox 763 1636 845 1681; x_wconf 85' lang='grc' dir='ltr'>τοῦ</span> <span class='ocrx_word' id='word_1_182' title='bbox 879 1632 1099 1696; x_wconf 84' lang='grc' dir='ltr'>Σωτῆρος</span> <span class='ocrx_word' id='word_1_183' title='bbox 1135 1630 1159 1679; x_wconf 84' lang='grc' dir='ltr'>ὁ</span> <span class='ocrx_word' id='word_1_184' title='bbox 1195 1627 1354 1694; x_wconf 88' lang='grc' dir='ltr'>λόγος·</span> <span class='ocrx_word' id='word_1_185' title='bbox 1401 1629 1456 1679; x_wconf 78' lang='grc' dir='ltr'>οὐ</span> <span class='ocrx_word' id='word_1_186' title='bbox 1493 1627 1586 1695; x_wconf 79' lang='grc' dir='ltr'>γὰρ</span> <span class='ocrx_word' id='word_1_187' title='bbox 1626 1629 1683 1692; x_wconf 89' lang='grc' dir='ltr'>δή</span> 
     </span>
     <span class='ocr_line' id='line_1_24' title="bbox 96 1710 1684 1780; baseline 0.001 -19"><span class='ocrx_word' id='word_1_188' title='bbox 96 1715 247 1778; x_wconf 90' lang='grc' dir='ltr'>φησιν</span> <span class='ocrx_word' id='word_1_189' title='bbox 273 1713 605 1780; x_wconf 81' lang='grc' dir='ltr'>ἀποφαντικῶς</span> <span class='ocrx_word' id='word_1_190' title='bbox 623 1711 740 1763; x_wconf 64' lang='lat' dir='ltr'>“Orc</span> <span class='ocrx_word' id='word_1_191' title='bbox 766 1712 982 1775; x_wconf 77' lang='grc' dir='ltr'>βλέπετε,</span> <span class='ocrx_word' id='word_1_192' title='bbox 1010 1713 1120 1762; x_wconf 82' lang='grc' dir='ltr'>ἀλλ’</span> <span class='ocrx_word' id='word_1_193' title='bbox 1149 1712 1324 1776; x_wconf 57' lang='grc' dir='ltr'>Ὑμεῖς,</span> <span class='ocrx_word' id='word_1_194' title='bbox 1352 1713 1495 1778; x_wconf 80' lang='grc' dir='ltr'>φησὶ,</span> <span class='ocrx_word' id='word_1_195' title='bbox 1526 1710 1684 1777; x_wconf 65' lang='grc' dir='ltr'>λέγετε</span> 
     </span>
     <span class='ocr_line' id='line_1_25' title="bbox 96 1793 1684 1863; baseline -0.001 -19"><span class='ocrx_word' id='word_1_196' title='bbox 96 1794 156 1844; x_wconf 71' lang='grc' dir='ltr'>’ότι</span> <span class='ocrx_word' id='word_1_197' title='bbox 202 1793 444 1863; x_wconf 66' lang='grc' dir='ltr'>βλέπομεν.</span> <span class='ocrx_word' id='word_1_198' title='bbox 515 1794 573 1859; x_wconf 81' lang='grc' dir='ltr'>ἧν</span> <span class='ocrx_word' id='word_1_199' title='bbox 618 1794 710 1860; x_wconf 79' lang='grc' dir='ltr'>γὰρ</span> <span class='ocrx_word' id='word_1_200' title='bbox 762 1794 818 1858; x_wconf 83' lang='grc' dir='ltr'>δὴ</span> <span class='ocrx_word' id='word_1_201' title='bbox 864 1795 939 1845; x_wconf 82' lang='grc' dir='ltr'>καὶ</span> <span class='ocrx_word' id='word_1_202' title='bbox 984 1795 1094 1845; x_wconf 87' lang='grc' dir='ltr'>λίαν</span> <span class='ocrx_word' id='word_1_203' title='bbox 1139 1793 1446 1844; x_wconf 85' lang='grc' dir='ltr'>ἀτοπώτατον</span> <span class='ocrx_word' id='word_1_204' title='bbox 1486 1793 1684 1844; x_wconf 90' lang='grc' dir='ltr'>σύνεσιν</span> 
     </span>
     <span class='ocr_line' id='line_1_26' title="bbox 95 1874 1683 1944; baseline -0.001 -18"><span class='ocrx_word' id='word_1_205' title='bbox 95 1878 420 1943; x_wconf 81' lang='grc' dir='ltr'>ἐπιμαρτυρεῖν</span> <span class='ocrx_word' id='word_1_206' title='bbox 464 1881 560 1930; x_wconf 83' lang='grc' dir='ltr'>τοῖς</span> <span class='ocrx_word' id='word_1_207' title='bbox 603 1878 723 1927; x_wconf 75' lang='grc' dir='ltr'>οὕτω</span> <span class='ocrx_word' id='word_1_208' title='bbox 767 1875 955 1944; x_wconf 78' lang='grc' dir='ltr'>τυφλὸν</span> <span class='ocrx_word' id='word_1_209' title='bbox 999 1878 1074 1926; x_wconf 83' lang='grc' dir='ltr'>καὶ</span> <span class='ocrx_word' id='word_1_210' title='bbox 1119 1874 1431 1939; x_wconf 81' lang='grc' dir='ltr'>ἀπεσβηκότα</span> <span class='ocrx_word' id='word_1_211' title='bbox 1476 1880 1683 1942; x_wconf 81' lang='grc' dir='ltr'>φοροῦσι</span> 
     </span>
     <span class='ocr_line' id='line_1_27' title="bbox 95 1957 1682 2025; baseline -0.001 -17"><span class='ocrx_word' id='word_1_212' title='bbox 95 1957 177 2008; x_wconf 78' lang='grc' dir='ltr'>τὸν</span> <span class='ocrx_word' id='word_1_213' title='bbox 212 1965 334 2021; x_wconf 84' lang='grc' dir='ltr'>νοῦν,</span> <span class='ocrx_word' id='word_1_214' title='bbox 368 1962 430 2012; x_wconf 85' lang='grc' dir='ltr'>ὡς</span> <span class='ocrx_word' id='word_1_215' title='bbox 467 1961 708 2022; x_wconf 82' lang='grc' dir='ltr'>τολμῆσαι</span> <span class='ocrx_word' id='word_1_216' title='bbox 749 1957 896 2025; x_wconf 77' lang='grc' dir='ltr'>φάναι</span> <span class='ocrx_word' id='word_1_217' title='bbox 933 1959 1037 2023; x_wconf 73' lang='grc' dir='ltr'>περὶ</span> <span class='ocrx_word' id='word_1_218' title='bbox 1071 1958 1213 2007; x_wconf 81' lang='grc' dir='ltr'>αὐτοῦ</span> <span class='ocrx_word' id='word_1_219' title='bbox 1240 1958 1453 2018; x_wconf 44' lang='grc' dir='ltr'>6μΗμεῖς</span> <span class='ocrx_word' id='word_1_220' title='bbox 1492 1957 1682 2019; x_wconf 77' lang='grc' dir='ltr'>οἴδαμεν</span> 
     </span>
     <span class='ocr_line' id='line_1_28' title="bbox 95 2037 1681 2106; baseline -0.003 -15"><span class='ocrx_word' id='word_1_221' title='bbox 95 2047 122 2069; x_wconf 82' lang='grc'><strong>“</strong></span> <span class='ocrx_word' id='word_1_222' title='bbox 149 2040 218 2091; x_wconf 79' lang='grc' dir='ltr'>ὅτι</span> <span class='ocrx_word' id='word_1_223' title='bbox 254 2041 386 2094; x_wconf 73' lang='grc' dir='ltr'>οὗτος</span> <span class='ocrx_word' id='word_1_224' title='bbox 422 2042 447 2091; x_wconf 84' lang='grc' dir='ltr'>ὁ</span> <span class='ocrx_word' id='word_1_225' title='bbox 482 2041 729 2106; x_wconf 75' lang='grc' dir='ltr'>ἄνθρωπος</span> <span class='ocrx_word' id='word_1_226' title='bbox 764 2037 1046 2106; x_wconf 85' lang='grc' dir='ltr'>ἁμαρτωλός</span> <span class='ocrx_word' id='word_1_227' title='bbox 1078 2037 1256 2089; x_wconf 82' lang='grc' dir='ltr'>ἐστιν.”</span> <span class='ocrx_word' id='word_1_228' title='bbox 1298 2037 1681 2103; x_wconf 79' lang='grc' dir='ltr'>αὐτοκατάκριτοι</span> 
     </span>
    </p>
   </div>
   <div class='ocr_carea' id='block_1_10' title="bbox 93 2119 1677 2189">
    <p class='ocr_par' dir='ltr' id='par_1_10' title="bbox 93 2119 1677 2189">
     <span class='ocr_line' id='line_1_29' title="bbox 93 2119 1677 2189; baseline -0.001 -17"><span class='ocrx_word' id='word_1_229' title='bbox 93 2128 344 2189; x_wconf 86' lang='grc' dir='ltr'>τοιγαροῦν</span> <span class='ocrx_word' id='word_1_230' title='bbox 383 2124 599 2173; x_wconf 81' lang='grc' dir='ltr'>Ἰουδαῖοι</span> <span class='ocrx_word' id='word_1_231' title='bbox 644 2121 840 2183; x_wconf 75' lang='grc' dir='ltr'>βλέπειν</span> <span class='ocrx_word' id='word_1_232' title='bbox 884 2120 968 2184; x_wconf 75' lang='grc' dir='ltr'>μὲν</span> <span class='ocrx_word' id='word_1_233' title='bbox 1012 2120 1201 2174; x_wconf 76' lang='grc' dir='ltr'>ἑαυτοὺς</span> <span class='ocrx_word' id='word_1_234' title='bbox 1253 2119 1677 2183; x_wconf 86' lang='grc' dir='ltr'>διαβεβαιούμενοι,</span> 
     </span>
    </p>
   </div>
   <div class='ocr_carea' id='block_1_11' title="bbox 93 2283 1681 2437">
    <p class='ocr_par' dir='ltr' id='par_1_11' title="bbox 93 2283 1681 2437">
     <span class='ocr_line' id='line_1_30' title="bbox 94 2283 1676 2351; baseline -0.002 -15"><span class='ocrx_word' id='word_1_235' title='bbox 94 2285 303 2349; x_wconf 82' lang='grc' dir='ltr'>εὐτόνως,</span> <span class='ocrx_word' id='word_1_236' title='bbox 356 2287 430 2337; x_wconf 81' lang='grc' dir='ltr'>καὶ</span> <span class='ocrx_word' id='word_1_237' title='bbox 485 2285 798 2351; x_wconf 83' lang='grc' dir='ltr'>γινώσκοντες</span> <span class='ocrx_word' id='word_1_238' title='bbox 850 2284 934 2348; x_wconf 78' lang='grc' dir='ltr'>μὲν</span> <span class='ocrx_word' id='word_1_239' title='bbox 985 2290 1068 2335; x_wconf 84' lang='grc' dir='ltr'>τοῦ</span> <span class='ocrx_word' id='word_1_240' title='bbox 1127 2284 1303 2350; x_wconf 87' lang='grc' dir='ltr'>Κυρίου</span> <span class='ocrx_word' id='word_1_241' title='bbox 1359 2283 1413 2334; x_wconf 82' lang='grc' dir='ltr'>τὸ</span> <span class='ocrx_word' id='word_1_242' title='bbox 1471 2283 1676 2347; x_wconf 79' lang='grc' dir='ltr'>θέλημα,</span> 
     </span>
     <span class='ocr_line' id='line_1_31' title="bbox 93 2364 1681 2437; baseline -0.001 -19"><span class='ocrx_word' id='word_1_243' title='bbox 93 2372 481 2437; x_wconf 88' lang='grc' dir='ltr'>περιφρονοῦντες</span> <span class='ocrx_word' id='word_1_244' title='bbox 521 2367 569 2418; x_wconf 80' lang='grc' dir='ltr'>δὲ</span> <span class='ocrx_word' id='word_1_245' title='bbox 608 2369 753 2420; x_wconf 80' lang='grc' dir='ltr'>οὕτως</span> <span class='ocrx_word' id='word_1_246' title='bbox 793 2369 854 2420; x_wconf 87' lang='grc' dir='ltr'>ὡς</span> <span class='ocrx_word' id='word_1_247' title='bbox 894 2368 968 2416; x_wconf 78' lang='grc' dir='ltr'>καὶ</span> <span class='ocrx_word' id='word_1_248' title='bbox 1004 2371 1100 2420; x_wconf 83' lang='grc' dir='ltr'>τοῖς</span> <span class='ocrx_word' id='word_1_249' title='bbox 1139 2366 1350 2432; x_wconf 87' lang='grc' dir='ltr'>ἀρίστοις</span> <span class='ocrx_word' id='word_1_250' title='bbox 1389 2364 1681 2431; x_wconf 75' lang='grc' dir='ltr'>ὑπαντιάζειν</span> 
     </span>
    </p>
   </div>
   <div class='ocr_carea' id='block_1_12' title="bbox 93 2451 1679 2879">
    <p class='ocr_par' dir='ltr' id='par_1_12' title="bbox 93 2451 348 2514">
     <span class='ocr_line' id='line_1_32' title="bbox 93 2451 348 2514; baseline 0.008 -14"><span class='ocrx_word' id='word_1_251' title='bbox 93 2451 348 2514; x_wconf 87' lang='grc' dir='ltr'>θαύμασιν.</span> 
     </span>
    </p>

    <p class='ocr_par' dir='ltr' id='par_1_13' title="bbox 93 2598 1679 2879">
     <span class='ocr_line' id='line_1_33' title="bbox 140 2598 1678 2647; baseline -0.004 -11"><span class='ocrx_word' id='word_1_252' title='bbox 140 2610 173 2646; x_wconf 83' lang='grc'>5.</span> <span class='ocrx_word' id='word_1_253' title='bbox 199 2600 271 2647; x_wconf 80' lang='grc' dir='ltr'>ἐπὶ]</span> <span class='ocrx_word' id='word_1_254' title='bbox 290 2601 356 2636; x_wconf 80' lang='grc' dir='ltr'>ἀπὸ</span> <span class='ocrx_word' id='word_1_255' title='bbox 374 2613 404 2635; x_wconf 88' lang='lat' dir='ltr'>a.</span> <span class='ocrx_word' id='word_1_256' title='bbox 469 2601 591 2645; x_wconf 77' lang='grc' dir='ltr'>αἰτήσῃ</span> <span class='ocrx_word' id='word_1_257' title='bbox 610 2613 640 2635; x_wconf 83' lang='lat' dir='ltr'>a.</span> <span class='ocrx_word' id='word_1_258' title='bbox 660 2601 793 2645; x_wconf 75' lang='grc' dir='ltr'>αἰτήσει</span> <span class='ocrx_word' id='word_1_259' title='bbox 813 2600 891 2635; x_wconf 73' lang='lat' dir='ltr'>Cat.</span> <span class='ocrx_word' id='word_1_260' title='bbox 914 2601 1013 2635; x_wconf 75' lang='lat' dir='ltr'>Harl.</span> <span class='ocrx_word' id='word_1_261' title='bbox 1127 2600 1159 2634; x_wconf 85' lang='lat'>6.</span> <span class='ocrx_word' id='word_1_262' title='bbox 1187 2602 1301 2634; x_wconf 84' lang='grc' dir='ltr'>συνεὶς</span> <span class='ocrx_word' id='word_1_263' title='bbox 1319 2599 1395 2633; x_wconf 82' lang='lat' dir='ltr'>B.a.</span> <span class='ocrx_word' id='word_1_264' title='bbox 1414 2598 1540 2633; x_wconf 70' lang='grc' dir='ltr'>συνιεὶς</span> <span class='ocrx_word' id='word_1_265' title='bbox 1560 2598 1678 2631; x_wconf 75' lang='lat' dir='ltr'><strong>Holst.</strong></span> 
     </span>
     <span class='ocr_line' id='line_1_34' title="bbox 95 2643 1676 2692; baseline -0.003 -10"><span class='ocrx_word' id='word_1_266' title='bbox 95 2647 161 2682; x_wconf 85' lang='lat' dir='ltr'>Ed.</span> <span class='ocrx_word' id='word_1_267' title='bbox 345 2657 376 2692; x_wconf 88' lang='lat'>7.</span> <span class='ocrx_word' id='word_1_268' title='bbox 403 2648 645 2691; x_wconf 83' lang='grc' dir='ltr'>καταπολήσας</span> <span class='ocrx_word' id='word_1_269' title='bbox 665 2648 707 2681; x_wconf 86' lang='grc' dir='ltr'>Β.</span> <span class='ocrx_word' id='word_1_270' title='bbox 725 2647 924 2681; x_wconf 80' lang='lat' dir='ltr'>emendavit</span> <span class='ocrx_word' id='word_1_271' title='bbox 944 2647 1010 2681; x_wconf 89' lang='lat' dir='ltr'>Ht.</span> <span class='ocrx_word' id='word_1_272' title='bbox 1029 2652 1061 2680; x_wconf 81' lang='lat' dir='ltr'>et</span> <span class='ocrx_word' id='word_1_273' title='bbox 1078 2647 1126 2680; x_wconf 83' lang='lat' dir='ltr'>ita</span> <span class='ocrx_word' id='word_1_274' title='bbox 1143 2659 1173 2680; x_wconf 83' lang='lat' dir='ltr'>a.</span> <span class='ocrx_word' id='word_1_275' title='bbox 1360 2656 1412 2679; x_wconf 89' lang='lat'>10.</span> <span class='ocrx_word' id='word_1_276' title='bbox 1439 2645 1530 2688; x_wconf 76' lang='grc' dir='ltr'>ἕξοις</span> <span class='ocrx_word' id='word_1_277' title='bbox 1549 2644 1591 2678; x_wconf 83' lang='grc' dir='ltr'>Β.</span> <span class='ocrx_word' id='word_1_278' title='bbox 1613 2643 1676 2677; x_wconf 82' lang='lat' dir='ltr'>Ht.</span> 
     </span>
     <span class='ocr_line' id='line_1_35' title="bbox 94 2692 1678 2738; baseline -0.003 -10"><span class='ocrx_word' id='word_1_279' title='bbox 94 2694 290 2729; x_wconf 81' lang='lat' dir='ltr'>emendavit</span> <span class='ocrx_word' id='word_1_280' title='bbox 307 2706 324 2728; x_wconf 86' lang='lat' dir='ltr'>e</span> <span class='ocrx_word' id='word_1_281' title='bbox 344 2694 420 2728; x_wconf 80' lang='lat' dir='ltr'><strong>Cat.</strong></span> <span class='ocrx_word' id='word_1_282' title='bbox 439 2701 478 2728; x_wconf 88' lang='lat' dir='ltr'>ut</span> <span class='ocrx_word' id='word_1_283' title='bbox 496 2694 565 2728; x_wconf 83' lang='lat' dir='ltr'><strong>vid.</strong></span> <span class='ocrx_word' id='word_1_284' title='bbox 585 2694 679 2728; x_wconf 87' lang='lat' dir='ltr'><strong>Aub.</strong></span> <span class='ocrx_word' id='word_1_285' title='bbox 812 2705 865 2728; x_wconf 89' lang='lat'>11.</span> <span class='ocrx_word' id='word_1_286' title='bbox 893 2693 947 2738; x_wconf 83' lang='grc' dir='ltr'>ἐφ’</span> <span class='ocrx_word' id='word_1_287' title='bbox 967 2695 1087 2727; x_wconf 80' lang='grc' dir='ltr'>ἑαυτοῦ</span> <span class='ocrx_word' id='word_1_288' title='bbox 1105 2705 1135 2726; x_wconf 83' lang='lat' dir='ltr'>a.</span> <span class='ocrx_word' id='word_1_289' title='bbox 1264 2703 1317 2726; x_wconf 88' lang='lat'>12.</span> <span class='ocrx_word' id='word_1_290' title='bbox 1344 2693 1361 2724; x_wconf 90' lang='grc' dir='ltr'>ὁ</span> <span class='ocrx_word' id='word_1_291' title='bbox 1380 2692 1438 2724; x_wconf 82' lang='lat' dir='ltr'><strong>alt.</strong></span> <span class='ocrx_word' id='word_1_292' title='bbox 1454 2696 1678 2734; x_wconf 79' lang='lat' dir='ltr'><strong>assumptum</strong></span> 
     </span>
     <span class='ocr_line' id='line_1_36' title="bbox 93 2736 1679 2786; baseline -0.003 -12"><span class='ocrx_word' id='word_1_293' title='bbox 93 2752 135 2774; x_wconf 81' lang='lat' dir='ltr'>ex</span> <span class='ocrx_word' id='word_1_294' title='bbox 155 2741 197 2775; x_wconf 91' lang='grc' dir='ltr'>Β.</span> <span class='ocrx_word' id='word_1_295' title='bbox 296 2753 350 2786; x_wconf 79' lang='lat'>13,</span> <span class='ocrx_word' id='word_1_296' title='bbox 370 2752 421 2783; x_wconf 84' lang='lat'>14.</span> <span class='ocrx_word' id='word_1_297' title='bbox 448 2742 466 2773; x_wconf 91' lang='grc' dir='ltr'><em>ὁ</em></span> <span class='ocrx_word' id='word_1_298' title='bbox 483 2741 527 2783; x_wconf 87' lang='grc' dir='ltr'>μὴ</span> <span class='ocrx_word' id='word_1_299' title='bbox 545 2741 640 2775; x_wconf 76' lang='grc' dir='ltr'>εἰδὼς</span> <span class='ocrx_word' id='word_1_300' title='bbox 657 2741 696 2774; x_wconf 89' lang='grc' dir='ltr'>τὸ</span> <span class='ocrx_word' id='word_1_301' title='bbox 714 2739 843 2782; x_wconf 82' lang='grc' dir='ltr'>θέλημα</span> <span class='ocrx_word' id='word_1_302' title='bbox 860 2743 920 2774; x_wconf 81' lang='grc' dir='ltr'>τοῦ</span> <span class='ocrx_word' id='word_1_303' title='bbox 938 2740 1052 2783; x_wconf 86' lang='grc' dir='ltr'>κυρίου</span> <span class='ocrx_word' id='word_1_304' title='bbox 1070 2739 1171 2772; x_wconf 79' lang='grc' dir='ltr'>αὐτοῦ</span> <span class='ocrx_word' id='word_1_305' title='bbox 1189 2739 1243 2772; x_wconf 80' lang='grc' dir='ltr'>καὶ</span> <span class='ocrx_word' id='word_1_306' title='bbox 1260 2738 1304 2782; x_wconf 83' lang='grc' dir='ltr'>μὴ</span> <span class='ocrx_word' id='word_1_307' title='bbox 1321 2736 1477 2781; x_wconf 80' lang='grc' dir='ltr'>ποιήσας,</span> <span class='ocrx_word' id='word_1_308' title='bbox 1493 2736 1679 2781; x_wconf 80' lang='grc' dir='ltr'>δαρήσεται</span> 
     </span>
     <span class='ocr_line' id='line_1_37' title="bbox 94 2783 1677 2832; baseline -0.001 -12"><span class='ocrx_word' id='word_1_309' title='bbox 94 2787 222 2832; x_wconf 83' lang='grc' dir='ltr'>ὀλίγας·</span> <span class='ocrx_word' id='word_1_310' title='bbox 250 2790 268 2821; x_wconf 90' lang='grc' dir='ltr'>ὁ</span> <span class='ocrx_word' id='word_1_311' title='bbox 286 2788 321 2821; x_wconf 83' lang='grc' dir='ltr'>δέ</span> <span class='ocrx_word' id='word_1_312' title='bbox 340 2788 436 2822; x_wconf 78' lang='grc' dir='ltr'>εἰδὼς</span> <span class='ocrx_word' id='word_1_313' title='bbox 454 2788 506 2820; x_wconf 80' lang='grc' dir='ltr'>καὶ</span> <span class='ocrx_word' id='word_1_314' title='bbox 523 2788 566 2831; x_wconf 87' lang='grc' dir='ltr'>μὴ</span> <span class='ocrx_word' id='word_1_315' title='bbox 586 2800 616 2821; x_wconf 84' lang='lat' dir='ltr'>a.</span> <span class='ocrx_word' id='word_1_316' title='bbox 745 2786 796 2820; x_wconf 87' lang='lat'>16.</span> <span class='ocrx_word' id='word_1_317' title='bbox 824 2788 1013 2830; x_wconf 86' lang='grc' dir='ltr'>νενηκηκότι</span> <span class='ocrx_word' id='word_1_318' title='bbox 1032 2786 1073 2819; x_wconf 82' lang='grc' dir='ltr'>Β.</span> <span class='ocrx_word' id='word_1_319' title='bbox 1092 2787 1274 2829; x_wconf 85' lang='grc' dir='ltr'>νενικηκότι</span> <span class='ocrx_word' id='word_1_320' title='bbox 1295 2784 1357 2818; x_wconf 83' lang='lat' dir='ltr'>Ht.</span> <span class='ocrx_word' id='word_1_321' title='bbox 1377 2785 1544 2826; x_wconf 87' lang='grc' dir='ltr'>νενοηκότι</span> <span class='ocrx_word' id='word_1_322' title='bbox 1563 2795 1580 2817; x_wconf 85' lang='lat' dir='ltr'>e</span> <span class='ocrx_word' id='word_1_323' title='bbox 1600 2783 1677 2818; x_wconf 84' lang='lat' dir='ltr'><strong>Cat.</strong></span> 
     </span>
     <span class='ocr_line' id='line_1_38' title="bbox 95 2830 1677 2879; baseline -0.002 -13"><span class='ocrx_word' id='word_1_324' title='bbox 95 2840 134 2867; x_wconf 76' lang='lat' dir='ltr'>ut</span> <span class='ocrx_word' id='word_1_325' title='bbox 151 2834 219 2868; x_wconf 85' lang='lat' dir='ltr'><strong>vid.</strong></span> <span class='ocrx_word' id='word_1_326' title='bbox 236 2835 331 2869; x_wconf 89' lang='lat' dir='ltr'>Aub.</span> <span class='ocrx_word' id='word_1_327' title='bbox 465 2845 519 2868; x_wconf 88' lang='lat'>21.</span> <span class='ocrx_word' id='word_1_328' title='bbox 545 2834 680 2879; x_wconf 83' lang='grc' dir='ltr'>τυφλὸν</span> <span class='ocrx_word' id='word_1_329' title='bbox 699 2833 773 2867; x_wconf 78' lang='lat' dir='ltr'><strong>B.a.</strong></span> <span class='ocrx_word' id='word_1_330' title='bbox 795 2833 858 2867; x_wconf 84' lang='lat' dir='ltr'>Ht.</span> <span class='ocrx_word' id='word_1_331' title='bbox 877 2835 1022 2878; x_wconf 83' lang='grc' dir='ltr'>τυφλοῖς</span> <span class='ocrx_word' id='word_1_332' title='bbox 1041 2832 1134 2866; x_wconf 82' lang='lat' dir='ltr'><strong>Aub.</strong></span> <span class='ocrx_word' id='word_1_333' title='bbox 1269 2842 1322 2873; x_wconf 80' lang='lat'>24.</span> <span class='ocrx_word' id='word_1_334' title='bbox 1350 2832 1480 2865; x_wconf 81' lang='grc' dir='ltr'>ἑαυτοῖς</span> <span class='ocrx_word' id='word_1_335' title='bbox 1499 2830 1540 2864; x_wconf 89' lang='grc' dir='ltr'>Β.</span> <span class='ocrx_word' id='word_1_336' title='bbox 1560 2842 1677 2864; x_wconf 84' lang='lat' dir='ltr'><strong>emen-</strong></span> 
     </span>
    </p>
   </div>
   <div class='ocr_carea' id='block_1_13' title="bbox 96 2880 274 2915">
    <p class='ocr_par' dir='ltr' id='par_1_14' title="bbox 96 2880 274 2915">
     <span class='ocr_line' id='line_1_39' title="bbox 96 2880 274 2915; baseline 0.011 -2"><span class='ocrx_word' id='word_1_337' title='bbox 96 2880 190 2915; x_wconf 85' lang='lat' dir='ltr'>davit</span> <span class='ocrx_word' id='word_1_338' title='bbox 211 2881 274 2915; x_wconf 85' lang='lat' dir='ltr'>Ht.</span> 
     </span>
    </p>
   </div>
   <div class='ocr_carea' id='block_1_14' title="bbox 1744 1228 1871 1312">
    <p class='ocr_par' dir='ltr' id='par_1_15' title="bbox 1744 1228 1871 1312">
     <span class='ocr_line' id='line_1_40' title="bbox 1746 1228 1871 1259; baseline 0.016 -2"><span class='ocrx_word' id='word_1_339' title='bbox 1746 1228 1777 1258; x_wconf 75' lang='lat' dir='ltr'>S.</span> <span class='ocrx_word' id='word_1_340' title='bbox 1795 1229 1871 1259; x_wconf 78' lang='lat' dir='ltr'>Luc.</span> 
     </span>
     <span class='ocr_line' id='line_1_41' title="bbox 1744 1272 1868 1312; baseline 0.008 -11"><span class='ocrx_word' id='word_1_341' title='bbox 1744 1272 1798 1303; x_wconf 74' lang='lat' dir='ltr'>xii.</span> <span class='ocrx_word' id='word_1_342' title='bbox 1817 1279 1868 1312; x_wconf 73' lang='lat'>47.</span> 
     </span>
    </p>
   </div>
   <div class='ocr_carea' id='block_1_15' title="bbox 1744 1964 1880 2047">
    <p class='ocr_par' dir='ltr' id='par_1_16' title="bbox 1744 1964 1880 2047">
     <span class='ocr_line' id='line_1_42' title="bbox 1745 1964 1850 2002; baseline 0.01 -10"><span class='ocrx_word' id='word_1_343' title='bbox 1745 1964 1850 2002; x_wconf 71' lang='lat' dir='ltr'>Supra</span> 
     </span>
     <span class='ocr_line' id='line_1_43' title="bbox 1744 2016 1880 2047; baseline 0.007 -12"><span class='ocrx_word' id='word_1_344' title='bbox 1744 2017 1810 2037; x_wconf 59' lang='lat' dir='ltr'>ver.</span> <span class='ocrx_word' id='word_1_345' title='bbox 1831 2016 1880 2047; x_wconf 91' lang='lat'>24·</span> 
     </span>
    </p>
   </div>
  </div>
 </body>
</html>
