2037 3266
299 137 384 176 422
703 137 754 178 B.
786 116 1065 177 CYRI'LLI
1106 137 1486 178 ALEXANDR.
1743 138 1828 178 xiv.
1846 150 1886 193 9.

378 244 522 309 Πλὴν
547 246 691 297 ἐκεῖνο
716 244 773 310 δὴ
799 245 949 298 πάλιν
975 251 1073 300 τοῖς
1098 249 1180 310 τῆς
1207 246 1430 311 ἀληθείας
1463 248 1656 314 ἐροῦμεν
1682 249 1884 314 ἐχθροῖς,

302 325 345 376 οἳ
371 333 602 379 πλατεῖαν
629 328 792 396 ἔχουσι
818 330 924 380 καθ’
953 329 1085 393 ἡμῶν
1110 328 1198 393 τὴν
1223 334 1460 395 γλῶτταν,
1487 334 1679 393 μᾶλλον
1705 329 1754 380 δὲ
1787 329 1907 390 κατ’,

300 409 445 473 αὐτῆς
470 413 552 474 τῆς
579 411 743 464 οὐσίας
769 417 852 462 τοῦ
880 414 1201 476 Μονογενοῦς.
1256 415 1293 462 εἰ
1324 410 1416 477 γὰρ
1446 410 1512 476 μὴ
1546 412 1604 480 ἐξ
1634 413 1776 476 αὐτῆς
1806 414 1889 474 τῆς

301 491 467 546 οὐσίας
501 497 585 543 τοῦ
612 497 737 544 Θεοῦ
769 496 845 543 καὶ
873 492 1064 558 Πατρός
1100 495 1232 543 ἐστιν
1259 494 1283 543 ὁ
1309 492 1438 555 Υἱὸς,
1464 497 1698 559 γεννητῶς
1733 492 1885 560 ὑπάρ-

301 595 401 640 χων
438 575 570 625 τοῦθ’
612 574 727 641 ὅπερ
767 576 883 636 ἐστὶ,
924 574 1045 627 Θεὸς
1090 575 1311 638 δηλονότι
1350 577 1425 626 καὶ
1463 574 1583 626 κατὰ
1624 574 1775 643 φύσιν
1813 577 1930 630 καῖ5

262 656 507 720 θάληθῶς,
537 656 696 720 μόνοις
738 655 786 706 δὲ
825 661 921 710 τοῖς
960 656 1135 725 ἔξωθεν
1171 655 1509 722 ἀγλαϊζόμενος
1547 657 1781 725 σχήμασι,
1814 659 1890 708 καὶ

302 742 403 790 ταῖς
447 737 741 792 ἐπεισάκτοις
792 738 1228 805 λελαμπρυσμένος
1279 739 1519 801 εὐκλείαις,
1564 740 1617 789 οὐ
1669 743 1891 807 φυσικοῖς

303 819 572 886 διαπρέπων
603 821 886 890 ἀξιώμασιν,
914 823 962 872 ἐν
998 823 1146 890 ἑαυτῷ
1181 819 1230 871 δὲ
1263 826 1447 890 μορφοῖ
1474 819 1558 872 τὸν
1586 821 1791 888 Πατέρα,
1815 825 1891 872 καὶ

302 901 436 953 εἰκών
477 904 609 954 ἐστιν
647 903 1023 970 ἀπαράλλακτος
1060 908 1144 953 τοῦ
1184 906 1323 965 Θεοῦ,
1362 907 1553 970 πρῶτον
1589 903 1674 966 μὲν
1711 905 1795 954 οὐκ
1833 903 1892 954 ἂν

302 984 370 1048 ε’ίη
409 984 529 1036 κατὰ
569 984 719 1054 φύσιν
756 983 884 1048 Υἱὸς,
923 986 1035 1036 ἀλλ’
1077 984 1181 1036 οὐδὲ
1227 985 1436 1051 γέννημα
1479 984 1600 1036 κατὰ
1641 985 1886 1050 ἀλήθειαν,
1912 1007 1961 1033 10

301 1067 482 1131 ποίημα
520 1066 569 1118 δὲ
607 1069 713 1118 καθ’
744 1068 877 1132 ἡμᾶς,
903 1068 939 1132 η’
967 1091 1012 1118 τι
1048 1071 1143 1119 τῶν
1175 1068 1399 1118 τοιούτων
1425 1068 1597 1134 ἕτερον·
1640 1069 1694 1119 οῦ
1731 1091 1887 1135 παρα-

303 1149 562 1216 δεχθέντος,
603 1152 725 1201 οὕτω
771 1173 820 1201 τε
861 1150 982 1217 ἔχειν
1020 1151 1409 1214 πεπιστευμένου,
1450 1155 1699 1204 παντελῶς
1740 1150 1891 1216 δήπου

302 1233 485 1282 κάκεῖνο
524 1232 746 1301 φήσομεν
786 1234 991 1297 ἀληθῶς,
1028 1235 1090 1286 ὡς
1130 1233 1214 1283 οὐκ
1251 1230 1310 1282 ἂν
1348 1233 1415 1296 ε’ίη
1453 1232 1610 1299 πατὴρ
1655 1234 1680 1283 ὁ
1722 1231 1892 1299 Πατὴρ

301 1315 509 1384 ἐνεργείᾳ
543 1316 620 1365 καὶ
659 1314 818 1382 φύσει,
846 1315 1041 1378 θελήσει
1079 1312 1127 1364 δὲ
1166 1319 1357 1377 μᾶλλον
1393 1317 1468 1365 καὶ
1507 1314 1698 1379 δοκήσει
1733 1314 1891 1383 τυχὸν,

257 1395 514 1460 ἀκαθάπερ
566 1396 648 1447 οῦν
699 1397 775 1446 καὶ
826 1396 958 1460 ἡμῶν
1009 1396 1284 1460 ὠνόμασται
1342 1396 1514 1463 πατήρ.
1593 1395 1692 1448 εἶτα
1743 1398 1792 1448 τί
1838 1397 1892 1448 τὸ
1913 1414 1962 1452 15

299 1480 542 1539 ἐντεῦθεν;
586 1478 1102 1543 συνομολογηθήσεται
1138 1479 1214 1528 καὶ
1250 1480 1312 1532 ὡς
1348 1479 1405 1547 ἐξ
1436 1477 1644 1544 ἀνάγκης
1680 1481 1899 1530 ἀνατελεῖ

301 1559 466 1626 Τριάς·
513 1561 596 1610 οὐκ
636 1561 702 1610 ε”τι
743 1559 837 1626 γὰρ
876 1561 986 1624 ἡμῖν
1022 1561 1049 1624 ἡ
1087 1561 1201 1626 ἁγία
1239 1560 1512 1612 πιστεύεται
1548 1561 1667 1612 κατά
1699 1585 1803 1613 τινα
1837 1561 1894 1626 δὴ

300 1640 492 1708 τρόπον,
518 1647 641 1709 τρεῖς
675 1641 726 1692 δὲ
759 1647 964 1705 μᾶλλον,
993 1645 1055 1696 ὡς
1086 1644 1133 1693 ἐν
1159 1642 1395 1707 ἀλλήλοις
1430 1644 1513 1694 οὐκ
1550 1643 1896 1711 ἐνυπάρχοντος

303 1724 556 1786 οὑσιωδῶς,
584 1724 789 1775 ἑκάστου
825 1747 872 1775 τε
909 1723 1073 1790 ὥσπερ
1109 1728 1203 1775 τῶν
1238 1724 1484 1789 ὀνομάτων
1519 1730 1579 1779 εἷς
1616 1725 1699 1776 τὸν
1731 1731 1896 1777 οἰκεῖον

303 1807 387 1868 τῆς
413 1806 529 1860 ἰδίας
556 1805 750 1874 φύσεως
775 1807 1132 1874 ἀναχωροῦντος
1159 1805 1321 1873 λόγον,
1349 1807 1710 1872 διακεκομμένου
1737 1831 1786 1859 τε
1812 1813 1895 1858 τοῦ
1913 1831 1963 1857 20

304 1888 461 1954 ἑτέρου
499 1892 761 1941 παντελῶς.
818 1888 1079 1955 ἐκβιάζεται
1114 1888 1206 1955 γάρ
1241 1912 1342 1942 πως
1377 1890 1497 1953 ἡμᾶς
1532 1890 1560 1953 ἡ
1597 1896 1680 1941 τοῦ
1715 1890 1891 1956 θεωρή-

305 1992 452 2033 ματος
496 1969 690 2034 δύναμις
735 1972 811 2021 καὶ
850 1970 1122 2038 παχύτερον
1159 1972 1265 2037 περὶ
1302 1970 1482 2022 τούτων
1520 1975 1680 2023 εἰπεῖν.
1744 1974 1820 2022 καὶ
1859 1975 1897 2022 εὶ

267 2074 288 2100 e
307 2057 444 2103 τοῦτο
471 2052 687 2116 δώσομεν
714 2052 941 2120 ὑπάρχειν
969 2052 1156 2117 ἀληθὲς,
1183 2055 1331 2107 οὕτως
1361 2076 1410 2104 τε
1443 2054 1562 2121 ἔχειν
1588 2056 1795 2121 ἐροῦμεν,
1821 2056 1897 2104 καὶ

306 2137 389 2198 τῆς
413 2135 578 2188 οὐσίας
602 2140 685 2185 τοῦ
713 2139 836 2185 Θεοῦ
864 2137 941 2185 καὶ
969 2133 1162 2200 Πατρὸς
1190 2133 1448 2201 ἀλλότριον
1473 2140 1719 2190 παντελῶς
1744 2159 1898 2202 παρα-

307 2216 537 2284 δεξόμεθα
575 2215 657 2267 τὸν
683 2216 814 2279 Υἱὸν,
845 2221 946 2269 πῶς
985 2218 1039 2267 οὐ
1078 2216 1391 2284 διαψεύσεται
1431 2217 1586 2282 λέγων
1611 2218 1668 2268 Ὁ
1696 2216 1897 2286 ἑωρακῶς
1915 2236 1963 2275 25

307 2297 385 2364 ἐμὲ
417 2297 576 2367 ἑώρακε
609 2298 675 2349 τὶν
703 2296 913 2366 Πατέρα,
961 2301 1085 2348 Θεοῦ
1123 2297 1217 2363 γὰρ
1258 2297 1552 2365 ὑπάρχοντος
1590 2297 1710 2348 κατὰ
1748 2298 1899 2366 φύσιν

308 2383 391 2428 τοῦ
429 2378 634 2445 Πατρὸς,
660 2384 760 2432 πῶς
797 2380 854 2430 ἂν
884 2379 993 2443 ἡμῖν
1028 2380 1052 2429 ὁ
1083 2378 1212 2442 Υἱὸς,
1239 2380 1388 2429 καίτοι
1423 2379 1487 2443 μὴ
1524 2378 1748 2447 ὑπάρχων
1777 2378 1900 2432 Θεὸς

309 2459 430 2510 κατὰ
469 2461 619 2528 φύσιν
657 2460 776 2512 κατὰ
817 2460 898 2512 τὸν
936 2462 1122 2512 ἐκείνων
1160 2460 1324 2527 λόγον,
1365 2462 1505 2530 δείξει
1546 2463 1593 2512 ἐν
1629 2463 1778 2530 ἑαυτῷ
1816 2460 1899 2512 τὸν

313 2543 541 2608 Πατέρα,
590 2547 692 2597 πῶς
725 2542 819 2609 γὰρ
856 2545 902 2593 ἐν
933 2547 1000 2613 τῷ
1037 2542 1254 2608 γεγονότι
1290 2541 1344 2594 τὸ
1383 2543 1447 2607 μὴ
1482 2542 1678 2609 γεγονὸς
1716 2542 1894 2610 θεωρή-

310 2644 477 2688 σομεν·
520 2626 568 2675 ἐν
595 2625 642 2676 δὲ
668 2628 734 2694 τῷ
759 2624 823 2689 μὴ
851 2624 950 2676 ὄντι
984 2624 1112 2687 ποτὲ,
1139 2623 1260 2676 κατά
1295 2648 1348 2690 γε
1384 2624 1467 2676 τὸν
1493 2631 1576 2676 τοῦ
1609 2628 1896 2688 πεποιῆσθαι
1915 2650 1966 2686 30

89 2723 174 2760 778
189 2721 241 2758 A.
272 2704 474 2771 a>x6y0v‚
499 2711 601 2761 πῶς
636 2707 693 2757 ἄν
724 2730 794 2761 τις
828 2707 916 2758 ἰ’δοι
950 2706 1034 2758 τὸν
1067 2706 1181 2758 ὄντα
1219 2706 1295 2758 διὰ
1333 2705 1540 2769 παντός,
1582 2706 1647 2771 μὴ
1686 2706 1780 2772 γάρ
1818 2729 1898 2769 μοι

364 2908 415 2932 10.
434 2899 515 2932 κατὰ
533 2900 590 2933 alt.
604 2899 645 2933 E.
665 2898 733 2932 κατ’
754 2898 820 2932 Ed.
894 2900 946 2932 18.
966 2899 1217 2944 ἐνυπάρχοντος
1236 2898 1276 2932 Ε.
1353 2908 1406 2931 20.
1426 2898 1532 2942 λόγον
1550 2900 1774 2939 assumptum
1794 2906 1835 2928 ex
1854 2893 1896 2928 E.

315 2954 440 2989 25-27.
467 2945 498 2978 A
516 2948 586 2980 πῶς
604 2944 647 2980 ad
664 2948 734 2980 πῶς
752 2945 901 2979 transilit
920 2945 960 2979 E.
