1971 3272
63 599 85 637 5

40 1078 88 1104 10

105 148 161 188 xi.
180 163 249 203 44.
353 150 421 191 IN
451 150 494 190 S.
519 150 691 191 JOAN.
755 150 869 190 LIB.
888 150 990 189 Vll.
1059 150 1258 189 mmmm
1276 150 1441 188 lvjx'l'x.
1611 148 1686 185 52le

104 259 430 324 σκηνοπηγίας
457 259 675 310 διετύπου
700 256 788 322 τὴν
813 257 991 325 ἑορτήν·
1029 257 1302 324 ἑορτάσατε,
1331 259 1497 325 φησιν,
1525 254 1690 317 αὐτὴν,

105 345 132 368 “
156 338 464 404 μνημόσυνον
490 340 832 407 σαλπίγγων.”
873 341 1251 405 συμπήγνυσθαι
1289 338 1381 405 γὰρ
1415 336 1694 401 μελλόντων
1757 336 1916 418 {2:1¹2ss

103 422 297 476 ἐσαῦθις
341 427 435 474 τῶν
473 424 782 490 ἀνθρωπίνων
826 423 1077 486 σωμάτων,
1117 426 1192 473 καὶ
1241 421 1327 486 τὴν
1369 421 1488 472 ἰδίαν
1529 419 1693 483 ὥσπερ

105 504 289 569 σκηνὴν
325 505 736 573 παραληψομένης
776 506 893 556 ὅσον
933 505 1114 556 οὐδέπω
1153 507 1235 568 τῆς
1273 503 1475 554 ἑκάστου
1513 503 1692 569 ψυχῆς,

106 586 507 655 προαναφωνήσει
543 586 788 652 κέλευσμα
822 587 876 639 τὸ
916 586 1198 638 δεσποτικὸν
1234 589 1308 637 καὶ
1339 584 1605 652 προηχήσει
1641 581 1695 634 τὸ

106 669 189 731 τῆς
215 669 526 723 ἀναστάσεως
551 669 788 734 σύνθημα,
808 669 1035 738 σάλπιγξ
1053 674 1192 732 Θεοῦ,
1214 668 1332 720 κατὰ
1359 667 1413 718 τὸ
1440 666 1693 732 εἰρημένον.
1758 670 1904 745 ῘῙνΤῙΈΞΞ-

107 753 170 803 εἷς
203 749 352 801 τύπον
383 751 464 802 οῦν
493 751 679 815 ταύτης,
707 753 780 803 ἐπὶ
807 751 1009 821 Λαζαριρ
1045 752 1167 816 μέγα
1206 774 1249 801 τι
1289 752 1364 800 καὶ
1403 749 1695 818 ἐξάκουστον
1714 773 1736 798 e

107 832 325 899 ἐφώνησε
351 833 580 900 Χριστὸς,
608 834 662 884 οὐ
696 833 892 902 σφόδρα
925 839 1008 884 τοῦ
1045 832 1280 897 συνήθους
1308 832 1590 900 φροντίσας,
1620 830 1694 880 ἵνα

107 918 203 966 τῶν
227 914 426 967 ἔσεσθαι
449 915 859 982 προσδοκωμένων
884 916 1092 984 ἐπιδείξῃ
1118 914 1201 966 τὸν
1225 914 1389 966 τύπον.

181 1065 299 1112 ΛέΓει
337 1065 481 1108 αὐτοῖς
519 1067 541 1107 ὁ
573 1067 741 1109 ἸΗσοῡε
778 1066 939 1109 Λύσατε
979 1066 1109 1109 αὐτὸν
1149 1066 1216 1107 καὶ
1255 1066 1391 1122 ἄφετε
1429 1065 1620 1112 (meh-etv.
1715 1072 1737 1098 θ

184 1165 448 1230 Χρησίμως
475 1165 555 1215 οὖν
582 1164 658 1216 διὰ
683 1169 853 1232 χειρῶν
877 1166 1056 1216 οἰκείων
1080 1165 1340 1233 ἐπέτρεψεν
1367 1164 1522 1217 αὐτοῖς
1549 1167 1699 1213 λῦσαι

110 1245 265 1309 αὐτὸν,
309 1247 385 1297 ἵνα
433 1248 664 1312 μηδεμίαν
707 1247 856 1315 ε”χοιεν
900 1247 1227 1316 συκοφαντίας
1278 1244 1517 1315 ἀφορμὴν,
1565 1243 1698 1295 ἀλλὰ

163 1387 192 1409 1.
219 1373 376 1410 διετύπου
394 1387 424 1409 a.
428 1375 462 1410 b.
466 1387 494 1410 c.
498 1376 535 1410 k.
555 1375 662 1410 Cord.
681 1375 804 1420 ἐδήλου
822 1388 870 1411 m.
888 1375 1011 1411 ετύπου
1031 1376 1069 1410 C
1063 1381 1108 1410 1t.
1128 1376 1227 1410 Halm]
1242 1374 1310 1409 Ed.
1376 1374 1699 1419 ἑορτάσατε-σαλ-

110 1421 259 1469 πίγγων]
280 1423 448 1468 σάλπιγγι
465 1422 588 1466 ταύτην
605 1422 764 1466 ἐσήμαινε
781 1435 830 1457 m.
928 1434 960 1457 2.
987 1422 1248 1468 συμπνὴγεσθαι
1262 1422 1343 1463 (sic)
1360 1434 1406 1456 m.
1504 1432 1535 1466 3.
1563 1420 1702 1455 ἐσαῦθις

112 1480 183 1503 om.
200 1481 246 1503 m.
335 1481 368 1511 4.
387 1469 682 1514 παραληψομένην
699 1471 734 1504 k,
799 1470 1102 1515 παραληψομενων
1119 1473 1184 1503 τῶν
1201 1469 1359 1514 ψυχῶν
1345 1484 1388 1504 ως
1407 1466 1592 1512 σάλπιγξ’
1579 1466 1702 1511 ηχὴσει

113 1517 152 1550 τὸ
170 1516 373 1551 δεσποτικὸν
389 1518 561 1560 κέλευσμα
578 1517 632 1550 καὶ
648 1517 687 1550 τὸ
704 1518 763 1560 τῆς
779 1516 1000 1552 ἀναστάσεως
1018 1516 1170 1561 κήρυγμα
1188 1517 1240 1549 καὶ
1258 1515 1379 1558 ταύτης
1396 1515 1442 1550 εἷς
1459 1514 1564 1595 τ8ύπον
1581 1514 1703 1548 λοιπὸν

113 1563 169 1597 ε’πι
182 1563 234 1608 (7)
248 1575 295 1597 m.
383 1571 414 1608 7.
433 1562 600 1609 εἷς-ἐπι]
616 1563 663 1599 εἷς
679 1563 785 1597 τύπον
803 1564 857 1597 ἐπὶ
875 1576 904 1598 c.
923 1562 940 1596 ὃ
959 1564 1005 1598 εἷς
1022 1568 1128 1597 τύπον
1145 1563 1199 1597 ἐπὶ
1217 1565 1262 1608 τῷ
1280 1562 1386 1596 C0r.‹l
1472 1563 1505 1595 8.
1525 1559 1700 1606 ε’φώνησε]

118 1615 150 1649 -1-
175 1612 193 1644 ὁ
212 1622 258 1644 m.
279 1609 386 1643 Cord.
407 1609 527 1644 deest
520 1622 556 1643 ln
574 1622 604 1644 c.
805 1622 840 1655 9.
863 1609 997 1655 rba-ow]
1022 1611 1089 1644 Hie
1107 1611 1209 1654 plura
1227 1609 1324 1643 addit
1344 1609 1421 1643 Cat.
1442 1608 1528 1652 Reg.
1550 1608 1650 1641 Sxec.
1669 1618 1703 1651 9.

111 1668 220 1701 supra
249 1657 306 1691 cit.
332 1656 407 1701 (fol.
429 1657 522 1701 128),
544 1668 632 1702 quae
658 1656 768 1691 edidit
794 1657 847 1691 Ma
848 1657 868 1690 ti
893 1669 927 1702 p.
947 1657 1010 1710 136
1033 1657 1127 1691 unde
1153 1663 1185 1690 et
1209 1657 1344 1700 Migne.
1399 1655 1499 1692 Quae
1525 1666 1635 1709 quum
1657 1654 1702 1687 D.

113 1703 234 1749 Cyrilh
251 1715 322 1737 non
342 1709 436 1744 sunt,
456 1715 519 1737 nec
537 1709 654 1737 tamen
672 1709 850 1737 auctorem
869 1716 968 1748 repen
971 1716 1012 1737 111
1031 1704 1139 1748 potui,
1152 1703 1209 1737 hic
1228 1703 1414 1748 subjunxi:
1436 1701 1531 1735 Οὕτω
1549 1700 1588 1744 δή
1607 1715 1704 1740 τινες,

111 1750 166 1784 διὰ
191 1751 250 1784 τὸν
273 1751 382 1784 πάντα
407 1750 590 1794 δυνάμενον
613 1752 673 1784 τοῦ
699 1750 777 1784 θεοῦ
803 1752 910 1796 λόγον
934 1753 1039 1794 πάντη
1065 1750 1356 1806 ἀπογνωσθέντες,
1381 1750 1434 1783 καὶ
1459 1750 1517 1792 τῆς
1543 1748 1578 1781 ἐν
1601 1749 1702 1792 ψυχῇ

112 1798 310 1840 νεκρότητος
333 1797 393 1841 τὴν
418 1797 623 1831 δυσωδίαν’
613 1798 759 1842 ἔχοντες,
785 1798 839 1831 καὶ
864 1797 1032 1832 οἰκοῦντες
1058 1800 1183 1841 νεκρῶν
1208 1795 1409 1840 οἰκητήριον,
1436 1796 1627 1830 ἐλθόντος
1619 1796 1704 1837 πρὸς

111 1843 233 1879 αὐτους
249 1845 309 1877 τοῦ
326 1845 434 1889 λόγου
452 1843 625 1884 ἀκούουσι,
644 1844 697 1877 καὶ
715 1844 972 1887 καθικνουμένης
989 1845 1091 1878 αἰτοῦ
1108 1846 1166 1887 τῆς
1184 1844 1354 1886 δυνάμεως
1370 1847 1435 1876 τῶν
1452 1843 1578 1887 ψυχῶν
1595 1841 1704 1874 αυτῶν

111 1890 277 1935 λέγοντος
291 1893 400 1935 Δεῦρο
420 1890 498 1933 ἔξω,
517 1890 749 1935 ἐξέρχονται”
731 1905 780 1924 ετι
793 1889 959 1940 [κηρίοις]
975 1894 1042 1924 τῶν
1058 1894 1183 1935 νεκρῶν
1200 1891 1335 1932 δεσμῶν
1353 1889 1533 1932 δεδεμενοι·
1561 1888 1705 1931 ἐξῆλθεν

111 1939 179 1982 γάρ
204 1942 294 1982 φησι
320 1939 338 1970 6
364 1937 528 1980 τεθνηκὼς
553 1936 738 1980 δεδεμένος·
774 1940 844 1971 εἶτα
869 1940 1036 1980 παρόντος
1060 1939 1120 1970 τοῦ
1145 1937 1261 1980 Ἰησοῦ
1287 1951 1340 1970 και
1364 1940 1430 1970 τῶν
1454 1935 1622 1979 μαθητῶν,
1649 1934 1703 1967 καὶ

113 1983 340 2019 κελεύσαντος
357 1984 480 2026 αὐτοῖς,
497 1982 621 2017 λύουσι
638 1987 704 2017 τῶν
721 1985 781 2016 τοῦ
803 1987 921 2027 νεκροῦ
945 1984 1080 2027 δεσμῶν
1096 1984 1155 2017 τὸν
1171 1983 1354 2017 πεισθέντα
1380 1985 1426 2028 τῷ
1451 1983 1511 2026 υἱῲ
1538 1983 1598 2015 τοῦ
1624 1980 1702 2014 θεοῦ

113 2045 167 2064 και
177 2032 364 2087 γενόμενον
377 2030 442 2072 ἔξω
460 2032 519 2063 τοῦ
536 2030 707 2073 μνημείου·
728 2032 745 2063 ὁ
764 2030 800 2063 δέ
817 2031 963 2066 λυθεις’
948 2031 1084 2064 (ίπεισιν
1097 2029 1288 2073 ἐλεύθερος,
1303 2031 1356 2063 καὶ
1374 2030 1452 2072 ἑξῆς
1469 2028 1703 2062 συνανάκειται

113 2080 161 2131 τῷ
177 2076 304 2120 Ιησοῦ·
330 2076 484 2111 τοιούτου
508 2077 597 2111 τινὸς
621 2077 791 2133 τάγματος
816 2076 995 2120 σύμβολον
1011 2075 1093 2110 εἶναι
1115 2091 1172 2120 μοι
1193 2076 1284 2110 δοκεῖ
1307 2078 1324 2110 6
1344 2077 1504 2119 Λάζαρος,
1524 2075 1620 2109 ὅστις
1641 2074 1703 2117 μὲν

113 2122 153 2167 ἧν
169 2124 236 2158 ἀπὸ
249 2123 419 2185 Βηθανίας
436 2124 496 2157 τοῦ
513 2124 572 2166 τῆς
589 2123 735 2164 ὑπακοῆς
752 2121 857 2157 οἵκου·
884 2122 1109 2166 ἠσθένησεν
1091 2137 1248 2166 υστερον,
1268 2123 1322 2156 καί
1343 2137 1395 2156 τοι
1415 2137 1470 2178 γε
1476 2122 1532 2155 ὅτε
1555 2121 1703 2178 ὑγίαινεν

113 2171 262 2228 φίλος
244 2185 290 2204 ων
306 2172 365 2203 τοῦ
381 2169 507 2213 Ἰησοῦ·
534 2170 573 2203 οὐ
599 2170 650 2203 δεῖ
675 2169 734 2203 οῦν
753 2170 1001 2214 ἀπογινώσκειν
1023 2171 1077 2204 καὶ
1102 2171 1160 2204 τὸν
1180 2170 1215 2203 ἐν
1238 2170 1367 2228 ἐσχάτη
1395 2167 1490 2211 κακίᾳ
1514 2169 1701 2212 γινόμενον

114 2217 168 2251 καὶ
185 2216 237 2251 ὅτι
255 2217 359 2250 καλὸν
371 2217 433 2260 μέν
449 2217 488 2250 τὸ
503 2216 548 2260 μὴ
567 2216 734 2251 ἀσθενεῖν·
759 2216 787 2250 εἷ
805 2217 843 2250 δέ
858 2231 908 2252 τις
924 2217 1071 2256 ἀσθενεῖ,
1084 2215 1269 2262 εὐχεσθω
1257 2231 1308 2250 ινα
1325 2231 1369 2260 μη
1388 2215 1406 2258 ἡ
1424 2204 1582 2249 ἀσθένεια
1599 2214 1702 2247 αὐτοῦ

112 2265 199 2309 πρὸς
216 2263 360 2298 θάνατον
374 2262 520 2308 γένηται,
539 2262 617 2297 ἀλλ’
636 2263 721 2307 ὑπὲρ
746 2265 804 2306 τῆς
829 2264 932 2307 δόξης
956 2266 1016 2297 τοῦ
1042 2264 1131 2297 θεοῦ·
1166 2263 1185 2296 ὅ
1209 2278 1245 2297 τε
1271 2263 1366 2296 ἔστιν
1385 2263 1467 2296 ἷδειν
1483 2263 1542 2295 τὸν
1558 2261 1702 2294 ἀκολου-

114 2311 238 2345 θοῦντα
255 2312 302 2356 τῷ
318 2309 446 2353 Ἰησοῦ,
464 2310 538 2344 τίνα
554 2311 681 2354 τρόπον
697 2311 715 2343 6
732 2312 884 2345 τοιοῦτος
901 2310 1076 2355 εξερχεται
1092 2310 1153 2354 μὲν
1170 2310 1224 2344 διὰ
1241 2310 1300 2354 τὴν
1311 2309 1426 2352 Ἰησοῦ
1444 2308 1572 2354 φωνήν·
1598 2322 1647 2340 ετι
1666 2307 1702 2340 δε

115 2359 246 2402 σειραῖς
261 2363 328 2391 τῶν
345 2356 469 2390 ἰδίων
453 2357 700 2400 αμαρτημάτων
717 2357 892 2401 δεδεμένος
910 2358 963 2390 καὶ
981 2356 1200 2402 ἐσφιγμένος·
1231 2332 1284 2390 &6
1300 2357 1361 2400 μὲν
1377 2356 1437 2399 τὴν
1453 2357 1631 2399 μετάνοιαν
1648 2368 1702 2387 και

113 2405 153 2438 τὸ
171 2404 350 2448 ἀκηκοῆναι
370 2405 429 2446 τῆς
443 2402 559 2446 Ἰησοῦ
577 2405 704 2448 φωνῆς,
723 2405 796 2445 ζῶν·
832 2404 886 2437 διὰ
912 2404 948 2437 δέ
973 2405 1012 2438 τὸ
1036 2405 1080 2447 μὴ
1106 2403 1344 2438 ἀπολελῦσθαι
1369 2407 1435 2436 τῶν
1457 2404 1516 2445 τῆς
1539 2400 1704 2445 ἁμαρτίας

114 2451 261 2494 δεσμῶν,
280 2450 363 2494 μηδε
380 2450 441 2493 ἤδη
460 2449 625 2484 δύνασθαι
643 2450 835 2494 ἐλευθέροις
857 2451 1042 2490 ἐπιβαίνειν
1058 2451 1174 2490 ποσὶν,
1193 2449 1284 2484 ἀλλὰ
1306 2450 1389 2493 μηδὲ
1413 2449 1560 2493 ἐνεργεῖν
1577 2447 1702 2481 ἀπολε-

113 2496 266 2540 λυμένως
282 2497 323 2530 τὰ
324 2495 557 2552 διαφέροντα,
575 2496 752 2540 δεδεμένος
767 2497 827 2532 τὰς
843 2499 960 2541 χεῖρας
978 2498 1031 2531 καὶ
1048 2512 1125 2532 τους
1141 2497 1247 2531 πόδας
1265 2497 1404 2539 δεσμοῖς
1421 2499 1546 2539 νεκρῶν
1562 2494 1700 2537 κηρίαις·

115 2557 170 2577 και
196 2543 250 2576 διὰ
273 2541 395 2577 ταύτας
421 2543 481 2586 τὴν
503 2542 591 2598 όψιν
606 2545 646 2586 τῇ
673 2543 790 2588 ἀγνοίᾳ
817 2543 1076 2586 κεκαλυμμένος·
1103 2544 1157 2577 διὰ
1175 2543 1211 2576 δέ
1229 2543 1288 2586 τὴν
1304 2544 1494 2586 πρόσταξιν
1510 2543 1569 2575 τοῦ
1586 2539 1701 2582 Ἰησοῦ

114 2590 231 2625 λυθεις
248 2589 302 2622 καὶ
319 2588 470 2633 ἀφεθεὶς,
487 2587 665 2633 πορεύεται
685 2589 842 2633 τοιαύτην
857 2591 1007 2633 πορείαν,
1027 2591 1116 2624 ὥστε
1139 2590 1273 2644 φθάσαι
1297 2590 1397 2622 αὐτὸν
1415 2589 1469 2622 επὶ
1494 2589 1539 2632 τῷ
1566 2586 1621 2619 ἕνα
1648 2586 1701 2619 καὶ

116 2636 218 2670 αὐτὸν
233 2634 394 2694 γενέσθαι
417 2639 483 2668 τῶν
501 2635 787 2678 συνανακειμένων
805 2636 893 2681 αὐτῷ
910 2635 1036 2679 Ἰησοῦ·
1062 2637 1132 2670 τίσι
1155 2636 1191 2669 δε
1213 2634 1308 2668 λύειν
1324 2636 1425 2668 αἰτὸν
1442 2633 1642 2689 ἐπετρεψεν,
1661 2631 1700 2665 οὗ

115 2682 317 2728 γέγραπται·
343 2680 362 2725 ἢ
381 2696 451 2717 τοις
466 2681 640 2724 μαθηταῖς,
659 2681 676 2724 ἢ
695 2683 765 2716 τοῖς
783 2682 1125 2725 συνακολουθησασιν
1143 2682 1312 2720 ἶουδαιοις,
1331 2681 1349 2724 ἢ
1371 2682 1424 2714 καὶ
1441 2678 1624 2725 ἀγγελοις’
1618 2693 1701 2713 ισως

116 2731 188 2765 τοῖς
213 2727 480 2771 διακονουμένοις
504 2728 592 2773 αὐτῷ
618 2729 704 2771 πρὸς
727 2726 787 2771 τήν
808 2731 874 2762 τῶν
896 2728 1080 2773 ἀνθρώπων
1101 2727 1282 2771 σωτηρίαν·
1309 2728 1361 2760 καὶ
1386 2727 1462 2761 ἔστι
1486 2741 1526 2770 γε
1552 2725 1701 2759 συνιδεῖν

117 2775 401 2818 ἀποθνησκόντων
418 2774 598 2818 διαφορὰν,
615 2778 681 2808 τῶν
697 2774 758 2817 μὲν
773 2773 849 2817 μηδ’
868 2774 956 2810 ὅλως
973 2775 1131 2816 ἐξιόντων
1147 2777 1207 2808 τοῦ
1225 2773 1329 2813 οἴκου,
1347 2774 1390 2808 ὡς
1413 2773 1466 2806 ἐπὶ
1484 2774 1542 2815 τῆς
1557 2771 1699 2815 Ἰαείρου

119 2823 298 2867 θυγατρὸς,
317 2825 383 2856 τῶν
398 2821 434 2854 δέ
453 2821 512 2865 ἤδη
531 2820 696 2854 ἀπιόντων
713 2821 768 2854 ε’πὶ
785 2822 823 2854 τὸ
840 2822 962 2865 μνῆμα,
981 2821 1024 2856 ὡς
1042 2821 1096 2854 επὶ
1113 2823 1172 2854 τοῦ
1190 2821 1263 2854 υἱοῦ
1286 2822 1343 2863 τῆς
1366 2819 1481 2864 χήρας·
1509 2822 1575 2852 τῶν
1592 2819 1629 2852 δέ
1646 2817 1700 2851 καὶ

119 2868 314 2902 τεθέντων
298 2883 333 2902 εν
349 2870 395 2912 τῷ
412 2867 559 2912 μνημείῳ
577 2867 630 2900 καὶ
648 2867 708 2911 ἤδη
727 2868 942 2911 σεσηπότων·
977 2867 1090 2901 ἄθλιοι
1115 2868 1151 2901 δε
1175 2867 1266 2911 παρὰ
1291 2866 1421 2901 τούτοις
1446 2867 1476 2899 οἱ
1502 2865 1555 2899 ἐπὶ
1581 2866 1701 2898 πλεῖον

118 2914 418 2959 ἐμβραδύνοντες
401 2929 435 2948 εν
451 2916 522 2949 τοῖς
537 2913 719 2958 μνήμασιν.
948 2925 1000 2949 10.
1028 2913 1125 2959 Λέγει
1143 2914 1230 2960 αὐτῷ
1250 2915 1267 2947 ὁ
1284 2912 1416 2956 Ἰησοῦς
1435 2911 1552 2946 addidi
1569 2923 1611 2946 ex
1628 2923 1658 2945 a.
1662 2911 1698 2945 k.

123 2972 175 2996 11.
202 2961 361 2996 ἐκέλευσε
378 2972 441 3006 plo
459 2959 648 3005 ἐπέτρεψεν
664 2961 777 2996 αὐτοῖς
794 2972 842 2995 m.

851 3028 919 3068 Pp
945 3027 967 3056 2
