2037 3266
311 143 397 182 298
713 141 764 182 Β.
797 137 1072 181 CYRILLI
1108 135 1496 195 VALEXANDR.
1710 132 1783 173 xii.
1805 144 1841 181 1,
1861 143 1900 173 2.

275 269 296 296 0
313 252 612 314 ἐμποιοῦνται
646 249 701 301 τὸ
737 248 802 314 μὴ
837 248 1109 308 ἀναβαίνειν
1135 244 1278 298 αὐτὸν
1305 249 1367 299 εἷς
1391 242 1721 311 Ἰεροσόλυμα,
1749 242 1810 294 ὡς
1837 238 1901 303 μὴ

313 333 570 396 δυναμένου
607 332 755 401 ἑαυτῷ
794 334 986 396 βοηθεῖν
1025 331 1074 380 ἐν
1108 328 1300 397 τοιαύτῃ
1339 326 1501 396 ἡμέρᾳ,
1534 326 1611 376 καὶ
1650 322 1726 374 διὰ
1764 328 1903 374 τοῦτο

313 415 775 479 ἀπολιμπανομένου.
846 411 875 477 ἢ
926 413 1003 463 καὶ
1052 410 1171 478 πρὸς
1222 408 1414 464 ἑαυτοὺς
1464 406 1615 459 ταῦτά
1663 410 1818 474 φασιν
1861 405 1905 454 οῖ

312 496 695 564 προσταχθέντες
734 494 876 546 αὑτὸν
914 498 1185 555 συλλαβεῖν
1219 495 1295 544 καὶ
1334 494 1688 558 ὀλιγωροῦντες,
1720 486 1905 552 ἐπείπερ

314 581 444 630 οὔπω
486 578 628 629 αὑτὸν
662 577 820 645 ἑώρων
856 576 1073 638 ἐλθόντα,
1111 577 1186 626 καὶ
1225 575 1456 627 ἔσπευδον
1493 572 1671 640 ταχέως
1708 570 1947 632 ποιῆσαι5

314 661 369 711 τὸ
408 660 730 728 προσταχθέν.

95 824 283 878 RHp-lly-
309 839 365 881 ‘O
404 836 477 879 οὖν
508 839 672 879 ἸΗσοῦε
710 837 792 895 Πρὸ
830 837 875 880 ἐξ
916 836 1089 894 ἡμερῶν
1126 838 1200 878 τοῦ
1235 837 1375 891 Πάσχα
1414 830 1542 874 ἦλθεν
1579 827 1639 872 εἷς
1679 826 1892 871 ΒΗΘανίαν

1895 861 1906 878 )

278 930 297 953 2
383 923 491 964 ὅπου
520 919 569 962 ἦν
595 922 781 979 Λάζαρος
815 921 837 962 ὁ
871 920 1091 962 τεθνΗκὼε
1125 919 1173 962 ὃν
1202 919 1369 975 ιῖίΓειρεν
1395 917 1443 958 ἐκ
1471 915 1650 972 νεκρῶν.
1698 912 1907 954 ὲΠοίΗῡαν

385 1003 458 1047 οὖν
493 1006 609 1059 αὐτῷ
647 1002 820 1046 δεῖπνον
852 1001 954 1056 ἐκεῖ,
986 1004 1054 1044 καὶ
1092 1003 1114 1044 ἡ
1150 1002 1309 1059 ΛΛαρΘα
1348 1001 1548 1042 ὃιΗκόνει·
1588 999 1611 1041 ὁ
1645 997 1691 1039 δὲ
1720 996 1907 1053 Λάζαρος

385 1084 445 1129 εἷς
485 1085 534 1129 ἦν
566 1088 653 1129 τῶν
687 1089 1060 1136 συνανακειμένων
1094 1086 1227 1140 αὐτῷ.
1930 1085 1980 1111 10

272 1149 300 1190 d

395 1213 786 1281 Καταφρονήσας
826 1215 909 1278 τῆς
947 1216 1043 1264 τῶν
1073 1210 1314 1262 Ἰουδαίων
1350 1210 1609 1272 ἐπιβουλῆς
1648 1207 1672 1257 ὁ
1714 1204 1907 1270 Κύριος,

319 1295 485 1347 ἑαυτὸν
511 1297 737 1349 ἑκουσίως
763 1294 881 1362 πρὸς
907 1294 961 1346 τὸ
988 1297 1157 1346 παθεῖν
1182 1292 1440 1353 ἐκδίδωσιν,
1467 1292 1563 1341 ἐπεὶ
1589 1291 1746 1353 παρῆν
1770 1288 1795 1337 ὀ
1826 1291 1911 1337 τοῦ

318 1378 500 1432 πάθους
525 1376 699 1444 καιρὸς,
727 1383 786 1433 εἰς
812 1376 898 1438 τὴν
920 1376 1127 1437 Βηθανίαν
1154 1374 1324 1437 ἐλθὼν,
1352 1374 1405 1424 οὐ
1431 1372 1524 1437 μὴν
1548 1375 1610 1425 εἷς
1636 1368 1722 1434 τὴν
1740 1370 1912 1435 Ἱερου-

320 1460 505 1526 σαλὴμ,
544 1462 621 1512 ἵνα
667 1460 732 1524 μὴ
777 1461 1020 1528 αἰφνιδίως
1065 1459 1225 1528 ὀφθεὶς
1270 1461 1367 1509 τοῖς
1406 1454 1663 1516 Ἰουδαίοις,
1703 1451 1911 1518 ἐκκαύσῃ

321 1543 488 1597 αὐτοὺς
514 1547 576 1596 εἷς
603 1542 763 1609 ὀργὴν,
784 1542 916 1592 ἀλλὰ
943 1540 1019 1592 διὰ
1045 1544 1127 1604 τῆς
1154 1539 1314 1610 φήμης
1340 1543 1423 1589 τοῦ
1449 1535 1564 1588 εἶναι
1590 1534 1732 1586 αὐτὸν
1757 1530 1911 1599 ἐγγὺς,
1934 1545 1982 1584 15

320 1626 612 1692 καταστείλῃ
654 1624 708 1676 τὸ
752 1624 850 1692 ζεόν
888 1629 972 1675 τοῦ
1012 1622 1196 1674 ἐκείνων
1235 1626 1400 1685 θυμοῦ.
1470 1618 1710 1670 συνεσθίει
1755 1615 1803 1667 δὲ
1847 1619 1914 1685 τῷ

322 1706 537 1777 Λαζάρῳ,
571 1706 647 1757 διὰ
681 1707 848 1758 τούτου
882 1703 1256 1769 ὑπομιμνήσκων
1291 1701 1399 1756 τοὺς
1438 1702 1645 1767 ὁρῶντας
1683 1702 1765 1762 τῆς
1804 1703 1908 1749 θεο-

321 1796 530 1857 πρεποῦς
569 1790 712 1840 αὐτοῦ
750 1788 985 1858 ἐξουσίας.
1041 1787 1250 1838 δείκνυσι
1289 1784 1337 1836 δὲ
1377 1786 1402 1836 ὁ
1436 1780 1800 1849 Εὑαγγελιστὴς
1838 1779 1915 1830 διὰ

287 1879 407 1924 οτοῦ
446 1871 748 1937 διηγήματος,
789 1871 859 1922 ὅτι
897 1871 952 1921 οὐ
991 1868 1268 1938 κατεφρόνει
1307 1868 1332 1918 ὁ
1370 1865 1585 1932 Χριστὸς
1625 1869 1708 1915 τοῦ
1750 1861 1913 1927 νόμον

325 1955 433 2006 ὅθεν
460 1957 535 2005 καὶ
563 1954 644 2023 xp}
675 1951 720 2023 ’ἐξ
747 1951 904 2022 ἡμερῶν
931 1954 1002 2004 τοῦ
1027 1951 1219 2014 ποία-χοι,
1245 1949 1322 2001 ὅτε
1356 1949 1445 2000 ἔδει
1479 1948 1807 2014 ἀγορασθῆναι
1832 1943 1915 1996 τὸν
1935 1961 1986 1986 20

326 2036 476 2100 ἀμνὸν
502 2039 578 2088 καὶ
603 2039 861 2102 τηρηθῆναι
888 2035 973 2088 ἕως
997 2037 1080 2098 τῆς
1111 2028 1646 2099 τεσσαρεσκαιδεκάτης,
1673 2026 1916 2096 συνέφαγε

326 2125 422 2173 τοῖς
471 2119 577 2185 περὶ
627 2117 709 2169 τὸν
752 2116 984 2183 Λάζαρον·
1045 2116 1161 2169 ’ίσως
1209 2114 1296 2178 τὴν
1340 2112 1517 2179 ἡμέραν
1560 2111 1646 2175 τὴν
1689 2108 1783 2176 πρὸ
1833 2113 1916 2160 τοῦ

327 2204 571 2270 ληφθῆναι
609 2200 663 2250 τὸ
701 2199 947 2266 πρόβατον
985 2199 1118 2252 ε”θους
1157 2197 1291 2249 ὄντος
1331 2199 1427 2248 τοῖς
1465 2194 1707 2245 Ἰουδαίοις
1750 2191 1917 2255 ὀλίγον

327 2307 372 2334 τι
398 2281 737 2347 πανηγυρίζειν,
765 2282 847 2331 οὐκ
881 2282 930 2331 ἐκ
967 2278 1112 2341 νόμου
1147 2279 1257 2329 ἀλλ’
1287 2276 1381 2328 ἀπὸ
1408 2275 1672 2340 συνηθείας,
1698 2273 1774 2324 ἵνα
1799 2270 1918 2335 μετὰ

329 2364 384 2416 τὸ
417 2366 792 2433 παραληφθῆναι
826 2362 880 2413 τὸ
915 2361 1175 2428 πρόβατον,
1201 2357 1496 2427 σχολάσωσι
1530 2354 1700 2408 λοιπὸν
1726 2355 1808 2409 ἕως
1834 2357 1918 2418 τῆς
1937 2368 1986 2407 25

381 2539 411 2561 1.
436 2528 611 2561 ποιοῦνται
629 2525 699 2561 a.k.
824 2537 857 2567 4.
885 2524 937 2558 καὶ
956 2524 1202 2569 ὀλιγωροῦντες
1220 2533 1289 2556 om.
1309 2533 1340 2555 a.
1471 2529 1505 2565 5.
1532 2520 1645 2563 ἑώρων
1662 2518 1763 2553 αὐτὸν
1779 2517 1919 2551 inverso

330 2574 453 2609 ordine
470 2585 501 2608 a.
646 2573 678 2607 6.
705 2571 885 2616 ἐπιταχθέν
902 2572 971 2605 a.k.
1060 2570 1157 2604 Haec
1176 2568 1315 2603 exhibet
1334 2567 1408 2601 Mai
1426 2579 1443 2601 e
1462 2567 1541 2601 Cat.
1560 2565 1749 2610 supradict.
1769 2564 1867 2598 Svec.
1884 2574 1918 2607 9.

329 2622 390 2655 fol.
414 2632 479 2665 130
504 2619 600 2655 unde
625 2625 658 2653 et
684 2619 828 2664 Migne:
855 2617 914 2652 Ἐν
933 2619 979 2663 τῷ
1006 2619 1108 2662 καιρῷ
1136 2617 1194 2660 τῆς
1217 2616 1335 2659 ἑορτῆς
1360 2616 1419 2658 τῆς
1444 2612 1674 2657 σκηνοπηγίας
1699 2612 1835 2645 ἅπασαν
1859 2609 1920 2653 τὴν

329 2666 517 2713 περιοικίδα
534 2667 687 2700 ἀνελθεῖν
704 2667 722 2699 ὁ
741 2667 841 2707 νόμος
859 2664 1012 2699 ἐκέλευεν
1030 2664 1076 2699 εἷς
1092 2663 1153 2705 τὴν
1169 2662 1288 2706 ἑορτὴν
1305 2662 1352 2696 εἷς
1368 2661 1428 2704 τὴν
1444 2660 1542 2704 ἁγίαν
1557 2661 1669 2697 πόλιν,
1689 2658 1742 2691 καὶ
1759 2656 1920 2700 τιμωρίαν

331 2716 477 2759 ὁρίζεται
502 2716 573 2749 τοῖς
596 2714 640 2757 μὴ
667 2713 811 2747 ἀνιοῦσι·
838 2714 884 2758 τῷ
909 2711 1015 2757 γεμὴν
1034 2711 1068 2744 ἐν
1085 2712 1131 2756 τῷ
1157 2712 1217 2743 τοῦ
1241 2709 1363 2753 πάσχα
1387 2709 1490 2753 καιρῷ
1516 2707 1641 2751 ἐφῆκεν
1658 2707 1676 2738 ὁ
1700 2705 1800 2748 νόμος
1821 2703 1918 2747 ἀνεγ-

332 2761 462 2804 κλήτως
489 2760 524 2794 ἐν
551 2761 650 2795 ἷδίαις
679 2760 811 2804 ἑκάστῳ
837 2758 965 2792 πόλεσί
992 2772 1027 2791 τε
1059 2757 1112 2790 καὶ
1141 2756 1255 2790 οἴκοις·
1289 2754 1464 2797 πρόδηλον
1491 2753 1549 2787 οὖν
1574 2753 1612 2786 τὸ
1640 2752 1685 2795 μὴ
1715 2750 1920 2793 συνδραμεῖν

332 2808 496 2851 ἐθελῆσαι
513 2809 583 2842 τοῖς
600 2809 658 2850 τῆς
675 2807 792 2850 ἑορτῆς
810 2805 905 2839 ἔθεσι
922 2805 1005 2838 κατὰ
1022 2804 1080 2837 τὸν
1097 2804 1210 2847 νόμον,
1228 2803 1266 2836 τὸ
1284 2803 1328 2845 μὴ
1348 2801 1461 2834 ἐλθεῖν
1476 2800 1632 2844 ἔφασκον
1649 2798 1695 2832 εἷς
1711 2797 1770 2839 τὴν
1787 2794 1919 2839 ἑορτήν.

333 2855 437 2888 8—10.
462 2853 547 2888 ὅπου
573 2852 725 2896 ἧν-τῶν
743 2850 1028 2895 συνανακειμένων
1044 2851 1134 2895 αὐτῷ
1160 2848 1280 2883 addidi
1304 2860 1322 2882 e
1347 2848 1396 2887 k.‚
1414 2847 1552 2880 favente
1570 2857 1600 2879 a.
1618 2843 1671 2878 καὶ
1693 2844 1734 2876 τὰ
1754 2842 1832 2885 ἑξῆς
1850 2840 1918 2875 Ed.

338 2911 391 2941 14.
417 2902 487 2935 τοῖς
503 2899 679 2935 Ἰουδαίοις
695 2899 817 2944 ὀφθεὶς
833 2899 971 2932 inverso
989 2896 1109 2932 ordine
1127 2897 1163 2930 k.
1329 2893 1382 2928 16.
1408 2894 1446 2927 τὸ
1465 2888 1710 2935 ζέον-θυμοῦ]
1730 2890 1768 2922 τὸ
1787 2888 1920 2922 ἐκείνων

333 2946 458 2990 θερμόν
475 2947 545 2979 a.k.
689 2957 743 2980 22.
770 2946 828 2980 τὸν
845 2956 916 2979 om.
935 2956 965 2978 a.
1111 2953 1166 2985 24.
1192 2940 1497 2987 προπανηγυρίζειν
1513 2936 1608 2973 haud
1626 2937 1716 2972 male
1733 2935 1801 2970 a.k‚
