2011 3266
327 155 411 194 212
730 153 780 194 B.
814 151 1094 193 CYRILLI
1135 150 1519 192 ALEXANDR.
1814 162 1855 187 x.
1876 156 1914 199 7.

328 260 604 331 κατάληψιν
653 264 728 313 καὶ
779 263 861 313 οὐκ
920 261 1059 315 ὄντας
1113 261 1288 330 ἀξίους,
1339 263 1400 314 ὡς
1457 259 1580 328 τάχα
1636 282 1704 314 τις
1762 259 1916 311 αὐτοῖς

329 344 560 413 ὠφελείας
598 343 849 412 ἐλλάμψοι
887 343 1077 410 τρόπος.
1132 341 1296 393 ἑαυτὸν
1331 343 1385 393 δέ
1418 348 1569 411 φησιν
1600 343 1806 407 ἐναργῶς
1837 339 1917 391 τῶν

330 425 565 493 προβάτων
592 424 705 476 εἶναι
741 425 826 489 τὴν
852 424 994 494 θύραν,
1020 429 1221 491 πρᾶγμα
1248 424 1487 476 διδάσκων
1514 421 1911 489 ὁμολογούμενον·

291 526 312 552 e
330 507 476 571 μόνης
503 507 596 573 γὰρ
623 507 698 558 διὰ
731 507 937 560 πίστεως
971 509 1053 569 τῆς
1087 511 1149 560 εἷς
1184 505 1339 568 αὐτὸν,
1368 510 1429 560 εἷς
1457 504 1715 570 οἰκειότητα
1743 505 1827 568 τὴν
1854 506 1916 557 ὡς

329 587 447 655 πρὸς
475 588 599 639 Θεὸν
625 588 973 651 εἷσελαύνομεν,
1002 590 1077 638 καὶ
1103 588 1281 654 μάρτυς
1308 588 1447 642 αὐτὸς
1473 590 1547 638 ἐπὶ
1579 586 1728 637 τούτω
1762 586 1915 651 λέγων
1936 603 1958 641 5

108 661 202 692 Infra

106 705 172 735 xiv.
193 705 222 737 6.
330 678 357 699 ‘⁶
385 672 597 723 Οὐδεὶς
579 693 760 738 ερχεται
786 693 904 736 προς
929 693 1011 721 τον
1040 670 1245 736 Πατέρα,
1267 694 1303 721 ει
1331 669 1394 734 μὴ
1422 671 1477 720 δι’
1506 670 1662 733 ἐμοῦ.”
1704 667 1732 733 ἢ
1759 669 1915 718 τοίνυν

328 751 540 804 τοιοῦτόν
579 776 624 804 τι
662 775 907 816 σημαινειν
944 751 1168 812 βούλεται
1207 752 1250 818 ὴ,
1291 753 1406 818 ὅπερ
1445 754 1546 803 ἐστὶ
1588 757 1683 805 τοῖς·
1722 772 1909 817 προκει-

328 857 481 897 μενοις
509 834 783 901 θεωρήμασι
809 835 1211 901 πρεπωδεστερον,
1239 833 1562 886 ἀπολευκαίνει
1589 833 1737 885 πάλιν
1764 835 1824 886 ὡς
1856 833 1911 882 δι’

328 919 471 968 αὐτοῦ
515 917 634 984 πρὸς
679 918 931 983 ἡγεμονίαν
977 919 1051 968 καὶ
1104 916 1158 967 τὸ
1209 921 1523 983 καθηγεῖσθαι
1570 921 1664 967 τῶν
1708 919 1915 981 λογικῶν

327 1001 556 1063 ποιμνίων
605 999 854 1067 ἐρχόμεθα,
902 999 1021 1050 κατὰ
1069 999 1123 1050 τὸ
1174 999 1414 1066 εἰρημένον
1464 998 1539 1051 διὰ
1584 1004 1666 1050 τοῦ
1715 998 1914 1049 Παύλου
1938 1019 1986 1048 10

106 1090 266 1132 Heb.v.4.
329 1089 356 1111 ‘⁶
383 1083 458 1132 Οὐ
483 1080 576 1148 γὰρ
603 1083 752 1150 ἑαυτῷ
777 1104 846 1134 τις
872 1080 1108 1144 λαμβάνει
1134 1081 1220 1146 τὴν
1246 1082 1398 1146 τιμὴν,
1426 1081 1537 1133 ἀλλ’
1567 1083 1591 1132 ὁ
1627 1080 1916 1143 καλούμενος

328 1170 355 1192 “
382 1163 470 1214 ὑπὸ
497 1169 580 1215 τοῦ
607 1164 774 1215 3605.u
817 1165 891 1214 καὶ
918 1169 1033 1229 γοῦν
1060 1165 1206 1218 οὐδεὶς
1231 1163 1394 1215 ἑαυτὸν
1420 1164 1620 1232 ἀνέδειξε
1647 1167 1742 1214 τῶν
1768 1164 1915 1228 ἁγίων

105 1262 195 1296 640
209 1262 260 1296 Α.
288 1250 601 1315 ειπροφητῶν,
630 1247 740 1296 ἀλλ’
770 1246 874 1296 οὐδὲ
903 1247 926 1296 ὁ
959 1246 1181 1313 λαμπρὸς
1217 1249 1291 1297 καὶ
1327 1246 1473 1313 μέγας
1505 1251 1598 1297 τῶν
1625 1245 1914 1297 ἀποστόλων

325 1326 466 1394 χορὸς
498 1327 663 1379 ἑαυτὸν
687 1332 749 1381 εἰς
784 1333 922 1379 τοῦτο
959 1327 1199 1392 κεκληκὼς
1236 1328 1490 1379 ἁλώσεται.
1547 1329 1789 1395 ἀνεδείχθη
1821 1327 1915 1393 γὰρ

325 1409 400 1460 διὰ
450 1409 693 1474 θελήσεως
751 1416 834 1460 τοῦ
886 1414 1106 1476 Χριστοῦ
1163 1411 1457 1463 καλέσαντος
1513 1414 1575 1464 εἷς
1634 1408 1914 1474 ἀποστολὴν
1937 1431 1983 1471 15

325 1490 493 1546 αὐτοὺς
525 1494 625 1542 κατ’
655 1492 816 1555 ὄνομα,
844 1495 918 1542 καὶ
955 1493 1062 1543 καθ’
1093 1493 1187 1555 ἕνα,
1213 1491 1336 1543 καθά
1371 1497 1523 1561 φησιν
1548 1493 1596 1542 ἐν
1622 1495 1680 1559 τῇ
1714 1514 1905 1558 προκει-

326 1574 441 1642 μένῃ
479 1576 723 1644 ποιροιμίᾳ.
795 1574 933 1637 ἴσμεν
975 1574 1069 1641 γὰρ
1115 1575 1242 1628 ὅπως
1286 1577 1335 1625 ἐν
1376 1574 1639 1643 εὐαγγελίῳ
1683 1575 1749 1643 τῷ
1794 1573 1914 1624 κατὰ

330 1661 582 1709 Ματθαΐον
608 1658 834 1723 συνετέθη
861 1657 946 1722 μὲν
972 1658 1144 1727 ἐφεξῆς
1169 1658 1228 1708 τὰ
1254 1663 1349 1709 τῶν
1377 1657 1664 1709 ἀποστόλων
1691 1657 1914 1722 ὀνόματα,

102 1740 264 1773 S.Matth.

101 1795 134 1815 x.
153 1793 181 1823 5.

103 1827 228 1911 ῗίῖἱὲο-
328 1821 422 1889 γάρ
474 1827 597 1891 φησι
640 1830 666 1852 “
693 1822 800 1876 τοὺς
843 1822 1059 1873 δώδεκα”
1102 1823 1333 1892 ἀνέδειξεν
1373 1825 1398 1874 ὁ
1443 1822 1623 1889 Σωτὴρ,
1664 1830 1691 1851 “
1718 1823 1797 1877 οὓς
1838 1824 1914 1873 καὶ
1937 1845 1984 1870 20

329 1737 406 1790 εἶτ’
435 1740 567 1794 εὐθὺς
593 1739 889 1804 ἐπενήνεκται
916 1743 998 1804 τῆς
1033 1740 1336 1808 ἀναῤῥήσεως
1364 1742 1388 1790 ὁ
1415 1740 1603 1807 τρόπος·
1648 1748 1674 1770 “
1696 1739 1912 1793 τούτους”

282 1914 308 1955 b
330 1912 356 1934 ‘⁶
382 1905 686 1958 ἀποστόλους
716 1904 1011 1968 ὠνόμασεν.”
1054 1907 1375 1973 ἀρχοντιῶντα
1409 1911 1657 1971 τοιγαροῦν
1683 1904 1765 1956 τὸν
1792 1903 1910 1956 ἀπό-

327 1994 543 2051 πληκτον
571 1992 849 2053 Φαρισαῖον,
877 1989 952 2038 καὶ
980 1989 1033 2038 οὐ
1057 1989 1256 2053 μετρίως
1289 1988 1622 2051 ἐκκεκαυμένον
1649 1989 1771 2053 ὁρῶν
1796 1986 1916 2053 πρὸς

327 2068 380 2120 τὸ
416 2072 499 2133 τῆς
534 2070 782 2135 ἡγεμονίας
813 2069 963 2133 ὄνομά
997 2093 1046 2120 τε
1079 2072 1154 2120 καὶ
1186 2074 1400 2135 πρᾶγμα,
1428 2068 1637 2120 διδάσκει
1669 2070 1916 2136 χρησίμως

326 2151 493 2202 ἑαυτὸν
531 2151 644 2202 ὄντα
689 2154 765 2203 καὶ
816 2157 899 2202 τοῦ
942 2153 1259 2217 καθηγεῖσθαί
1298 2175 1396 2203 τισι
1437 2150 1646 2220 χορηγὸν
1685 2152 1760 2202 καὶ
1797 2150 1916 2217 πρὸς

326 2237 464 2283 τοῦτο
493 2232 662 2302 ῥᾳδίως
701 2233 979 2299 εἷσκομίζῖειν
1017 2233 1260 2300 ἰσχύοντα.
1314 2232 1415 2300 θύρα
1449 2232 1542 2299 γάρ
1581 2231 1646 2284 ὧν
1675 2235 1758 2297 τῆς
1793 2236 1915 2298 ἱερᾶς
1936 2255 1985 2295 25

327 2336 376 2363 τε
408 2316 483 2364 καὶ
515 2316 639 2368 θείας
672 2315 833 2378 αὐλῆς,
863 2314 1121 2383 εἷσδέξεται
1148 2314 1233 2378 μὲν
1259 2313 1341 2365 τὸν
1366 2314 1637 2378 ἐπιτήδειον,
1664 2316 1921 2383 ἀποτειχιεΐ

328 2395 377 2446 δὲ
403 2400 470 2464 τῷ
495 2396 560 2460 μὴ
586 2397 780 2466 τοιούτῳ
807 2396 893 2460 τὴν
919 2401 981 2450 εἷς
1005 2396 1059 2448 τὸ
1087 2396 1201 2448 ε’ίσω
1227 2396 1452 2463 πάροδον.

379 2570 407 2593 Ι.
434 2558 549 2603 ἀξίους
574 2560 661 2604 τάχα
686 2561 757 2595 τοῖς
782 2559 895 2594 αὐτοῖς
919 2559 1091 2604 ὠφελείας
1115 2559 1268 2604 ἐλάμψει
1293 2561 1419 2604 τρόπος
1446 2559 1488 2594 Β.
1511 2559 1708 2594 emendavit
1732 2571 1750 2594 e
1777 2559 1853 2594 Cat.
1875 2565 1915 2594 ut

327 2605 398 2639 vid.
418 2605 513 2640 Aub.
532 2614 565 2640 et
583 2606 629 2640 ita
647 2618 676 2641 a.
696 2606 762 2640 nisi
781 2606 875 2651 quod
894 2606 938 2641 ὡς
955 2606 1098 2639 omittit.
1281 2618 1315 2648 4.
1341 2608 1450 2650 μόνως
1466 2619 1497 2641 a.
1688 2616 1719 2651 7.
1744 2621 1775 2641 τι
1793 2619 1863 2641 om.
1883 2618 1913 2641 a.

328 2652 456 2686 Statim
474 2653 705 2696 ἐπισημαίνειν
722 2665 751 2687 a.
923 2665 975 2695 14.
1000 2651 1191 2697 ἁλώσεται]
1212 2653 1404 2697 εὑρίσκεται
1422 2664 1452 2687 a.
1622 2664 1674 2698 19.
1701 2653 1852 2697 ητευθοῖς
1871 2653 1914 2688 Β.

327 2696 386 2733 εἶτ’
404 2699 503 2734 εὐθὺς
520 2699 719 2734 emendavit
740 2699 858 2733 Holst.
1019 2710 1073 2733 22.
1100 2699 1339 2743 ἐκκεκαυμένον
1359 2700 1399 2733 Β.
1422 2699 1484 2734 Ht.
1503 2700 1640 2734 favente
1659 2705 1691 2734 et
1709 2712 1739 2734 a.
1758 2700 1915 2745 ἐγκεκαυ-

327 2745 427 2788 μένον
444 2745 540 2780 Aub.
712 2757 767 2790 23.
794 2746 931 2790 ὀνόματι
952 2745 994 2780 Β.
1016 2745 1078 2780 Ht.
1097 2745 1202 2789 ὄνομά
1218 2760 1255 2779 τε
1272 2746 1471 2781 emendavit
1488 2759 1506 2781 e
1526 2747 1602 2780 Cat.
1621 2753 1660 2780 ut
1678 2746 1823 2781 adnotat
1839 2747 1915 2791 ipse

328 2792 423 2827 Aub
496 2795 635 2839 πρᾶγμα
654 2794 707 2827 καὶ
725 2793 829 2836 ὄνομα
847 2804 876 2826 a.
1018 2803 1073 2834 24.
1099 2793 1152 2826 καὶ
1171 2793 1267 2837 prius
1285 2805 1356 2828 om.
1374 2805 1404 2828 a.
1542 2804 1597 2838 25.
1624 2795 1682 2836 τῆς
1700 2794 1790 2837 ἱερᾶς
1807 2808 1843 2827 τε
1861 2793 1915 2827 καὶ

327 2838 435 2885 θείας]
455 2841 514 2884 τῆς
531 2840 722 2885 ἐπεράστου
740 2840 793 2874 καὶ
812 2840 901 2884 ἱερᾶς
919 2850 948 2873 a.
969 2838 1046 2873 Cat.
1066 2839 1165 2874 Harl.
