1971 3272
107 121 190 162 viii.
211 134 279 174 42.
367 123 437 163 IN
482 123 524 163 S.
559 124 896 163 JOANNEM.
965 123 1084 162 12113.
1111 123 1161 162 V.
1224 124 1357 162 (mxl).
1387 122 1433 161 Υ.
1639 123 1689 157 >53

111 231 294 297 ἑτέροις,
326 232 537 298 ἁρμόσει.
593 232 685 298 ἐγὼ
725 232 782 283 τὰ
822 232 1064 282 κάλλιστα
1102 231 1483 294 συμβουλεύσων
1519 230 1573 296 ἐξ
1609 229 1686 277 οὐ·

111 320 255 379 ρανοῦ
281 315 596 380 παραγέγονα,
625 317 698 365 καὶ
731 315 848 380 πρὸς
883 313 966 378 τὴν
993 320 1076 364 τοῦ
1101 318 1226 364 Θεοῦ
1253 312 1507 379 μόρφωσιν
1534 314 1693 360 καλῶν

115 398 232 458 ὑμᾶς
268 398 292 446 ὁ
328 396 434 460 ἐμὸς
470 397 728 461 εὑρίσκεται
756 396 916 461 λόγος.
970 397 1078 446 ἀλλ’
1109 395 1233 460 εἴπερ
1260 394 1316 458 ἦν
1343 394 1487 446 ὅντως
1517 395 1620 454 ὑμῖν
1647 393 1730 441 {1121
1768 406 1850 438 553
1866 404 1916 438 A.

114 482 302 546 σπουδῇ
329 481 402 529 καὶ
428 477 560 547 πόθῳ
587 478 640 528 τὸ
668 478 787 545 ἔχειν
813 478 992 543 πατέρα
1018 477 1100 527 τὸν
1128 476 1266 539 Θεὸν,
1293 476 1481 528 πάντως
1515 474 1583 524 ὅτι
1620 476 1694 523 καὶ

72 560 400 623 5ἠγαπήσατέ
438 583 508 623 με,
548 560 629 610 τὸν
668 563 750 623 τῆς
792 560 1006 623 τοιαύτης
1049 562 1157 609 ὀδοῦ
1199 561 1271 608 καὶ
1309 556 1580 620 καθηγητὴν
1620 558 1694 605 καὶ

114 641 419 703 διδάσκαλον,
448 642 528 692 τὸν
555 642 741 692 διδόντα
768 645 850 704 τῆς
876 641 996 706 πρὸς
1026 641 1108 691 τὸν
1136 641 1214 690 ἕνα
1253 641 1328 689 καὶ
1363 641 1551 702 ἀληθῶς
1578 636 1696 687 Υιὸν

114 722 383 787 ὁμοιότητος
442 723 525 776 τὰς
582 722 815 791 ἀφορμὰς,
867 722 948 772 τὸν
1003 724 1327 773 ἀποτελοῦντα
1380 718 1696 786 συμμόρφους

114 805 262 873 ἑαυτῷ
307 804 381 855 διὰ
422 811 504 856 τοῦ
542 806 709 871 Ἀγίου
750 805 1026 866 Πνεύματος
1070 803 1174 857 τοῦς
1217 803 1491 870 δεχομένους
1537 801 1691 851 αὐτόν.

114 887 139 936 ὁ
179 886 227 938 δὲ
267 887 403 949 ὅλως,
441 889 605 955 φησὶν,
640 885 881 951 οἰκειότητι
919 891 977 953 τῇ
1015 885 1132 952 πρὸς
1173 884 1297 936 Θεὸν
1333 887 1567 951 ἐπαυχῶν,
1596 888 1696 936 πῶς·

50 991 96 1015 10
115 972 196 1021 οὐκ
224 969 281 1020 ἂν
308 966 529 1036 ἠγαπησε
556 969 639 1021 τὸν
664 969 793 1035 παρὰ
821 972 974 1030 Θεοῦ,
1017 973 1118 1021 πῶς
1146 967 1239 1032 γὰρ
1271 967 1373 1018 εἰπέ
1401 990 1478 1029 μοι
1510 966 1697 1030 τιμήσει

115 1052 169 1103 τὸ
221 1052 412 1118 δένδρον
458 1053 482 1102 ὁ
528 1051 610 1102 τὸν
655 1052 711 1119 ἐξ
754 1052 896 1101 αὑτοῦ
940 1049 1220 1115 γεννηθέντα
1265 1047 1445 1115 καρπὸν
1490 1047 1698 1112 ἀνοήτως·

115 1135 556 1199 ε’κμυσαττόμενος;
602 1132 717 1184 “'*H
763 1134 932 1195 τοίνυν,
969 1134 1106 1199 φησὶ,
1142 1131 1372 1196 ποιήσατε
1414 1129 1468 1182 τὸ
1508 1130 1698 1195 δένδρον
1761 1138 1922 1206 ἓᾙτιξῖὶι-

118 1225 145 1248 “
171 1217 320 1268 καλὸν
347 1218 421 1267 καὶ
449 1215 531 1267 τὸν
559 1215 740 1281 καρπὸν
767 1216 908 1266 αὐτοῦ
935 1213 1096 1276 καλὸν,
1118 1213 1146 1279 ἦ
1173 1214 1403 1277 ποιήσατε
1430 1211 1483 1264 τὸ
1511 1213 1700 1276 δένδρον
1717 1225 1743 1265 b
1761 1193 1815 1213 NJ*
1837 1191 1888 1222 3⁰·

117 1308 144 1329 “
171 1298 361 1365 σαπρὸν
403 1301 477 1349 καὶ
522 1297 604 1349 τὸν
647 1296 827 1363 καρπὸν
869 1298 1011 1346 αὐτοῦ
1055 1295 1291 1362 σαπρόν.”
1359 1296 1523 1345 οὐκοῦν
1564 1299 1601 1344 εὶ
1646 1293 1700 1344 τὸ

51 1396 98 1435 15
118 1383 308 1448 δενδρον
346 1379 540 1447 εὐγενες,
573 1379 829 1440 τουτέστιν,
861 1380 886 1428 ὁ
926 1377 1047 1431 Θεὸς
1088 1380 1163 1428 καὶ
1202 1376 1384 1441 Πατὴρ,
1418 1378 1492 1427 καὶ
1531 1375 1615 1439 τὴν
1649 1376 1705 1444 ἐξ

117 1466 258 1515 αυτοῦ
297 1462 611 1562 λαμπρότητα
649 1465 749 1514 ταῖς
787 1462 964 1511 ἑαυτων
999 1464 1227 1528 κεφαλαις
1265 1461 1513 1510 ἐπαντλεῖν
1552 1458 1697 1523 ἐγνωο

116 1569 240 1609 κατε,
280 1545 355 1597 δια
398 1545 446 1596 τί
487 1543 551 1608 μὴ
597 1545 672 1594 καὶ
716 1542 799 1594 τὸν
837 1543 893 1610 ἐξ
936 1543 1078 1592 αυτοῦ
1120 1564 1300 1606 καρπον
1338 1546 1548 1591 τοιοῦτον
1587 1537 1700 1590 εἶναι

116 1628 460 1680 πιστεύσαντες
498 1624 811 1691 ἠγαπήσατε·
801 1665 812 1687 ,
864 1626 981 1683 ὁμοῦ
1018 1629 1270 1688 τοιγαροῦν
1305 1623 1358 1674 τὸ
1396 1645 1700 1689 προκειμενον

118 1713 193 1762 καὶ
226 1709 394 1777 πικρὸν
427 1710 519 1777 ἔχει
557 1706 675 1773 πρῦς
699 1707 954 1760 Ἰουδαίους
988 1705 1070 1757 τὸν
1101 1703 1318 1773 ἔλεγχον·
1376 1706 1567 1756 δεικνύει
1607 1703 1699 1771 γὰρ

51 1812 100 1837 20
120 1792 452 1862 ψευδομένους.
496 1790 571 1841 ὅτε
599 1788 690 1855 γὰρ
717 1788 898 1853 πατέρα
924 1792 1084 1838 καλεῖν
1103 1786 1228 1838 Θεὸν
1253 1789 1553 1854 ἐπιχειροῦσι,
1573 1786 1700 1837 πολύ

117 1898 163 1926 τι
199 1878 282 1939 τῆς
321 1876 486 1938 ἀρετῆς
524 1876 619 1922 τῶν
653 1875 714 1924 εἰς
752 1875 891 1920 τοῦτο
930 1869 1227 1932 κεκλημένων
1266 1868 1587 1936 ἀφεστηκότες
1626 1866 1740 1918 διάο

117 1963 201 2008 τοῦ
227 1955 291 2021 μὴ
318 1959 507 2021 ἀγαπᾶν
533 1952 615 2004 τὸν
642 1955 690 2003 ἐκ
717 1956 842 2002 Θεοῦ
868 1950 987 2002 κατὰ
1013 1951 1178 2017 φύσιν·
1225 1952 1342 2013 ὁμοῦ
1373 1949 1423 2000 δὲ
1454 1949 1701 2017 χρησίμως

119 2043 194 2090 καὶ
229 2041 309 2102 τῆς
346 2036 549 2104 ἀῤῥήτου
582 2032 846 2100 γεννήσεως
881 2031 1087 2100 εἰσφέρει
1113 2031 1199 2096 τὴν
1224 2033 1425 2096 μνήμην,
1452 2033 1527 2082 ἵνα
1553 2031 1702 2082 πάλιν

119 2122 206 2171 κάν
249 2120 398 2188 τούτῳ
445 2120 795 2178 δυσσεβοῦντες
840 2116 1151 2176 ἁλίσκωνται,
1196 2117 1401 2180 δυσγενῆ
1443 2116 1518 2164 καὶ
1563 2112 1702 2164 νόθον

51 2215 99 2253 25
119 2205 470 2253 ἀποκαλοῦντες
502 2196 658 2250 αὐτόν.
712 2201 749 2248 εἰ
782 2196 867 2260 μὲν
895 2197 975 2247 οῦν
1001 2196 1055 2247 τὸ
1089 2197 1245 2262 λέγειν
1269 2195 1390 2269 Ἐγῶ
1418 2197 1467 2247 ἐκ
1494 2197 1564 2247 τοῦ
1590 2197 1702 2246 Θεοῦ

119 2282 300 2354 ἐξῆλθον,
333 2282 419 2347 τὴν
458 2284 506 2332 ἐκ
548 2278 740 2345 Πατρὸς
778 2278 981 2345 ἄρῥητόν
1020 2301 1068 2329 τε
1108 2281 1183 2328 καὶ
1228 2279 1437 2346 ἄναρχον
1477 2278 1701 2343 γέννησιν

118 2368 282 2417 ἑαυτοῦ
321 2365 556 2428 σημαίνει·
611 2362 665 2412 τὸ
705 2362 760 2412 δέ
782 2359 916 2411 (Ἰ-Ικω
953 2362 1238 2426 προστιθεὶς,
1277 2360 1363 2423 τὴν
1401 2362 1448 2410 ἐν
1486 2363 1603 2427 τῷδε
1634 2362 1700 2427 τῷ

119 2447 285 2517 κόσμῳ
329 2444 538 2512 πάροδον
580 2442 666 2508 τὴν
711 2442 828 2504 μετὰ
873 2444 1065 2508 σαρκός.
1135 2444 1210 2493 καὶ
1255 2443 1308 2492 οὐ
1353 2442 1503 2506 δήπου
1549 2443 1700 2509 φησὶν

118 2530 270 2581 ε”ναντι
316 2531 392 2579 καὶ
437 2531 627 2593 πρῶτον
665 2523 768 2576 τότε
808 2526 857 2575 ἐκ
897 2527 1022 2575 Θεοῦ
1064 2526 1139 2574 καὶ
1180 2523 1371 2590 Πατρὸς
1414 2521 1700 2590 ἀναλάμψαι

169 2675 199 2697 1.
226 2660 558 2705 συμβουλευσωνΒ.
579 2659 698 2694 Holst.
717 2658 964 2703 συμβουλεύων
981 2657 1076 2691 Aub.
1256 2670 1288 2699 4.
1315 2658 1447 2692 πάντως
1464 2656 1515 2690 ὅτι
1533 2655 1637 2689 habet
1656 2655 1698 2690 B.

115 2711 248 2745 πάντως
265 2709 304 2742 ἂν
322 2706 365 2751 ἠγ
369 2707 533 2741 ,abbrev
553 2718 583 2740 a.
731 2716 783 2748 15.
811 2706 848 2748 ἐξ
865 2705 968 2738 αὐτοῦ
990 2704 1028 2737 Β.
1052 2704 1114 2737 Ht.
1133 2705 1254 2737 ἑαυτοῦ
1272 2704 1365 2737 Aub.
1469 2714 1524 2745 24.
1551 2703 1697 2747 δυσγενῆ

119 2757 162 2791 Β.
181 2756 337 2798 δυσσεβῆ
360 2754 421 2788 Ht.
438 2753 504 2787 Ed.
682 2761 737 2795 25.
764 2751 792 2784 εἷ
809 2752 871 2794 μὲν
888 2750 946 2784 οῦν
963 2751 1001 2784 τὸ
1022 2750 1063 2783 B.
1086 2750 1147 2784 Ht.
1168 2765 1203 2783 εν
1219 2751 1279 2793 μὲν
1297 2749 1354 2784 οῦν
1372 2751 1417 2795 τῷ
1437 2762 1454 2783 e
1474 2750 1550 2783 Cat.
1571 2756 1609 2783 ut
1628 2749 1696 2782 vid.

1570 2805 1630 2821 ΤΟΤΕ

117 2835 211 2869 Aub.
231 2842 264 2868 et
282 2835 329 2868 ita
346 2845 374 2867 a.
506 2831 560 2866 26.
586 2832 688 2865 αὐτοῦ
705 2830 863 2888 γέννησιν
881 2842 911 2864 a.
1047 2841 1102 2871 20.
1129 2830 1237 2863 ἔναντι
1256 2844 1308 2863 και
1326 2829 1429 2864 edidi.
1447 2830 1636 2863 ἐναντισκαι
1657 2829 1698 2862 Β.

117 2883 194 2915 ἕνον
217 2896 249 2915 τι
274 2883 350 2914 τότε
378 2880 431 2913 καὶ
459 2878 522 2912 Ht.
549 2878 624 2921 ἅρτι
649 2879 725 2911 τότε
751 2878 804 2911 καὶ
829 2877 923 2911 Aub.
974 2876 1135 2910 “Malim
1163 2876 1197 2910 ἐν
1222 2891 1377 2924 (ιγχιστω
1403 2892 1436 2911 τε
1464 2877 1533 2911 καὶ’
1539 2876 1647 2920 'Hey
1651 2887 1698 2909 se.

120 2928 308 2962 Fortasse’
298 2928 405 2961 ἔναντι
424 2927 497 2960 τότε
526 2925 577 2958 καὶ
598 2925 687 2968 (τότε
706 2925 851 2958 alterum
873 2923 1020 2967 delens).
