<?xml version="1.0" encoding="UTF-8"?>
<!DOCTYPE html PUBLIC "-//W3C//DTD XHTML 1.0 Transitional//EN"
    "http://www.w3.org/TR/xhtml1/DTD/xhtml1-transitional.dtd">
<html xmlns="http://www.w3.org/1999/xhtml" xml:lang="en" lang="en">
 <head>
  <title>
</title>
<meta http-equiv="Content-Type" content="text/html;charset=utf-8" />
  <meta name='ocr-system' content='tesseract 3.04.00' />
  <meta name='ocr-capabilities' content='ocr_page ocr_carea ocr_par ocr_line ocrx_word'/>
</head>
<body>
  <div class='ocr_page' id='page_1' title='image "./operacyrilli04cyriuoft/operacyrilli04cyriuoft_0508.png"; bbox 0 0 2037 3266; ppageno 0'>
   <div class='ocr_carea' id='block_1_1' title="bbox 319 149 1918 209">
    <p class='ocr_par' dir='ltr' id='par_1_1' title="bbox 319 149 1918 209">
     <span class='ocr_line' id='line_1_1' title="bbox 319 149 1918 209; baseline 0.004 -21"><span class='ocrx_word' id='word_1_1' title='bbox 319 149 405 189; x_wconf 75' lang='lat'>496</span> <span class='ocrx_word' id='word_1_2' title='bbox 728 152 779 192; x_wconf 90' lang='grc' dir='ltr'>Β.</span> <span class='ocrx_word' id='word_1_3' title='bbox 813 152 1089 194; x_wconf 88' lang='lat' dir='ltr'>CYRILLI</span> <span class='ocrx_word' id='word_1_4' title='bbox 1130 153 1509 195; x_wconf 89' lang='lat' dir='ltr'><strong>ALEXANDR.</strong></span> <span class='ocrx_word' id='word_1_5' title='bbox 1748 154 1829 195; x_wconf 80' lang='lat' dir='ltr'><strong>xiv.</strong></span> <span class='ocrx_word' id='word_1_6' title='bbox 1852 167 1918 209; x_wconf 81' lang='lat'>23.</span> 
     </span>
    </p>
   </div>
   <div class='ocr_carea' id='block_1_2' title="bbox 318 260 1956 740">
    <p class='ocr_par' dir='ltr' id='par_1_2' title="bbox 318 260 1956 740">
     <span class='ocr_line' id='line_1_2' title="bbox 323 260 1922 330; baseline 0.004 -23"><span class='ocrx_word' id='word_1_7' title='bbox 323 260 527 321; x_wconf 76' lang='grc' dir='ltr'>συνῆκεν</span> <span class='ocrx_word' id='word_1_8' title='bbox 578 261 626 311; x_wconf 87' lang='grc' dir='ltr'>ἐν</span> <span class='ocrx_word' id='word_1_9' title='bbox 671 262 852 329; x_wconf 79' lang='grc' dir='ltr'>ἀρχαῖς,</span> <span class='ocrx_word' id='word_1_10' title='bbox 899 263 982 313; x_wconf 81' lang='grc' dir='ltr'>οὐκ</span> <span class='ocrx_word' id='word_1_11' title='bbox 1033 261 1091 313; x_wconf 76' lang='grc' dir='ltr'>ἂν</span> <span class='ocrx_word' id='word_1_12' title='bbox 1137 263 1263 317; x_wconf 79' lang='grc' dir='ltr'>ὅλως</span> <span class='ocrx_word' id='word_1_13' title='bbox 1311 267 1592 330; x_wconf 82' lang='grc' dir='ltr'>προσῆλθεν</span> <span class='ocrx_word' id='word_1_14' title='bbox 1638 265 1823 329; x_wconf 79' lang='grc' dir='ltr'>ἐρωτῶν</span> <span class='ocrx_word' id='word_1_15' title='bbox 1865 265 1922 314; x_wconf 83' lang='grc' dir='ltr'>Τί</span> 
     </span>
     <span class='ocr_line' id='line_1_3' title="bbox 320 337 1918 415; baseline 0.004 -26"><span class='ocrx_word' id='word_1_16' title='bbox 320 337 494 405; x_wconf 66' lang='grc' dir='ltr'>’γέγονεν</span> <span class='ocrx_word' id='word_1_17' title='bbox 545 342 605 393; x_wconf 67' lang='grc' dir='ltr'>’ότι</span> <span class='ocrx_word' id='word_1_18' title='bbox 659 346 753 409; x_wconf 70' lang='grc' dir='ltr'>ἡμῖν</span> <span class='ocrx_word' id='word_1_19' title='bbox 804 342 996 411; x_wconf 64' lang='grc' dir='ltr'>μέλλεις</span> <span class='ocrx_word' id='word_1_20' title='bbox 1048 346 1302 415; x_wconf 73' lang='grc' dir='ltr'>ἐμφανίζειν</span> <span class='ocrx_word' id='word_1_21' title='bbox 1346 346 1523 397; x_wconf 53' lang='lat' dir='ltr'>‹rectu-rb</span> <span class='ocrx_word' id='word_1_22' title='bbox 1577 352 1654 397; x_wconf 66' lang='grc' dir='ltr'>καὶ</span> <span class='ocrx_word' id='word_1_23' title='bbox 1710 348 1803 408; x_wconf 68' lang='grc' dir='ltr'>οὐχὶ</span> <span class='ocrx_word' id='word_1_24' title='bbox 1857 351 1918 415; x_wconf 75' lang='grc' dir='ltr'>τῷ</span> 
     </span>
     <span class='ocr_line' id='line_1_4' title="bbox 323 423 1917 495; baseline 0.003 -23"><span class='ocrx_word' id='word_1_25' title='bbox 323 423 510 492; x_wconf 70' lang='grc' dir='ltr'>κόσμῳς</span> <span class='ocrx_word' id='word_1_26' title='bbox 566 425 805 492; x_wconf 79' lang='grc' dir='ltr'>ὑπηνέχθη</span> <span class='ocrx_word' id='word_1_27' title='bbox 852 426 936 488; x_wconf 72' lang='grc' dir='ltr'>μὲν</span> <span class='ocrx_word' id='word_1_28' title='bbox 981 427 1063 477; x_wconf 75' lang='grc' dir='ltr'>οὖν</span> <span class='ocrx_word' id='word_1_29' title='bbox 1104 426 1159 477; x_wconf 77' lang='grc' dir='ltr'>τὸ</span> <span class='ocrx_word' id='word_1_30' title='bbox 1204 429 1314 495; x_wconf 81' lang='grc' dir='ltr'>τῇδε</span> <span class='ocrx_word' id='word_1_31' title='bbox 1361 432 1495 491; x_wconf 89' lang='grc' dir='ltr'>νοεῖν,</span> <span class='ocrx_word' id='word_1_32' title='bbox 1539 431 1702 480; x_wconf 79' lang='grc' dir='ltr'>κοινῶς</span> <span class='ocrx_word' id='word_1_33' title='bbox 1746 450 1795 478; x_wconf 86' lang='grc' dir='ltr'>τε</span> <span class='ocrx_word' id='word_1_34' title='bbox 1839 428 1917 477; x_wconf 75' lang='grc' dir='ltr'>καὶ</span> 
     </span>
     <span class='ocr_line' id='line_1_5' title="bbox 319 504 1915 573; baseline 0.004 -20"><span class='ocrx_word' id='word_1_35' title='bbox 319 504 593 567; x_wconf 77' lang='grc' dir='ltr'>εἰθισμένως</span> <span class='ocrx_word' id='word_1_36' title='bbox 645 512 740 560; x_wconf 87' lang='grc' dir='ltr'>τοῖς</span> <span class='ocrx_word' id='word_1_37' title='bbox 790 507 960 561; x_wconf 74' lang='grc' dir='ltr'>ἄλλοις</span> <span class='ocrx_word' id='word_1_38' title='bbox 1013 507 1099 571; x_wconf 85' lang='grc' dir='ltr'>τὴν</span> <span class='ocrx_word' id='word_1_39' title='bbox 1151 510 1200 559; x_wconf 88' lang='grc' dir='ltr'>ἐκ</span> <span class='ocrx_word' id='word_1_40' title='bbox 1251 515 1333 559; x_wconf 88' lang='grc' dir='ltr'>τοῦ</span> <span class='ocrx_word' id='word_1_41' title='bbox 1385 508 1614 572; x_wconf 87' lang='grc' dir='ltr'>ὀνόματος</span> <span class='ocrx_word' id='word_1_42' title='bbox 1665 509 1915 573; x_wconf 89' lang='grc' dir='ltr'>σημασίαν</span> 
     </span>
     <span class='ocr_line' id='line_1_6' title="bbox 319 587 1956 657; baseline 0.005 -21"><span class='ocrx_word' id='word_1_43' title='bbox 319 587 556 647; x_wconf 78' lang='grc' dir='ltr'>ἐκλαβών·</span> <span class='ocrx_word' id='word_1_44' title='bbox 608 588 793 652; x_wconf 86' lang='grc' dir='ltr'>κόσμον</span> <span class='ocrx_word' id='word_1_45' title='bbox 826 588 918 655; x_wconf 83' lang='grc' dir='ltr'>γὰρ</span> <span class='ocrx_word' id='word_1_46' title='bbox 958 589 1062 643; x_wconf 73' lang='grc' dir='ltr'>ἔθος</span> <span class='ocrx_word' id='word_1_47' title='bbox 1101 592 1232 641; x_wconf 76' lang='grc' dir='ltr'>ἐστὶν</span> <span class='ocrx_word' id='word_1_48' title='bbox 1265 591 1377 654; x_wconf 86' lang='grc' dir='ltr'>ἡμῖν</span> <span class='ocrx_word' id='word_1_49' title='bbox 1412 590 1672 657; x_wconf 75' lang='grc' dir='ltr'>ὀνομάζειν,</span> <span class='ocrx_word' id='word_1_50' title='bbox 1703 591 1823 641; x_wconf 86' lang='grc' dir='ltr'>κατά</span> <span class='ocrx_word' id='word_1_51' title='bbox 1860 606 1956 657; x_wconf 86' lang='grc' dir='ltr'>γε5</span> 
     </span>
     <span class='ocr_line' id='line_1_7' title="bbox 318 667 1914 740; baseline 0.006 -23"><span class='ocrx_word' id='word_1_52' title='bbox 318 667 401 717; x_wconf 79' lang='grc' dir='ltr'>τὸν</span> <span class='ocrx_word' id='word_1_53' title='bbox 427 669 616 734; x_wconf 77' lang='grc' dir='ltr'>εὐτριβῆ</span> <span class='ocrx_word' id='word_1_54' title='bbox 645 673 719 721; x_wconf 77' lang='grc' dir='ltr'>καὶ</span> <span class='ocrx_word' id='word_1_55' title='bbox 754 676 851 725; x_wconf 87' lang='grc' dir='ltr'>τοῖς</span> <span class='ocrx_word' id='word_1_56' title='bbox 885 671 1054 725; x_wconf 74' lang='grc' dir='ltr'>ἄλλοις</span> <span class='ocrx_word' id='word_1_57' title='bbox 1088 671 1241 723; x_wconf 79' lang='grc' dir='ltr'>ἅπασι</span> <span class='ocrx_word' id='word_1_58' title='bbox 1277 674 1580 738; x_wconf 87' lang='grc' dir='ltr'>προκείμενον</span> <span class='ocrx_word' id='word_1_59' title='bbox 1608 672 1776 740; x_wconf 87' lang='grc' dir='ltr'>λόγον,</span> <span class='ocrx_word' id='word_1_60' title='bbox 1806 672 1914 728; x_wconf 77' lang='grc' dir='ltr'>τοὺς</span> 
     </span>
    </p>
   </div>
   <div class='ocr_carea' id='block_1_3' title="bbox 97 751 1909 822">
    <p class='ocr_par' dir='ltr' id='par_1_3' title="bbox 97 751 1909 822">
     <span class='ocr_line' id='line_1_8' title="bbox 97 751 1909 822; baseline 0.003 -24"><span class='ocrx_word' id='word_1_61' title='bbox 97 764 185 799; x_wconf 84' lang='grc'>830</span> <span class='ocrx_word' id='word_1_62' title='bbox 200 764 251 800; x_wconf 90' lang='lat' dir='ltr'>A.</span> <span class='ocrx_word' id='word_1_63' title='bbox 280 751 366 800; x_wconf 70' lang='lat' dir='ltr'>ae’v</span> <span class='ocrx_word' id='word_1_64' title='bbox 399 753 541 801; x_wconf 80' lang='grc' dir='ltr'>παντὶ</span> <span class='ocrx_word' id='word_1_65' title='bbox 580 756 645 821; x_wconf 73' lang='grc' dir='ltr'>τῷ</span> <span class='ocrx_word' id='word_1_66' title='bbox 683 751 852 822; x_wconf 78' lang='grc' dir='ltr'>κόσμῳ</span> <span class='ocrx_word' id='word_1_67' title='bbox 890 752 1049 820; x_wconf 75' lang='grc' dir='ltr'>τυχὸν,</span> <span class='ocrx_word' id='word_1_68' title='bbox 1077 754 1241 820; x_wconf 80' lang='grc' dir='ltr'>ὥσπερ</span> <span class='ocrx_word' id='word_1_69' title='bbox 1281 755 1324 805; x_wconf 83' lang='grc' dir='ltr'>εἰ’</span> <span class='ocrx_word' id='word_1_70' title='bbox 1358 778 1427 809; x_wconf 91' lang='grc' dir='ltr'>τις</span> <span class='ocrx_word' id='word_1_71' title='bbox 1467 757 1542 805; x_wconf 79' lang='grc' dir='ltr'>καὶ</span> <span class='ocrx_word' id='word_1_72' title='bbox 1581 755 1724 806; x_wconf 89' lang='grc' dir='ltr'>πόλιν</span> <span class='ocrx_word' id='word_1_73' title='bbox 1759 754 1909 820; x_wconf 86' lang='grc' dir='ltr'>λέγοι,</span> 
     </span>
    </p>
   </div>
   <div class='ocr_carea' id='block_1_4' title="bbox 82 2836 200 2919">
    <p class='ocr_par' dir='ltr' id='par_1_4' title="bbox 82 2836 200 2919">
     <span class='ocr_line' id='line_1_9' title="bbox 87 2836 187 2865; baseline 0.01 -1"><span class='ocrx_word' id='word_1_74' title='bbox 87 2843 98 2864; x_wconf 81' lang='lat'>1</span> <span class='ocrx_word' id='word_1_75' title='bbox 115 2836 187 2865; x_wconf 73' lang='lat' dir='ltr'>Cor.</span> 
     </span>
     <span class='ocr_line' id='line_1_10' title="bbox 82 2879 200 2919; baseline 0 -11"><span class='ocrx_word' id='word_1_76' title='bbox 82 2879 151 2909; x_wconf 75' lang='lat' dir='ltr'><strong>viii.</strong></span> <span class='ocrx_word' id='word_1_77' title='bbox 170 2889 200 2919; x_wconf 75' lang='lat'>4.</span> 
     </span>
    </p>
   </div>
   <div class='ocr_carea' id='block_1_5' title="bbox 313 832 1981 1477">
    <p class='ocr_par' dir='ltr' id='par_1_5' title="bbox 313 832 1981 1477">
     <span class='ocr_line' id='line_1_11' title="bbox 315 832 1910 906; baseline 0.003 -23"><span class='ocrx_word' id='word_1_78' title='bbox 315 832 424 886; x_wconf 76' lang='grc' dir='ltr'>τοὺς</span> <span class='ocrx_word' id='word_1_79' title='bbox 472 833 592 897; x_wconf 79' lang='grc' dir='ltr'>ὅλην</span> <span class='ocrx_word' id='word_1_80' title='bbox 637 838 878 889; x_wconf 80' lang='grc' dir='ltr'>οἰκοῦντας</span> <span class='ocrx_word' id='word_1_81' title='bbox 927 835 1014 899; x_wconf 83' lang='grc' dir='ltr'>τὴν</span> <span class='ocrx_word' id='word_1_82' title='bbox 1059 835 1220 888; x_wconf 89' lang='grc' dir='ltr'>πόλιν.</span> <span class='ocrx_word' id='word_1_83' title='bbox 1290 836 1422 900; x_wconf 89' lang='grc' dir='ltr'>πλὴν</span> <span class='ocrx_word' id='word_1_84' title='bbox 1468 836 1785 906; x_wconf 77' lang='grc' dir='ltr'>ἀξιοζήλωτος</span> <span class='ocrx_word' id='word_1_85' title='bbox 1835 842 1910 888; x_wconf 84' lang='grc' dir='ltr'>καὶ</span> 
     </span>
     <span class='ocr_line' id='line_1_12' title="bbox 315 916 1911 984; baseline 0.004 -18"><span class='ocrx_word' id='word_1_86' title='bbox 315 919 463 966; x_wconf 86' lang='grc' dir='ltr'>ταῦτα</span> <span class='ocrx_word' id='word_1_87' title='bbox 499 916 653 981; x_wconf 83' lang='grc' dir='ltr'>λέγων</span> <span class='ocrx_word' id='word_1_88' title='bbox 681 918 705 967; x_wconf 86' lang='grc' dir='ltr'>ὁ</span> <span class='ocrx_word' id='word_1_89' title='bbox 737 916 968 981; x_wconf 88' lang='grc' dir='ltr'>μαθητής.</span> <span class='ocrx_word' id='word_1_90' title='bbox 1025 918 1158 984; x_wconf 78' lang='grc' dir='ltr'>ἄθρει</span> <span class='ocrx_word' id='word_1_91' title='bbox 1193 918 1287 984; x_wconf 77' lang='grc' dir='ltr'>γὰρ</span> <span class='ocrx_word' id='word_1_92' title='bbox 1322 919 1448 973; x_wconf 78' lang='grc' dir='ltr'>ὅπως</span> <span class='ocrx_word' id='word_1_93' title='bbox 1484 920 1620 983; x_wconf 81' lang='grc' dir='ltr'>ἡλίου</span> <span class='ocrx_word' id='word_1_94' title='bbox 1656 920 1787 983; x_wconf 87' lang='grc' dir='ltr'>δίκην</span> <span class='ocrx_word' id='word_1_95' title='bbox 1813 924 1911 973; x_wconf 88' lang='grc' dir='ltr'>τοῖς</span> 
     </span>
     <span class='ocr_line' id='line_1_13' title="bbox 315 997 1981 1071; baseline 0.004 -25"><span class='ocrx_word' id='word_1_96' title='bbox 315 997 403 1047; x_wconf 81' lang='grc' dir='ltr'>ἀνὰ</span> <span class='ocrx_word' id='word_1_97' title='bbox 441 1001 607 1048; x_wconf 81' lang='grc' dir='ltr'>πᾶσαν</span> <span class='ocrx_word' id='word_1_98' title='bbox 641 998 727 1062; x_wconf 80' lang='grc' dir='ltr'>τὴν</span> <span class='ocrx_word' id='word_1_99' title='bbox 761 1002 853 1064; x_wconf 72' lang='grc' dir='ltr'>γῆν</span> <span class='ocrx_word' id='word_1_100' title='bbox 891 999 976 1063; x_wconf 79' lang='grc' dir='ltr'>τὴν</span> <span class='ocrx_word' id='word_1_101' title='bbox 1010 1007 1093 1051; x_wconf 88' lang='grc' dir='ltr'>τοῦ</span> <span class='ocrx_word' id='word_1_102' title='bbox 1134 1004 1354 1066; x_wconf 80' lang='grc' dir='ltr'>Σωτῆρος</span> <span class='ocrx_word' id='word_1_103' title='bbox 1389 1003 1723 1070; x_wconf 81' lang='grc' dir='ltr'>διαφαίνεσθαι</span> <span class='ocrx_word' id='word_1_104' title='bbox 1762 1001 1909 1071; x_wconf 74' lang='grc' dir='ltr'>δόξαν</span> <span class='ocrx_word' id='word_1_105' title='bbox 1933 1022 1981 1047; x_wconf 95' lang='lat'>10</span> 
     </span>
     <span class='ocr_line' id='line_1_14' title="bbox 314 1081 1908 1149; baseline 0.003 -20"><span class='ocrx_word' id='word_1_106' title='bbox 314 1081 538 1142; x_wconf 79' lang='grc' dir='ltr'>ἐπιθυμεῖ,</span> <span class='ocrx_word' id='word_1_107' title='bbox 566 1081 714 1131; x_wconf 87' lang='grc' dir='ltr'>καίτοι</span> <span class='ocrx_word' id='word_1_108' title='bbox 741 1086 836 1132; x_wconf 79' lang='grc' dir='ltr'>τῶν</span> <span class='ocrx_word' id='word_1_109' title='bbox 862 1084 969 1133; x_wconf 83' lang='grc' dir='ltr'>καθ’</span> <span class='ocrx_word' id='word_1_110' title='bbox 999 1083 1164 1133; x_wconf 79' lang='grc' dir='ltr'>ἑαυτὸν</span> <span class='ocrx_word' id='word_1_111' title='bbox 1197 1087 1234 1133; x_wconf 74' lang='grc' dir='ltr'>εἰ</span> <span class='ocrx_word' id='word_1_112' title='bbox 1272 1083 1417 1146; x_wconf 87' lang='grc' dir='ltr'>μόνον</span> <span class='ocrx_word' id='word_1_113' title='bbox 1445 1085 1642 1135; x_wconf 84' lang='grc' dir='ltr'>ἐποιεῖτο</span> <span class='ocrx_word' id='word_1_114' title='bbox 1668 1083 1908 1149; x_wconf 89' lang='grc' dir='ltr'>πρόνοιαν,</span> 
     </span>
     <span class='ocr_line' id='line_1_15' title="bbox 313 1161 1909 1233; baseline 0.005 -22"><span class='ocrx_word' id='word_1_115' title='bbox 313 1161 426 1230; x_wconf 79' lang='grc' dir='ltr'>ἐξῆν</span> <span class='ocrx_word' id='word_1_116' title='bbox 464 1162 633 1229; x_wconf 71' lang='grc' dir='ltr'>ε”χοντα</span> <span class='ocrx_word' id='word_1_117' title='bbox 679 1166 760 1226; x_wconf 76' lang='grc' dir='ltr'>τῆς</span> <span class='ocrx_word' id='word_1_118' title='bbox 805 1163 1028 1229; x_wconf 81' lang='grc' dir='ltr'>γνώσεως</span> <span class='ocrx_word' id='word_1_119' title='bbox 1073 1163 1159 1228; x_wconf 86' lang='grc' dir='ltr'>τὴν</span> <span class='ocrx_word' id='word_1_120' title='bbox 1198 1164 1465 1233; x_wconf 82' lang='grc' dir='ltr'>ὑπόσχεσιν</span> <span class='ocrx_word' id='word_1_121' title='bbox 1503 1167 1578 1217; x_wconf 77' lang='grc' dir='ltr'>ἐπὶ</span> <span class='ocrx_word' id='word_1_122' title='bbox 1615 1164 1774 1228; x_wconf 89' lang='grc' dir='ltr'>μόνοις</span> <span class='ocrx_word' id='word_1_123' title='bbox 1812 1171 1909 1219; x_wconf 89' lang='grc' dir='ltr'>τοῖς</span> 
     </span>
     <span class='ocr_line' id='line_1_16' title="bbox 314 1243 1907 1313; baseline 0.004 -23"><span class='ocrx_word' id='word_1_124' title='bbox 314 1243 445 1295; x_wconf 79' lang='grc' dir='ltr'>ἰδίοις</span> <span class='ocrx_word' id='word_1_125' title='bbox 480 1243 677 1306; x_wconf 73' lang='grc' dir='ltr'>ἥδεσθαι</span> <span class='ocrx_word' id='word_1_126' title='bbox 712 1248 892 1296; x_wconf 88' lang='grc' dir='ltr'>καλοῖς.</span> <span class='ocrx_word' id='word_1_127' title='bbox 949 1244 1059 1294; x_wconf 87' lang='grc' dir='ltr'>ἀλλ’</span> <span class='ocrx_word' id='word_1_128' title='bbox 1090 1245 1173 1294; x_wconf 79' lang='grc' dir='ltr'>οὐκ</span> <span class='ocrx_word' id='word_1_129' title='bbox 1213 1245 1394 1313; x_wconf 75' lang='grc' dir='ltr'>ἐξήρκει</span> <span class='ocrx_word' id='word_1_130' title='bbox 1434 1244 1553 1311; x_wconf 78' lang='grc' dir='ltr'>πρὸς</span> <span class='ocrx_word' id='word_1_131' title='bbox 1591 1245 1823 1308; x_wconf 86' lang='grc' dir='ltr'>θυμηδίαν</span> <span class='ocrx_word' id='word_1_132' title='bbox 1852 1245 1907 1296; x_wconf 82' lang='grc' dir='ltr'>τὸ</span> 
     </span>
     <span class='ocr_line' id='line_1_17' title="bbox 314 1323 1907 1394; baseline 0.003 -21"><span class='ocrx_word' id='word_1_133' title='bbox 314 1324 581 1390; x_wconf 73' lang='grc' dir='ltr'>ἰδιαζόντως</span> <span class='ocrx_word' id='word_1_134' title='bbox 619 1323 784 1391; x_wconf 75' lang='grc' dir='ltr'>ὥσπερ</span> <span class='ocrx_word' id='word_1_135' title='bbox 821 1327 948 1394; x_wconf 72' lang='grc' dir='ltr'>αὐτῷ</span> <span class='ocrx_word' id='word_1_136' title='bbox 984 1325 1306 1391; x_wconf 89' lang='grc' dir='ltr'>δοθησόμενον</span> <span class='ocrx_word' id='word_1_137' title='bbox 1332 1326 1528 1392; x_wconf 86' lang='grc' dir='ltr'>ἀγαθόν·</span> <span class='ocrx_word' id='word_1_138' title='bbox 1574 1324 1730 1390; x_wconf 82' lang='grc' dir='ltr'>ἐπειδὴ</span> <span class='ocrx_word' id='word_1_139' title='bbox 1766 1325 1813 1377; x_wconf 79' lang='grc' dir='ltr'>δὲ</span> <span class='ocrx_word' id='word_1_140' title='bbox 1848 1326 1907 1392; x_wconf 81' lang='grc' dir='ltr'>ἧν</span> 
     </span>
     <span class='ocr_line' id='line_1_18' title="bbox 315 1405 1974 1477; baseline 0.001 -22"><span class='ocrx_word' id='word_1_141' title='bbox 315 1405 539 1472; x_wconf 87' lang='grc' dir='ltr'>φιλόθεός</span> <span class='ocrx_word' id='word_1_142' title='bbox 596 1429 646 1457; x_wconf 89' lang='grc' dir='ltr'>τε</span> <span class='ocrx_word' id='word_1_143' title='bbox 702 1408 818 1469; x_wconf 86' lang='grc' dir='ltr'>ὁμοῦ</span> <span class='ocrx_word' id='word_1_144' title='bbox 876 1410 951 1458; x_wconf 82' lang='grc' dir='ltr'>καὶ</span> <span class='ocrx_word' id='word_1_145' title='bbox 1011 1407 1328 1477; x_wconf 79' lang='grc' dir='ltr'>φιλάδελφος,</span> <span class='ocrx_word' id='word_1_146' title='bbox 1386 1409 1766 1460; x_wconf 83' lang='grc' dir='ltr'>ἐκπλατύνεσθαι</span> <span class='ocrx_word' id='word_1_147' title='bbox 1822 1414 1905 1460; x_wconf 89' lang='grc' dir='ltr'>τοῦ</span> <span class='ocrx_word' id='word_1_148' title='bbox 1927 1428 1974 1467; x_wconf 87' lang='lat'>15</span> 
     </span>
    </p>
   </div>
   <div class='ocr_carea' id='block_1_6' title="bbox 270 1489 1898 1558">
    <p class='ocr_par' dir='ltr' id='par_1_6' title="bbox 270 1489 1898 1558">
     <span class='ocr_line' id='line_1_19' title="bbox 270 1489 1898 1558; baseline 0.004 -23"><span class='ocrx_word' id='word_1_149' title='bbox 270 1494 298 1534; x_wconf 85' lang='lat' dir='ltr'>b</span> <span class='ocrx_word' id='word_1_150' title='bbox 318 1491 537 1553; x_wconf 82' lang='grc' dir='ltr'>Σωτῆρος</span> <span class='ocrx_word' id='word_1_151' title='bbox 571 1489 657 1553; x_wconf 82' lang='grc' dir='ltr'>τὴν</span> <span class='ocrx_word' id='word_1_152' title='bbox 685 1490 830 1558; x_wconf 76' lang='grc' dir='ltr'>δόξαν</span> <span class='ocrx_word' id='word_1_153' title='bbox 857 1491 1081 1554; x_wconf 80' lang='grc' dir='ltr'>ἐπιθυμεῖ,</span> <span class='ocrx_word' id='word_1_154' title='bbox 1109 1490 1269 1555; x_wconf 81' lang='grc' dir='ltr'>κοινὴν</span> <span class='ocrx_word' id='word_1_155' title='bbox 1302 1490 1351 1541; x_wconf 77' lang='grc' dir='ltr'>δὲ</span> <span class='ocrx_word' id='word_1_156' title='bbox 1390 1496 1485 1544; x_wconf 87' lang='grc' dir='ltr'>τοῖς</span> <span class='ocrx_word' id='word_1_157' title='bbox 1519 1493 1743 1558; x_wconf 80' lang='grc' dir='ltr'>ἀδελφοῖς</span> <span class='ocrx_word' id='word_1_158' title='bbox 1778 1514 1898 1557; x_wconf 89' lang='grc' dir='ltr'>προ-</span> 
     </span>
    </p>
   </div>
   <div class='ocr_carea' id='block_1_7' title="bbox 315 1570 1903 1721">
    <p class='ocr_par' dir='ltr' id='par_1_7' title="bbox 315 1570 1903 1721">
     <span class='ocr_line' id='line_1_20' title="bbox 315 1570 1903 1639; baseline 0.002 -19"><span class='ocrx_word' id='word_1_159' title='bbox 315 1574 499 1621; x_wconf 89' lang='grc' dir='ltr'>κεῖσθαι</span> <span class='ocrx_word' id='word_1_160' title='bbox 539 1570 625 1634; x_wconf 81' lang='grc' dir='ltr'>τὴν</span> <span class='ocrx_word' id='word_1_161' title='bbox 662 1571 815 1638; x_wconf 80' lang='grc' dir='ltr'>χάριν.</span> <span class='ocrx_word' id='word_1_162' title='bbox 886 1571 940 1622; x_wconf 85' lang='grc' dir='ltr'>τὸ</span> <span class='ocrx_word' id='word_1_163' title='bbox 982 1572 1075 1638; x_wconf 78' lang='grc' dir='ltr'>γὰρ</span> <span class='ocrx_word' id='word_1_164' title='bbox 1118 1577 1180 1626; x_wconf 83' lang='grc' dir='ltr'>εἷς</span> <span class='ocrx_word' id='word_1_165' title='bbox 1220 1578 1402 1638; x_wconf 82' lang='grc' dir='ltr'>γνῶσιν</span> <span class='ocrx_word' id='word_1_166' title='bbox 1440 1574 1612 1639; x_wconf 79' lang='grc' dir='ltr'>ἀκριβῆ</span> <span class='ocrx_word' id='word_1_167' title='bbox 1652 1577 1903 1623; x_wconf 90' lang='grc' dir='ltr'>καλεῖσθαι</span> 
     </span>
     <span class='ocr_line' id='line_1_21' title="bbox 316 1651 1191 1721; baseline 0.002 -18"><span class='ocrx_word' id='word_1_168' title='bbox 316 1655 455 1716; x_wconf 77' lang='grc' dir='ltr'>Θεοῦ,</span> <span class='ocrx_word' id='word_1_169' title='bbox 491 1654 539 1703; x_wconf 86' lang='grc' dir='ltr'>τί</span> <span class='ocrx_word' id='word_1_170' title='bbox 565 1651 622 1703; x_wconf 80' lang='grc' dir='ltr'>ἂν</span> <span class='ocrx_word' id='word_1_171' title='bbox 654 1654 751 1721; x_wconf 80' lang='grc' dir='ltr'>ἔχοι</span> <span class='ocrx_word' id='word_1_172' title='bbox 784 1653 837 1704; x_wconf 82' lang='grc' dir='ltr'>τὸ</span> <span class='ocrx_word' id='word_1_173' title='bbox 871 1657 1191 1716; x_wconf 71' lang='grc' dir='ltr'>ἱσοστατοῦνς</span> 
     </span>
    </p>
   </div>
   <div class='ocr_carea' id='block_1_8' title="bbox 248 1821 1900 1885">
    <p class='ocr_par' dir='ltr' id='par_1_8' title="bbox 248 1821 1900 1885">
     <span class='ocr_line' id='line_1_22' title="bbox 248 1821 1900 1885; baseline 0.002 -21"><span class='ocrx_word' id='word_1_174' title='bbox 248 1823 542 1881; x_wconf 75' lang='grc' dir='ltr'>23ἈΠεκρίΘΗ</span> <span class='ocrx_word' id='word_1_175' title='bbox 586 1825 752 1867; x_wconf 70' lang='grc' dir='ltr'>ἸΗοοῦε</span> <span class='ocrx_word' id='word_1_176' title='bbox 802 1825 869 1866; x_wconf 80' lang='grc' dir='ltr'>καὶ</span> <span class='ocrx_word' id='word_1_177' title='bbox 920 1821 1037 1867; x_wconf 78' lang='grc' dir='ltr'>εἶπεν</span> <span class='ocrx_word' id='word_1_178' title='bbox 1087 1827 1204 1880; x_wconf 79' lang='grc' dir='ltr'>αὐτῷ</span> <span class='ocrx_word' id='word_1_179' title='bbox 1245 1826 1353 1868; x_wconf 74' lang='grc' dir='ltr'>Ἐάν</span> <span class='ocrx_word' id='word_1_180' title='bbox 1402 1843 1464 1868; x_wconf 70' lang='grc' dir='ltr'>τις</span> <span class='ocrx_word' id='word_1_181' title='bbox 1517 1827 1659 1885; x_wconf 60' lang='lat' dir='ltr'>&amp;sou-tq}</span> <span class='ocrx_word' id='word_1_182' title='bbox 1714 1842 1779 1878; x_wconf 79' lang='grc' dir='ltr'>με,</span> <span class='ocrx_word' id='word_1_183' title='bbox 1827 1827 1900 1870; x_wconf 82' lang='grc' dir='ltr'>τὸν</span> 
     </span>
    </p>
   </div>
   <div class='ocr_carea' id='block_1_9' title="bbox 381 1908 1972 1967">
    <p class='ocr_par' dir='ltr' id='par_1_9' title="bbox 381 1908 1972 1967">
     <span class='ocr_line' id='line_1_23' title="bbox 381 1908 1972 1967; baseline 0.003 -20"><span class='ocrx_word' id='word_1_184' title='bbox 381 1908 508 1955; x_wconf 55' lang='lat' dir='ltr'>&gt;xij-ov</span> <span class='ocrx_word' id='word_1_185' title='bbox 546 1923 625 1956; x_wconf 78' lang='grc' dir='ltr'>μου</span> <span class='ocrx_word' id='word_1_186' title='bbox 668 1909 860 1965; x_wconf 63' lang='grc' dir='ltr'>τΗρήσε-ῑι,</span> <span class='ocrx_word' id='word_1_187' title='bbox 899 1909 967 1949; x_wconf 76' lang='grc' dir='ltr'>καὶ</span> <span class='ocrx_word' id='word_1_188' title='bbox 1011 1911 1033 1950; x_wconf 85' lang='grc' dir='ltr'>ὁ</span> <span class='ocrx_word' id='word_1_189' title='bbox 1075 1910 1225 1967; x_wconf 64' lang='grc' dir='ltr'>Πατήρ</span> <span class='ocrx_word' id='word_1_190' title='bbox 1268 1925 1347 1958; x_wconf 80' lang='grc' dir='ltr'>μου</span> <span class='ocrx_word' id='word_1_191' title='bbox 1391 1910 1603 1958; x_wconf 65' lang='grc' dir='ltr'>ἀΓαΠύοει</span> <span class='ocrx_word' id='word_1_192' title='bbox 1647 1911 1788 1961; x_wconf 80' lang='grc' dir='ltr'>αὐτὸν,</span> <span class='ocrx_word' id='word_1_193' title='bbox 1832 1911 1972 1952; x_wconf 60' lang='lat' dir='ltr'>mezo</span> 
     </span>
    </p>
   </div>
   <div class='ocr_carea' id='block_1_10' title="bbox 381 1991 1836 2050">
    <p class='ocr_par' dir='ltr' id='par_1_10' title="bbox 381 1991 1836 2050">
     <span class='ocr_line' id='line_1_24' title="bbox 381 1991 1836 2050; baseline 0.002 -18"><span class='ocrx_word' id='word_1_194' title='bbox 381 1991 488 2048; x_wconf 69' lang='grc' dir='ltr'>Πρὲε</span> <span class='ocrx_word' id='word_1_195' title='bbox 527 1991 655 2034; x_wconf 81' lang='grc' dir='ltr'>αὐτὸν</span> <span class='ocrx_word' id='word_1_196' title='bbox 693 1992 955 2041; x_wconf 74' lang='grc' dir='ltr'>ἐλευοόμεθα</span> <span class='ocrx_word' id='word_1_197' title='bbox 995 1993 1063 2033; x_wconf 78' lang='grc' dir='ltr'>καὶ</span> <span class='ocrx_word' id='word_1_198' title='bbox 1100 1995 1234 2042; x_wconf 58' lang='grc' dir='ltr'>μονὴν</span> <span class='ocrx_word' id='word_1_199' title='bbox 1272 1995 1367 2050; x_wconf 77' lang='grc' dir='ltr'>Παρ’</span> <span class='ocrx_word' id='word_1_200' title='bbox 1405 1995 1522 2048; x_wconf 77' lang='grc' dir='ltr'>αὐτῷ</span> <span class='ocrx_word' id='word_1_201' title='bbox 1554 1995 1836 2043; x_wconf 80' lang='grc' dir='ltr'>ΠοιΗοόμεθα.</span> 
     </span>
    </p>
   </div>
   <div class='ocr_carea' id='block_1_11' title="bbox 387 2100 1900 2169">
    <p class='ocr_par' dir='ltr' id='par_1_11' title="bbox 387 2100 1900 2169">
     <span class='ocr_line' id='line_1_25' title="bbox 387 2100 1900 2169; baseline 0.001 -19"><span class='ocrx_word' id='word_1_202' title='bbox 387 2101 464 2150; x_wconf 81' lang='grc' dir='ltr'>Οὐ</span> <span class='ocrx_word' id='word_1_203' title='bbox 513 2100 708 2169; x_wconf 89' lang='grc' dir='ltr'>σφόδρα</span> <span class='ocrx_word' id='word_1_204' title='bbox 754 2102 957 2152; x_wconf 78' lang='grc' dir='ltr'>συνέντα</span> <span class='ocrx_word' id='word_1_205' title='bbox 1002 2102 1247 2168; x_wconf 84' lang='grc' dir='ltr'>θεωρήσας</span> <span class='ocrx_word' id='word_1_206' title='bbox 1290 2100 1373 2153; x_wconf 79' lang='grc' dir='ltr'>τὸν</span> <span class='ocrx_word' id='word_1_207' title='bbox 1415 2101 1641 2166; x_wconf 85' lang='grc' dir='ltr'>μαθητὴν,</span> <span class='ocrx_word' id='word_1_208' title='bbox 1687 2101 1900 2153; x_wconf 85' lang='grc' dir='ltr'>ἐπάνεισι</span> 
     </span>
    </p>
   </div>
   <div class='ocr_carea' id='block_1_12' title="bbox 272 2182 1899 2251">
    <p class='ocr_par' dir='ltr' id='par_1_12' title="bbox 272 2182 1899 2251">
     <span class='ocr_line' id='line_1_26' title="bbox 272 2182 1899 2251; baseline 0.004 -19"><span class='ocrx_word' id='word_1_209' title='bbox 272 2183 458 2233; x_wconf 75' lang='grc' dir='ltr'>οπάλιν</span> <span class='ocrx_word' id='word_1_210' title='bbox 488 2184 560 2234; x_wconf 78' lang='grc' dir='ltr'>ἐπὶ</span> <span class='ocrx_word' id='word_1_211' title='bbox 599 2183 653 2234; x_wconf 80' lang='grc' dir='ltr'>τὸ</span> <span class='ocrx_word' id='word_1_212' title='bbox 693 2186 740 2234; x_wconf 91' lang='grc' dir='ltr'>ἐν</span> <span class='ocrx_word' id='word_1_213' title='bbox 775 2186 942 2250; x_wconf 79' lang='grc' dir='ltr'>ἀρχαῖς</span> <span class='ocrx_word' id='word_1_214' title='bbox 980 2185 1233 2248; x_wconf 83' lang='grc' dir='ltr'>εἰρημένον,</span> <span class='ocrx_word' id='word_1_215' title='bbox 1261 2186 1337 2234; x_wconf 79' lang='grc' dir='ltr'>καὶ</span> <span class='ocrx_word' id='word_1_216' title='bbox 1371 2182 1581 2234; x_wconf 75' lang='grc' dir='ltr'>διδάσκει</span> <span class='ocrx_word' id='word_1_217' title='bbox 1618 2188 1804 2251; x_wconf 81' lang='grc' dir='ltr'>σαφῶς,</span> <span class='ocrx_word' id='word_1_218' title='bbox 1836 2187 1899 2238; x_wconf 88' lang='grc' dir='ltr'>ὡς</span> 
     </span>
    </p>
   </div>
   <div class='ocr_carea' id='block_1_13' title="bbox 306 2263 1965 2905">
    <p class='ocr_par' dir='ltr' id='par_1_13' title="bbox 306 2263 1965 2905">
     <span class='ocr_line' id='line_1_27' title="bbox 310 2263 1898 2330; baseline 0.001 -16"><span class='ocrx_word' id='word_1_219' title='bbox 310 2266 364 2314; x_wconf 86' lang='grc' dir='ltr'>οὐ</span> <span class='ocrx_word' id='word_1_220' title='bbox 403 2264 522 2315; x_wconf 80' lang='grc' dir='ltr'>κατὰ</span> <span class='ocrx_word' id='word_1_221' title='bbox 560 2265 708 2329; x_wconf 88' lang='grc' dir='ltr'>μόνην</span> <span class='ocrx_word' id='word_1_222' title='bbox 739 2264 824 2328; x_wconf 83' lang='grc' dir='ltr'>τὴν</span> <span class='ocrx_word' id='word_1_223' title='bbox 857 2267 906 2315; x_wconf 85' lang='grc' dir='ltr'>ἐν</span> <span class='ocrx_word' id='word_1_224' title='bbox 940 2264 1116 2329; x_wconf 82' lang='grc' dir='ltr'>εἰδήσει</span> <span class='ocrx_word' id='word_1_225' title='bbox 1153 2263 1405 2328; x_wconf 84' lang='grc' dir='ltr'>νοουμένην</span> <span class='ocrx_word' id='word_1_226' title='bbox 1437 2266 1705 2330; x_wconf 83' lang='grc' dir='ltr'>ἐπίγνωσιν,</span> <span class='ocrx_word' id='word_1_227' title='bbox 1732 2265 1898 2316; x_wconf 83' lang='grc' dir='ltr'>ἑαυτὸν</span> 
     </span>
     <span class='ocr_line' id='line_1_28' title="bbox 308 2346 1965 2416; baseline -0.001 -19"><span class='ocrx_word' id='word_1_228' title='bbox 308 2347 558 2416; x_wconf 83' lang='grc' dir='ltr'>ἐμφανίσει</span> <span class='ocrx_word' id='word_1_229' title='bbox 598 2351 695 2400; x_wconf 83' lang='grc' dir='ltr'>τοῖς</span> <span class='ocrx_word' id='word_1_230' title='bbox 729 2347 960 2412; x_wconf 84' lang='grc' dir='ltr'>γνησίοις,</span> <span class='ocrx_word' id='word_1_231' title='bbox 987 2347 1098 2396; x_wconf 86' lang='grc' dir='ltr'>ἀλλ’</span> <span class='ocrx_word' id='word_1_232' title='bbox 1127 2346 1362 2415; x_wconf 78' lang='grc' dir='ltr'>ἐξαίρετός</span> <span class='ocrx_word' id='word_1_233' title='bbox 1396 2369 1466 2400; x_wconf 87' lang='grc' dir='ltr'>τις</span> <span class='ocrx_word' id='word_1_234' title='bbox 1501 2348 1656 2400; x_wconf 81' lang='grc' dir='ltr'>αὐτοῖς</span> <span class='ocrx_word' id='word_1_235' title='bbox 1683 2349 1757 2397; x_wconf 77' lang='grc' dir='ltr'>καὶ</span> <span class='ocrx_word' id='word_1_236' title='bbox 1793 2348 1894 2415; x_wconf 76' lang='grc' dir='ltr'>οὐχὶ</span> <span class='ocrx_word' id='word_1_237' title='bbox 1917 2367 1965 2405; x_wconf 87' lang='lat'>25</span> 
     </span>
     <span class='ocr_line' id='line_1_29' title="bbox 308 2427 1896 2497; baseline 0.001 -18"><span class='ocrx_word' id='word_1_238' title='bbox 308 2434 405 2483; x_wconf 88' lang='grc' dir='ltr'>τοῖς</span> <span class='ocrx_word' id='word_1_239' title='bbox 431 2429 601 2481; x_wconf 79' lang='grc' dir='ltr'>ἄλλοις</span> <span class='ocrx_word' id='word_1_240' title='bbox 626 2427 840 2494; x_wconf 81' lang='grc' dir='ltr'>ἐντριβὴς</span> <span class='ocrx_word' id='word_1_241' title='bbox 876 2429 900 2478; x_wconf 83' lang='grc' dir='ltr'>ὁ</span> <span class='ocrx_word' id='word_1_242' title='bbox 936 2430 1019 2492; x_wconf 84' lang='grc' dir='ltr'>τῆς</span> <span class='ocrx_word' id='word_1_243' title='bbox 1055 2427 1345 2496; x_wconf 81' lang='grc' dir='ltr'>ἐλλάμψεως</span> <span class='ocrx_word' id='word_1_244' title='bbox 1379 2427 1576 2497; x_wconf 77' lang='grc' dir='ltr'>ὑπάρξει</span> <span class='ocrx_word' id='word_1_245' title='bbox 1609 2428 1797 2494; x_wconf 89' lang='grc' dir='ltr'>τρόπος.</span> <span class='ocrx_word' id='word_1_246' title='bbox 1853 2433 1896 2480; x_wconf 84' lang='grc' dir='ltr'>οἱ</span> 
     </span>
     <span class='ocr_line' id='line_1_30' title="bbox 308 2509 1895 2578; baseline 0 -17"><span class='ocrx_word' id='word_1_247' title='bbox 308 2510 394 2574; x_wconf 76' lang='grc' dir='ltr'>μὲν</span> <span class='ocrx_word' id='word_1_248' title='bbox 427 2511 521 2578; x_wconf 81' lang='grc' dir='ltr'>γὰρ</span> <span class='ocrx_word' id='word_1_249' title='bbox 559 2512 771 2576; x_wconf 86' lang='grc' dir='ltr'>ἀγελαῖοι</span> <span class='ocrx_word' id='word_1_250' title='bbox 810 2509 968 2577; x_wconf 79' lang='grc' dir='ltr'>τυχὸν,</span> <span class='ocrx_word' id='word_1_251' title='bbox 1000 2511 1074 2560; x_wconf 71' lang='grc' dir='ltr'>καὶ</span> <span class='ocrx_word' id='word_1_252' title='bbox 1114 2510 1220 2575; x_wconf 73' lang='grc' dir='ltr'>ἄρτι</span> <span class='ocrx_word' id='word_1_253' title='bbox 1257 2509 1401 2577; x_wconf 81' lang='grc' dir='ltr'>τυχὸν</span> <span class='ocrx_word' id='word_1_254' title='bbox 1436 2512 1519 2574; x_wconf 82' lang='grc' dir='ltr'>τῆς</span> <span class='ocrx_word' id='word_1_255' title='bbox 1556 2513 1651 2560; x_wconf 80' lang='grc' dir='ltr'>τῶν</span> <span class='ocrx_word' id='word_1_256' title='bbox 1687 2511 1895 2561; x_wconf 74' lang='grc' dir='ltr'>εἰδώλων</span> 
     </span>
     <span class='ocr_line' id='line_1_31' title="bbox 308 2590 1894 2661; baseline -0.001 -18"><span class='ocrx_word' id='word_1_257' title='bbox 308 2592 490 2657; x_wconf 83' lang='grc' dir='ltr'>ἀπάτης</span> <span class='ocrx_word' id='word_1_258' title='bbox 523 2590 949 2661; x_wconf 84' lang='grc' dir='ltr'>ἀποφοιτήσαντες,</span> <span class='ocrx_word' id='word_1_259' title='bbox 978 2590 1254 2656; x_wconf 88' lang='grc' dir='ltr'>κεκλημένοι</span> <span class='ocrx_word' id='word_1_260' title='bbox 1293 2613 1341 2642; x_wconf 81' lang='grc' dir='ltr'>τε</span> <span class='ocrx_word' id='word_1_261' title='bbox 1373 2591 1492 2657; x_wconf 82' lang='grc' dir='ltr'>πρὸς</span> <span class='ocrx_word' id='word_1_262' title='bbox 1526 2592 1781 2657; x_wconf 83' lang='grc' dir='ltr'>ἐπίγνωσιν</span> <span class='ocrx_word' id='word_1_263' title='bbox 1811 2598 1894 2643; x_wconf 85' lang='grc' dir='ltr'>τοῦ</span> 
     </span>
     <span class='ocr_line' id='line_1_32' title="bbox 307 2672 1893 2743; baseline -0.001 -18"><span class='ocrx_word' id='word_1_264' title='bbox 307 2673 426 2725; x_wconf 78' lang='grc' dir='ltr'>κατὰ</span> <span class='ocrx_word' id='word_1_265' title='bbox 471 2674 621 2743; x_wconf 85' lang='grc' dir='ltr'>φύσιν</span> <span class='ocrx_word' id='word_1_266' title='bbox 665 2672 797 2726; x_wconf 81' lang='grc' dir='ltr'>ὄντος</span> <span class='ocrx_word' id='word_1_267' title='bbox 843 2677 980 2735; x_wconf 78' lang='grc' dir='ltr'>Θεοῦ,</span> <span class='ocrx_word' id='word_1_268' title='bbox 1025 2674 1074 2723; x_wconf 88' lang='grc' dir='ltr'>ἐν</span> <span class='ocrx_word' id='word_1_269' title='bbox 1118 2676 1285 2741; x_wconf 78' lang='grc' dir='ltr'>ψιλοῖς</span> <span class='ocrx_word' id='word_1_270' title='bbox 1329 2679 1404 2724; x_wconf 82' lang='grc' dir='ltr'>καὶ</span> <span class='ocrx_word' id='word_1_271' title='bbox 1450 2673 1689 2739; x_wconf 73' lang='grc' dir='ltr'>ἀζητήτοις</span> <span class='ocrx_word' id='word_1_272' title='bbox 1730 2673 1893 2741; x_wconf 74' lang='grc' dir='ltr'>ε”χουσι</span> 
     </span>
     <span class='ocr_line' id='line_1_33' title="bbox 307 2754 1961 2821; baseline -0.002 -15"><span class='ocrx_word' id='word_1_273' title='bbox 307 2760 561 2821; x_wconf 89' lang='grc' dir='ltr'>λογισμοῖς</span> <span class='ocrx_word' id='word_1_274' title='bbox 598 2755 683 2819; x_wconf 88' lang='grc' dir='ltr'>τὴν</span> <span class='ocrx_word' id='word_1_275' title='bbox 709 2758 885 2816; x_wconf 87' lang='grc' dir='ltr'>πίστιν,</span> <span class='ocrx_word' id='word_1_276' title='bbox 919 2754 1033 2805; x_wconf 79' lang='grc' dir='ltr'>αὐτὸ</span> <span class='ocrx_word' id='word_1_277' title='bbox 1070 2754 1126 2818; x_wconf 84' lang='grc' dir='ltr'>δὴ</span> <span class='ocrx_word' id='word_1_278' title='bbox 1162 2759 1299 2805; x_wconf 87' lang='grc' dir='ltr'>τοῦτο</span> <span class='ocrx_word' id='word_1_279' title='bbox 1333 2754 1562 2817; x_wconf 89' lang='grc' dir='ltr'>μαθόντες</span> <span class='ocrx_word' id='word_1_280' title='bbox 1597 2759 1801 2821; x_wconf 88' lang='grc' dir='ltr'>φρονεῖν,</span> <span class='ocrx_word' id='word_1_281' title='bbox 1830 2758 1892 2809; x_wconf 88' lang='grc' dir='ltr'>ὡς</span> <span class='ocrx_word' id='word_1_282' title='bbox 1911 2777 1961 2812; x_wconf 85' lang='lat'>30</span> 
     </span>
     <span class='ocr_line' id='line_1_34' title="bbox 306 2834 1890 2905; baseline 0 -17"><span class='ocrx_word' id='word_1_283' title='bbox 306 2846 332 2866; x_wconf 84' lang='lat'>“</span> <span class='ocrx_word' id='word_1_284' title='bbox 359 2837 489 2889; x_wconf 76' lang='grc' dir='ltr'>οὐδὲν</span> <span class='ocrx_word' id='word_1_285' title='bbox 528 2837 724 2888; x_wconf 86' lang='grc' dir='ltr'>ε’ίδωλον</span> <span class='ocrx_word' id='word_1_286' title='bbox 762 2838 810 2887; x_wconf 85' lang='grc' dir='ltr'>ἐν</span> <span class='ocrx_word' id='word_1_287' title='bbox 847 2835 1047 2905; x_wconf 77' lang='grc' dir='ltr'>κόσμῳ”</span> <span class='ocrx_word' id='word_1_288' title='bbox 1088 2835 1246 2903; x_wconf 82' lang='grc' dir='ltr'>τυχὸν,</span> <span class='ocrx_word' id='word_1_289' title='bbox 1288 2835 1351 2889; x_wconf 75' lang='grc' dir='ltr'>εἷς</span> <span class='ocrx_word' id='word_1_290' title='bbox 1398 2835 1447 2886; x_wconf 77' lang='grc' dir='ltr'>δὲ</span> <span class='ocrx_word' id='word_1_291' title='bbox 1490 2834 1633 2899; x_wconf 88' lang='grc' dir='ltr'>μόνος</span> <span class='ocrx_word' id='word_1_292' title='bbox 1673 2837 1699 2887; x_wconf 85' lang='grc' dir='ltr'><em>ὁ</em></span> <span class='ocrx_word' id='word_1_293' title='bbox 1746 2835 1890 2905; x_wconf 79' lang='grc' dir='ltr'>φύσει</span> 
     </span>
    </p>
   </div>
   <div class='ocr_carea' id='block_1_14' title="bbox 552 2953 1643 2998">
    <p class='ocr_par' dir='ltr' id='par_1_14' title="bbox 552 2953 1643 2998">
     <span class='ocr_line' id='line_1_35' title="bbox 552 2953 1643 2998; baseline -0.001 -10"><span class='ocrx_word' id='word_1_294' title='bbox 552 2966 603 2988; x_wconf 86' lang='lat'>11.</span> <span class='ocrx_word' id='word_1_295' title='bbox 630 2956 739 2998; x_wconf 83' lang='grc' dir='ltr'>μόνων</span> <span class='ocrx_word' id='word_1_296' title='bbox 759 2954 799 2986; x_wconf 86' lang='lat' dir='ltr'>E.</span> <span class='ocrx_word' id='word_1_297' title='bbox 1098 2964 1151 2997; x_wconf 84' lang='lat'>25.</span> <span class='ocrx_word' id='word_1_298' title='bbox 1180 2954 1288 2989; x_wconf 83' lang='grc' dir='ltr'>ὁσίοις</span> <span class='ocrx_word' id='word_1_299' title='bbox 1308 2953 1384 2997; x_wconf 73' lang='lat' dir='ltr'>(sed</span> <span class='ocrx_word' id='word_1_300' title='bbox 1403 2953 1531 2996; x_wconf 81' lang='lat' dir='ltr'>errore)</span> <span class='ocrx_word' id='word_1_301' title='bbox 1554 2953 1643 2988; x_wconf 72' lang='lat' dir='ltr'>Catt.</span> 
     </span>
    </p>
   </div>
  </div>
 </body>
</html>
