2037 3266
291 150 374 190 366
693 151 743 193 B.
778 151 1057 193 CYRILLI
1098 151 1479 194 ALEXANDR.
1610 148 1870 206 xiii.23—26.

67 265 226 296 Ps.x1.10.
289 259 367 308 καὶ
391 259 543 310 πάλαι
569 260 1014 326 προκεκηρυγμένον
1039 267 1066 290 “
1083 261 1147 311 ‘O
1175 262 1348 312 ἐσθίων
1375 260 1544 326 ἄρτους
1569 281 1674 322 μου,
1700 256 1868 323 ἐμεγά-

290 347 316 369 “
345 347 485 392 λυνεν
529 342 600 392 ἐπ’
648 340 726 405 ἐμὲ
776 341 1116 408 πτερνισμόν.”
1175 339 1359 411 βάψας
1402 341 1497 408 γὰρ
1541 341 1785 392 ἐπιδίδωσι
1826 338 1873 390 τὶ

289 418 486 491 ψωμίον,
515 423 693 477 δεικνὺς
731 422 806 474 διὰ
845 423 1013 474 τούτου
1047 423 1131 474 τὸν
1163 425 1385 475 ἐσθίοντα
1420 422 1504 474 τὸν
1535 423 1679 489 ἄρτον
1711 423 1872 472 αὐτοῦ·

250 506 364 556 (ἐκαὶ
403 505 486 556 τὸν
523 504 607 568 μὲν
643 510 738 556 τῶν
777 505 926 571 ἁγίων
964 509 1189 569 μαθητῶν
1218 506 1440 574 ἐξίστησι
1480 503 1649 574 φόβον,
1684 504 1786 569 ἄγει
1825 503 1882 553 δέ

289 610 389 641 πως
415 585 584 641 αὐτοὺς
610 591 671 640 εἷς
698 587 966 651 ἀνάμνησιν
992 589 1287 656 προφητείας
1318 588 1476 653 ἑτέρας
1510 586 1875 652 διαγορευούσης
1895 597 1917 636 5

64 658 186 742 {ff}
290 669 376 719 ὡδί
399 676 426 697 “
447 667 517 719 Συ
555 667 603 719 δὲ
645 665 681 718 cs}
717 668 936 734 ἄνθρωπε
971 669 1196 737 ἰσόψυχε,
1228 669 1418 734 ἡγεμών
1447 692 1539 733 μου
1576 669 1652 718 καὶ
1689 668 1886 733 γνωστέ

290 757 317 779 “
342 773 446 814 μου,
475 749 524 804 ὃς
558 751 632 801 ἐπὶ
669 748 722 801 τὸ
758 748 873 801 αὐτὸ
909 750 1174 816 ἐγλύκανάς
1210 774 1291 814 μοι
1324 749 1573 814 ἐδέσματα,
1600 751 1648 800 ἐν
1673 753 1740 818 τῷ
1765 749 1876 819 οἴκῳ

287 840 315 862 “
341 838 424 884 τοῦ
465 836 591 884 Θεοῦ
637 831 953 898 ἐπορεύθημεν
992 835 1040 883 ἐν
1079 833 1318 901 ὁμονοίᾳ.”
1379 830 1618 900 ἱσόψυχος
1660 831 1745 894 μὲν
1782 830 1876 897 γὰρ

286 913 506 980 γνωστός
532 937 580 965 τε
609 916 684 965 καὶ
711 912 1041 981 ὁμοτράπεζος,
1071 916 1148 965 καὶ
1173 916 1222 966 τί
1243 913 1337 981 γὰρ
1363 915 1466 981 οὐχὶ
1493 918 1587 964 τῶν
1612 912 1877 965 τελούντων

285 1001 349 1050 εἷς
386 995 684 1062 γνησιότητα
722 995 891 1062 γέγονέ
924 1019 1039 1048 ποτε
1077 1001 1144 1066 τῷ
1178 999 1363 1063 Σωτῆρι
1398 998 1473 1047 καὶ
1508 996 1648 1049 αὐτὸς
1687 997 1711 1046 ὁ
1750 1018 1872 1061 προ·-
1899 1014 1946 1038 10

286 1077 439 1142 δότης,
466 1078 547 1129 ἅτε
581 1077 637 1142 δὴ
671 1083 768 1132 τοῖς
803 1078 974 1145 ἑτέροις
1007 1079 1419 1145 ε’γκατειλεγμένος
1445 1078 1594 1143 ἁγίοις
1620 1080 1872 1141 μαθηταῖς,

285 1160 329 1211 οἳ
361 1159 443 1211 τὸν
468 1160 612 1211 αὐτὸν
639 1160 824 1228 ἔχοντες
860 1164 926 1229 τῷ
963 1164 1148 1226 Σωτῆρι
1183 1160 1382 1223 σκοπὸν,
1409 1162 1485 1210 καὶ
1517 1159 1603 1224 τὴν
1630 1164 1724 1210 τῶν
1748 1160 1872 1210 Ἰου-

240 1249 264 1288 d
287 1243 429 1293 δαίων
449 1242 846 1309 συμπεριθέοντες
871 1243 1048 1310 χώραν,
1066 1243 1290 1310 ὑπηρέται
1316 1243 1484 1309 γοργοὶ
1509 1246 1604 1292 τῶν
1623 1239 1877 1304 θαυμάτων

285 1325 508 1390 ἐγίνοντο,
548 1327 624 1376 καὶ
661 1323 819 1376 πάντα
857 1325 1081 1391 πράττειν
1118 1326 1369 1390 ἠπείγοντο
1413 1324 1472 1375 τὰ
1515 1328 1578 1378 εἰς
1622 1321 1761 1387 τιμὴν
1800 1325 1876 1373 καὶ

285 1406 433 1475 δόξαν
460 1407 620 1457 αὐτοῦ·
663 1405 777 1457 ἀλλ’
807 1407 831 1457 ὁ
861 1405 1080 1472 γνωστὸς
1112 1408 1187 1457 καὶ
1225 1405 1478 1474 ἱσόψυχος,
1505 1409 1718 1472 αἰσχρῶν
1744 1412 1872 1469 λημ-
1901 1424 1946 1459 15

284 1487 447 1552 μάτων
472 1488 726 1557 ἠλλάξατο
752 1488 837 1552 τὴν
864 1494 948 1539 τοῦ
975 1489 1266 1552 τιμήσαντος
1293 1487 1445 1555 χάριν.

369 1569 613 1636 Ἐπιτήρει
665 1569 712 1620 δὲ
761 1569 922 1633 πάλιν,
976 1570 1103 1624 ὅπως
1157 1571 1276 1634 ἡμᾶς
1325 1569 1591 1636 παραθήγει
1643 1573 1801 1622 καλῶς
1850 1569 1875 1619 ὁ

285 1653 571 1722 σοφώτατος
600 1651 965 1718 Εὐαγγελιστὴς
1002 1656 1062 1706 εἷς
1098 1652 1152 1703 τὸ
1185 1658 1321 1714 βιοῦν
1347 1652 1525 1704 ἐθέλειν
1557 1653 1628 1702 ὅτι
1661 1650 1876 1715 μάλιστα

287 1735 602 1801 λογικώτατα,
627 1737 703 1785 καὶ
738 1737 821 1798 τῆς
854 1735 1058 1788 διανοίας
1083 1736 1309 1785 ἐπασκεῖν
1335 1733 1419 1799 τὴν
1447 1734 1654 1803 ὀξύτητα
1679 1732 1799 1800 πρὸς
1821 1731 1876 1783 τὸ

287 1817 520 1867 δύνασθαι
559 1818 634 1866 καὶ
673 1816 784 1867 λίαν
818 1817 1020 1869 εὐπετῶς
1056 1821 1151 1867 τῶν
1184 1815 1319 1867 θείων
1346 1820 1667 1867 καθικνεῖσθαι
1702 1818 1877 1880 θεωρη-
1898 1838 1948 1863 20

248 1922 269 1947 ο
287 1898 462 1962 μάτων,
490 1899 565 1949 καὶ
605 1900 687 1961 τῆς
727 1898 946 1951 θεοπτίας
985 1897 1268 1966 ἐξακριβοῦν
1304 1897 1421 1948 ὅσον
1453 1897 1518 1948 ε”νι
1556 1896 1663 1951 τοῦς
1702 1896 1878 1962 λόγους

286 1982 574 2046 ἐπείγεσθαι.
630 1979 689 2030 τὰ
716 1983 950 2045 διαπρεπῆ
983 1983 1264 2043 τετιμῆσθαι
1300 1982 1375 2030 καὶ
1411 1978 1696 2045 ἠγαπῆσθαί
1726 1982 1877 2046 φησιν

288 2062 452 2114 ἑαυτὸν
478 2061 607 2130 παρὰ
635 2068 719 2113 τοῦ
748 2065 970 2128 Σωτῆρος
997 2062 1128 2126 ἡμῶν
1156 2066 1387 2128 Χριστοῦ,
1412 2064 1473 2116 ὡς
1500 2065 1576 2112 καὶ
1602 2063 1877 2112 ἀνακεῖσθαι

288 2144 519 2208 πλησίον,
549 2147 623 2195 καὶ
653 2147 780 2212 αὐτῷ
809 2148 875 2212 τῶ
901 2144 1069 2213 κόλπῳ
1093 2148 1160 2213 τῷ
1187 2147 1468 2213 δεσποτικῷ,
1497 2148 1664 2208 δεῖγμα
1697 2145 1780 2206 τῆς
1814 2147 1877 2196 εἰς

289 2226 432 2276 αὑτὸν
459 2228 726 2293 ὑπερφυοῦς
754 2224 1044 2290 ἀγαπήσεως
1078 2224 1132 2275 τὸ
1167 2230 1367 2291 πρᾶγμα
1396 2223 1686 2285 ποιούμενος.
1741 2231 1869 2288 πλη·
1897 2244 1945 2281 25

289 2307 397 2356 σίον
429 2308 510 2357 οῦν
549 2307 640 2372 ἄρα
680 2310 805 2356 Θεοῦ
845 2308 920 2356 καὶ
959 2307 1008 2356 ἐν
1042 2306 1246 2372 πρώτοις
1286 2305 1449 2372 ὥσπερ
1488 2306 1678 2356 ἔσονται
1716 2304 1876 2360 τόποις

288 2392 385 2441 τοῖς
419 2388 528 2454 παρ’
558 2389 684 2456 αὐτῷ
717 2386 937 2452 μάλιστα
972 2386 1027 2451 δὴ
1066 2386 1258 2438 πάντων
1286 2391 1327 2438 οἱ
1360 2387 1446 2451 τὴν
1472 2388 1668 2454 καρδίαν
1693 2388 1876 2455 ἔχοντες

290 2469 515 2536 καθαρὰν,
565 2469 631 2523 οἷς
677 2471 753 2520 καὶ
798 2469 1037 2537 ἐξαίρετον
1082 2469 1301 2533 ἀπονέμει
1353 2470 1492 2536 γε’ρας
1535 2471 1611 2520 καὶ
1662 2469 1800 2522 αὐτὸς
1849 2470 1874 2520 ὁ

65 2557 215 2637 Ζῇἴαῇᾘ
248 2567 270 2590 a
291 2550 477 2618 Σωτὴρ,
530 2551 787 2618 μακαρίους
845 2551 1045 2602 ἔσεσθαι
1100 2551 1254 2616 λέγων
1310 2550 1418 2605 τοὺς
1480 2549 1713 2617 καθαροὺς
1764 2558 1791 2580 “
1816 2552 1875 2617 τῇ

63 2623 95 2680 ζὴ
114 2650 143 2681 8.
220 2630 226 2638 ’
289 2642 316 2663 “
343 2635 524 2702 καρδίᾳ,
549 2633 619 2684 ὅτι
655 2634 786 2684 αὐτοὶ
820 2631 904 2683 τὸν
931 2631 1055 2683 Θεὸν
1081 2632 1332 2701 ὅψονται.”
1388 2635 1464 2684 καὶ
1497 2633 1789 2699 παροίσομεν
1814 2635 1874 2685 εἷς
1895 2650 1944 2685 30

289 2714 531 2784 ἀπόδειξιν
557 2720 641 2766 τοῦ
674 2716 865 2778 ἀληθῶς
896 2716 1112 2780 εἰρῆσθαι
1146 2714 1228 2766 τὸν
1255 2713 1416 2779 λόγον,
1445 2715 1585 2765 αὐτὸν
1611 2713 1667 2777 δὴ
1692 2715 1874 2764 τουτονὶ

289 2796 370 2847 τὸν
416 2796 706 2865 σοφώτατον
748 2794 1134 2861 Εὑαγγελιστήν.
1204 2796 1417 2847 τεθεάται
1461 2795 1555 2862 γὰρ
1600 2794 1686 2859 τὴν
1728 2794 1874 2863 δόξαν

475 2947 507 2981 6.
533 2947 670 2991 γνωστά
688 2946 769 2990 (Sic)
788 2946 830 2981 E.
1348 2947 1401 2982 16.
1428 2946 1621 2989 ἠλλάξαντο
1642 2946 1683 2979 Ε.
