2022 3272
121 124 290 164 xiv.11.
379 125 452 165 ΙΝ
495 125 536 165 S.
572 124 910 165 JOANNEM.
974 124 1097 164 LIB.
1132 124 1209 164 IX.
1271 124 1410 165 CAP.
1445 124 1479 163 Ι.
1623 120 1707 161 453

120 234 361 287 κοινωνίας
388 235 412 284 ὁ
439 231 584 299 λόγος
619 237 683 287 εἷς
709 232 796 296 τὴν
816 237 911 284 τῶν
938 231 1222 296 θελημάτων
1248 231 1501 295 ὁμοιότητα
1527 230 1709 291 βλέπει,

119 319 219 368 πῶς
246 314 304 366 ἂν
331 316 515 383 ε”χοιμεν
541 315 686 379 αὐτὴν
712 314 831 378 μετὰ
857 320 940 365 τοῦ
970 313 1162 380 Πατρός
1197 317 1272 365 καὶ
1307 313 1426 378 μετὰ
1459 318 1543 363 τοῦ
1570 315 1705 373 Υἱοῦ,

119 396 267 448 καίτοι
305 399 403 448 κατ’
432 399 630 451 ἐκείνους
668 398 750 448 οὐκ
786 396 935 447 ὄντων
968 397 1268 459 ὁμοουσίων;
1328 395 1354 460 ἦ
1395 394 1487 461 γὰρ
1527 394 1708 459 ἀνάγκη
1728 401 1754 441 b

119 478 289 530 λοιπὸν
327 482 401 530 καὶ
440 480 560 544 ἡμᾶς
601 479 660 530 τὰ
701 478 913 544 γέλωτος
955 479 1066 548 ἄξια
1110 483 1402 548 φρονοῦντας
1443 481 1585 528 εἰπεῖν
1625 476 1709 534 ὅτι,

77 574 100 612 5
119 560 204 625 τὴν
231 562 401 613 οἰκείαν
428 561 757 616 διακόπτοντες
784 562 950 630 φύσιν,
979 560 1034 612 τὸ
1060 560 1145 623 μὲν
1170 561 1319 624 ἥμισυ
1354 565 1420 629 τῷ
1450 562 1624 625 Πατρῖ,
1655 559 1710 610 τὸ

121 644 168 694 δὲ
208 644 364 711 ἕτερον
399 646 508 709 ἡμῖν
544 646 618 696 καὶ
658 648 724 714 τῷ
759 647 860 713 Υἱῷ
900 644 1178 706 δεδώκαμεν,
1219 644 1340 694 οὕτω
1379 665 1429 693 τε
1468 644 1516 692 ἐν
1555 643 1711 696 αὐτοῖς

120 723 235 777 εἶναι
262 727 506 791 νοούμεθα·
543 725 571 791 ἢ
598 726 964 793 παραιτούμενοι
990 727 1076 790 τὴν
1101 726 1409 794 ἀποπληξίαν
1436 730 1518 775 τοῦ
1544 724 1710 789 λόγου,

121 807 279 877 φαμὲν
304 808 375 860 ὅτι
401 815 502 864 ταῖς
533 808 652 860 κατὰ
689 808 891 873 θέλησιν
917 810 1100 874 ἀρεταῖς
1136 810 1211 858 καὶ
1245 812 1303 875 τῇ
1337 808 1623 876 συμμορφίᾳ
1651 811 1710 874 τῇ

119 889 238 958 πρὸς
273 891 327 942 τὸ
364 891 488 943 θεῖόν
511 915 561 942 τε
596 894 671 942 καὶ
706 890 975 959 ἀπόῤῥητον
1001 890 1185 944 κάλλος
1209 890 1602 959 καταφαιδρύνειν
1627 888 1711 940 τὸν

54 995 102 1020 10
120 977 287 1024 οἰκεῖον
312 972 658 1040 σπουδάζοντες
695 979 820 1035 νοῦν,
850 973 936 1037 τὴν
962 976 1046 1038 τῆς
1087 973 1328 1026 κοινωνίας
1362 974 1540 1026 ἑαυτοῖς
1574 994 1706 1037 περι-

118 1056 377 1120 ποιούμεθα
408 1056 562 1124 χάριν.
619 1054 690 1122 ἆρ’
718 1057 800 1107 οὖν
826 1057 972 1109 οὕτως
1008 1057 1201 1122 ἐροῦμεν
1228 1054 1453 1122 ὑπάρχειν
1478 1055 1526 1105 ἐν
1553 1055 1707 1119 Πατρὶ
1727 1075 1749 1102 c

120 1137 203 1188 τὸν
243 1137 376 1197 Υὶὸν,
423 1138 571 1204 ἤγουν
615 1138 840 1206 σχετικὴν
885 1141 960 1189 καὶ
1010 1137 1417 1201 ἐπιτετηδευμένην
1469 1135 1710 1187 κοινωνίαν

121 1220 241 1288 ἔχειν
270 1221 390 1288 πρὸς
427 1220 510 1272 τὸν
539 1220 868 1287 γεννήσαντας
916 1221 1065 1271 καίτοι
1100 1220 1149 1270 τί
1181 1220 1353 1284 δήποτε
1389 1218 1465 1269 διὰ
1499 1221 1582 1282 τῆς
1617 1222 1712 1268 τῶν

122 1302 273 1369 ἔργων
300 1302 518 1369 ἰσότητός
542 1327 591 1355 τε
618 1306 695 1355 καὶ
719 1302 993 1368 ὁμοιότητος
1019 1304 1337 1367 ποδηγεῖσθαι
1373 1300 1599 1362 βούλεται
1628 1299 1712 1351 τὸν

58 1400 103 1435 15
123 1386 346 1453 ἡμέτερον
372 1392 482 1438 νοῦν
508 1388 581 1438 ἐπὶ
607 1386 661 1438 τὸ
687 1390 856 1454 χρῆναι
890 1384 1128 1437 πιστεύειν
1155 1383 1516 1445 ἀνενδοιάστως,
1547 1386 1609 1437 ὡς
1643 1383 1711 1447 ε’ίη

121 1467 207 1532 μὲν
234 1469 373 1522 αὐτὸς
398 1471 446 1519 ἐν
474 1470 643 1536 Πατρὶ,
671 1469 764 1537 ἔχει
790 1468 838 1519 δὲ
865 1469 923 1519 αὖ
949 1467 1098 1520 πάλιν
1122 1469 1170 1518 ἐν
1196 1469 1345 1535 ἑαυτῷ
1372 1465 1455 1517 τὸν
1481 1465 1707 1527 Πατε’ρα;

123 1548 152 1614 ἢ
178 1549 271 1617 γὰρ
297 1552 400 1619 οὐχὶ
425 1556 547 1603 πᾶσι
578 1550 938 1618 προδηλότατον
964 1552 1040 1601 καὶ
1076 1549 1250 1614 ἀληθὲς
1286 1547 1499 1615 ὑπάρχον
1526 1549 1708 1613 ὁρᾶται,

124 1632 195 1683 ὅτι
244 1632 330 1697 τὴν
379 1638 474 1685 τῶν
515 1632 667 1699 ἔργων
711 1633 1027 1699 λαμπρότητα
1076 1632 1186 1698 παρ’
1234 1632 1367 1695 ἡμῶν
1409 1629 1711 1699 ἐξετάζεσθαι

123 1713 292 1779 θέλων,
318 1719 547 1781 ἱσοσθενῆ
576 1717 810 1768 δείκνυσιν
835 1715 999 1767 ἑαυτὸν
1025 1718 1092 1784 τῷ
1124 1715 1222 1784 ἰδίῳ
1251 1715 1421 1779 Πατρῖ,
1449 1715 1511 1766 ὡς
1545 1711 1711 1763 οὐδένα
1729 1721 1758 1762 d

54 1811 104 1836 ²0
124 1797 272 1864 λόγον
309 1799 512 1868 ἐχούσης
550 1799 616 1850 ἔτι
653 1801 736 1863 τῆς
774 1799 873 1849 κατ’
907 1798 1076 1849 οὐσίαν
1114 1798 1341 1859 διακοπῆς
1384 1797 1460 1845 καὶ
1506 1796 1712 1863 φυσικῆς

122 1880 405 1946 ἑτερότητος,
430 1885 467 1932 εἰ
505 1886 602 1935 τοῖς
641 1881 762 1934 ’ίσοις
800 1882 1045 1948 ἐπαυχοῖεν
1080 1877 1447 1944 κατορθώμασιν
1483 1875 1621 1930 αὐτός
1661 1898 1711 1927 τε

122 1965 198 2015 καὶ
225 1964 250 2013 ὁ
279 1963 464 2030 Πατήρ.

195 2044 376 2096 Ἐννόει
402 2045 495 2112 γὰρ
521 2044 648 2099 ὅπως
675 2046 758 2096 οὐκ
783 2046 832 2096 ἐν
856 2044 1038 2098 τούτοις
1064 2047 1209 2095 εἰπεῖν
1236 2043 1378 2107 ἡμεῖς,
1400 2041 1511 2092 ἀλλ’
1533 2042 1581 2091 ἐν
1605 2040 1703 2091 ἑτέ-

120 2150 220 2195 ροις
251 2130 350 2179 τισὶ
380 2126 467 2191 τὴν
490 2126 610 2193 πρὸς
645 2125 729 2178 τὸν
755 2125 879 2178 Θεὸν
905 2126 1218 2193 συμμορφίαν
1249 2123 1595 2188 ἐπιτηδεύοντες
1625 2125 1710 2187 τῆς

54 2222 102 2260 25
122 2208 241 2276 πρὸς
275 2209 417 2261 αὐτὸν
441 2210 681 2263 κοινωνίας
719 2208 990 2279 ἀξιούμεθα.
1046 2207 1405 2274 ἐποικτείροντες
1431 2205 1524 2272 γὰρ
1556 2204 1710 2269 ἀλλή-

122 2298 250 2362 λους,
271 2294 347 2342 καὶ
372 2296 468 2343 τῶν
492 2295 575 2356 τῆς
601 2291 787 2357 ἀγάπης
812 2291 961 2358 ἔργων
986 2291 1138 2359 ἀπρὶξ
1158 2288 1424 2359 ἐξημμένοι,
1443 2290 1518 2339 καὶ
1544 2292 1709 2338 πᾶσαν

122 2374 468 2439 ἐπιτηδεύοντες
500 2373 586 2438 τὴν
612 2375 660 2424 ἐν
685 2378 752 2444 τῷ
782 2374 891 2425 καθ’
921 2374 1042 2438 ἡμᾶς
1076 2373 1168 2442 βίῳ
1204 2371 1489 2435 σεμνότητα,
1515 2368 1621 2421 τότε
1648 2369 1705 2433 δὴ

121 2454 262 2520 μόλις
287 2457 335 2506 ἐν
362 2458 469 2525 Θεῷ
495 2453 609 2506 εἶναι
633 2455 888 2520 λεγόμεθα.
945 2457 1022 2506 καὶ
1049 2453 1228 2521 μάρτυς
1254 2455 1278 2504 ὁ
1304 2452 1525 2517 Ἰωάννης
1551 2452 1707 2517 λέγων

122 2545 150 2567 “
174 2539 261 2588 Ἐν
299 2537 448 2607 τούτῳ
487 2537 783 2602 γινώσκομεν
821 2537 892 2588 ὅτι
928 2538 977 2588 ἐν
1014 2538 1139 2605 αὐτῷ
1176 2536 1336 2598 ἐσμέν·
1399 2536 1424 2585 ὁ
1465 2535 1620 2599 λε’γων
1659 2534 1747 2583 ε’νε
1769 2533 1929 2617 {335⁰}st

53 2631 102 2667 30
121 2626 149 2649 ‘⁶
175 2620 301 2689 αὐτῷ
327 2619 478 2683 με’νειν
505 2619 685 2687 ὀφείλει
715 2617 868 2673 καθὼς
902 2619 1071 2671 ἐκεῖνος
1105 2616 1422 2683 περιεπάτησε
1458 2617 1532 2666 καὶ
1568 2613 1706 2668 αὐτὸς
1843 2601 1850 2614 ’

536 2702 612 2751 καὶ
659 2700 807 2751 πάλιν
852 2707 880 2730 “
905 2701 1078 2764 ‘nae-29,
1131 2701 1296 2768 φησιν,
1350 2697 1375 2749 ὃ
1425 2696 1504 2748 ἀπ’
1558 2698 1705 2764 ἀρχῆς
1769 2712 1887 2753 Ib.24.

470 2701 494 2717 9,

121 2707 150 2730 ‘⁶
173 2705 464 2768 περιπατεῖν,

172 2891 227 2925 23.
253 2880 357 2915 εἰπεῖν
375 2885 408 2913 et
425 2880 460 2914 ἐν
477 2880 534 2913 alt.
553 2885 734 2923 assumpta
751 2890 792 2913 ex
811 2879 853 2913 E.
1031 2886 1085 2921 27.
1113 2878 1294 2920 σεμνότητι
1315 2875 1355 2910 E.
1533 2876 1587 2910 28.
1615 2877 1633 2908 ὁ
1651 2887 1705 2909 as-

124 2933 308 2972 sumptum
326 2938 367 2960 ex
386 2926 427 2960 E.
