1971 3272
127 148 209 190 viii.
229 160 296 203 54.
508 156 581 196 IN
623 158 664 199 S.
700 160 1037 207 JOANNEM.
1102 169 1327 214 L1‘13.V1.
1630 182 1700 222 121

123 260 197 307 καὶ
236 257 321 322 τὴν
352 265 446 311 τῶν
480 264 628 328 ἁγίων
658 277 964 339 πατριαρχῶν
995 297 1045 324 τε
1084 280 1159 327 καὶ
1198 288 1459 349 προφητῶν
1484 294 1707 339 πατοῦντι

121 339 274 403 τιμήν
333 347 643 409 προσδοκῶσι
693 350 787 417 γὰρ
835 354 924 418 ἤδη
976 359 1052 407 καὶ
1104 353 1357 427 διαῤῥήδην
1408 368 1706 427 ἀναβοῶντος

120 421 386 487 ἀκούεσθαι,
416 427 471 476 δι’
499 425 564 477 ῶν
597 431 809 498 ἐρεθίζειν
839 436 1098 502 νομίζουσι,
1127 441 1181 492 τό
1212 446 1318 495 Τίνα
1354 451 1532 500 σεαυτὸν
1564 456 1701 507 ποιεῖς
1722 465 1749 505 d

118 504 418 569 κακοτρόπως
457 510 865 579 ἐπιφθεγγόμενοι,
909 518 1000 569 ὅτιΙ
1023 522 1191 588 μείζων
1230 528 1320 588 εἰμὶ
1364 531 1439 580 καὶ
1477 532 1703 598 “Αβραάμ

73 591 95 629 5
116 586 191 634 καὶ
217 590 311 636 τῶν
336 594 614 658 προφητῶν,
642 598 678 644 εἰ
706 600 781 646 καὶ
808 597 879 649 ὅτι
911 602 1128 662 μάλιστα
1162 613 1301 658 τοῦτο
1336 609 1493 675 λε’γων
1520 615 1701 679 ἀληθὴς

114 665 171 729 ἦν
195 667 219 716 ὁ
249 668 433 735 Κύριος,
462 674 647 741 ἐπείπερ
674 678 819 732 οὐδεὶς
846 682 1108 748 ἀνθρώπων
1136 687 1283 753 λόγος
1314 695 1376 745 εἷς
1405 692 1459 743 τὸ
1494 698 1696 761 συγκρί-

113 752 278 800 νεσθαι
305 755 412 822 Θεῷ
438 759 503 823 τῷ
529 756 689 822 πάσης
716 761 872 813 ἐπάνω
900 765 1091 832 φύσεως
1119 770 1290 835 ὁρατῆς
1316 796 1366 823 τε
1389 778 1465 825 καὶ
1493 781 1676 841 νοητῆς.

170 890 403 950 ἈΠεκρὶΘΗ
437 897 603 940 ἸΗσοῦε
636 901 742 944 Ἐὰν
780 905 866 950 ἵει-ὼ
904 907 1069 967 δοξάζω
1107 911 1304 965 ἐμαυτὸν,
1344 917 1367 956 ἡ
1407 917 1510 961 δόξα
1549 935 1628 967 μου
1717 934 1765 972 54

773 987 898 1031 οὐδὲν
935 991 1038 1033 ἐστι.
1714 1048 1735 1074 e

40 1088 87 1113 10
181 1074 355 1126 Βλέπει
381 1077 465 1140 μὲν
491 1078 615 1135 ἅπας
642 1084 667 1132 ὁ
693 1091 775 1135 τοῦ
801 1085 951 1153 λόγου
977 1090 1158 1146 σκοπὸς
1185 1094 1249 1148 ε’ίς
1278 1119 1326 1146 τε
1357 1104 1440 1148 τοῦ
1468 1100 1695 1166 Ἀβραὰμ

105 1158 189 1204 τοῦ
223 1156 359 1221 ἁγίου
392 1162 654 1226 πρόσωπον
682 1169 758 1216 καὶ
791 1173 885 1219 τῶν
911 1177 1186 1240 προφητῶν,
1213 1182 1611 1248 μετασχηματίζει
1648 1183 1695 1234 δὲ

103 1240 311 1292 πιθανῶς
349 1244 410 1294 εἷς
449 1243 614 1295 ἑαυτὸν
644 1245 698 1298 τὸ
738 1252 1027 1315 δηλούμενον
1061 1257 1085 1306 ὁ
1125 1257 1306 1324 Σωτὴρ,
1335 1262 1418 1311 οὐκ
1451 1263 1694 1328 ἀγνοήσας

101 1316 171 1368 ὅτι
204 1320 453 1389 πρόχειρος
491 1329 553 1380 εἰς
589 1328 737 1394 ὀργὴν
763 1334 839 1382 καὶ
875 1337 1162 1403 προφάσεως
1197 1339 1303 1408 δίχα
1337 1345 1420 1406 τῆς
1456 1348 1517 1398 εἰς
1554 1353 1692 1398 τοῦτο

101 1401 344 1468 καλούσης
380 1406 404 1455 ὁ
442 1411 716 1475 Φαρισαῖος,
753 1417 828 1464 καὶ
864 1417 1147 1483 προσθήκην
1174 1423 1242 1472 ἀεὶ
1276 1423 1394 1488 πρὸς
1430 1425 1484 1476 τὸ
1521 1431 1690 1494 χρῆναι

32 1493 78 1532 15
98 1488 363 1552 μιαιφονεῖν
398 1490 683 1558 ἀγριώτερον
720 1500 816 1546 πᾶν
855 1498 1008 1549 ὁτιοῦν
1046 1506 1141 1552 τῶν
1178 1507 1283 1569 περὶ
1324 1507 1466 1558 αὐτοῦ
1505 1514 1685 1560 λαλου-
1708 1536 1729 1560 a
1760 1529 1844 1563 578
1859 1530 1908 1564 A.

99 1566 249 1626 με’νων
280 1569 525 1638 ἐκδέχεται.
583 1578 1011 1644 φιλαμαρτήμονας
1047 1582 1141 1650 γὰρ
1178 1587 1203 1635 ὁ
1239 1587 1417 1654 φθόνος
1450 1590 1689 1655 ἐργάζεται

99 1645 206 1701 τοὺς
237 1650 285 1700 ἐν
310 1650 376 1705 οἷς
407 1651 465 1703 ἂν
491 1655 685 1721 γε’νοιτο,
713 1662 787 1710 καὶ
825 1661 1107 1730 θερμότερον
1134 1668 1371 1720 ἀναπείθει
1408 1673 1683 1740 δυσφορεῖν,

97 1732 173 1780 καὶ
209 1732 280 1800 ἐφ’
309 1733 376 1787 οἷς
411 1735 584 1799 ἥκιστα
615 1743 752 1806 χρῆν.
805 1745 1016 1796 τοιοῦτόν
1041 1770 1084 1797 τι
1120 1748 1169 1799 δὲ
1204 1755 1514 1816 παραδηλοῦν
1539 1754 1688 1806 πάλιν

97 1810 247 1864 ἐθέλει
287 1817 515 1882 Χριστός.
578 1822 822 1887 ἐπεπήδων
860 1824 1075 1879 Ἰουδαῖοι
1117 1832 1193 1880 καὶ
1231 1832 1553 1900 ἀντέπραττον
1591 1843 1686 1891 τοῖς

25 1910 75 1934 20
95 1895 204 1960 παρ’
255 1897 398 1949 αὐτοῦ
451 1904 722 1966 λεγομένοις
773 1906 869 1957 ἅνω
917 1931 967 1959 τε
1015 1913 1091 1961 καὶ
1143 1912 1271 1964 κάτω
1323 1913 1406 1965 τὸν
1457 1917 1685 1984 μακάριον

94 1975 319 2042 Ἀβραὰμ
365 1984 440 2031 καὶ
489 1982 598 2037 τοὺς
642 1987 893 2053 προφήτας
936 1991 1206 2058 κατακόρως
1248 1995 1563 2061 ὀνομάζοντες,
1608 2004 1683 2050 καὶ

94 2058 349 2125 διαῤῥήδην
388 2067 592 2123 βοῶντες
633 2073 660 2095 “
683 2065 769 2132 Μὴ
811 2069 875 2120 σι)
919 2071 1087 2137 μείζων
1130 2072 1172 2124 εἶ
1209 2081 1291 2126 τοῦ
1329 2077 1508 2143 πατρὸς
1550 2080 1681 2143 ἡμῶν
1742 2084 1879 2168 ῗὲᾞπζό

94 2144 122 2167 “
144 2139 383 2208 εΑβραοὶμ,
404 2144 536 2200 ὅστις
561 2148 794 2211 ἀπέθανες
824 2154 898 2202 καὶ
927 2156 968 2203 οἱ
994 2159 1237 2224 προφῆται
1264 2159 1544 2211 ἀπεθανον.”
1582 2160 1680 2213 εἶτα

91 2221 210 2287 πρὸς
252 2225 445 2289 τούτοις,
485 2232 558 2279 καὶ
603 2232 664 2284 ὡς
705 2236 762 2299 τῇ
801 2238 895 2284 τῶν
935 2236 1082 2301 ἁγίων
1124 2237 1392 2301 ἁλλόμενον
1434 2240 1563 2310 δόξῃ,
1605 2249 1724 2295 καὶὶ)

22 2312 69 2350 25
92 2305 453 2372 ὑπεραιρόμενον
505 2310 632 2362 πολὺ
683 2315 740 2378 δὴ
796 2317 907 2367 λίαν
959 2318 1072 2384 ὑπὲρ
1129 2321 1341 2383 ἐκείνους,
1392 2329 1680 2391 κατῃτιῶντο

90 2386 310 2451 λέγοντες
349 2396 376 2418 “
398 2392 519 2442 Τίνα
559 2394 763 2446 σεαυτὸν
800 2400 1006 2462 ποιεῖς;”
1049 2401 1137 2451 ἔδει
1177 2404 1334 2453 τοίνυν
1371 2404 1490 2471 πρὸς
1530 2413 1679 2458 ταῦτα

90 2472 262 2536 σαφῶς
301 2472 648 2539 ἀπολογεῖσθαι
687 2476 770 2528 τὸν
805 2481 995 2546 Κύριον,
1035 2485 1113 2533 καὶ
1150 2484 1307 2549 λέγειν
1346 2487 1565 2552 ἐναργῶς,
1605 2488 1677 2538 ὅτι

91 2551 331 2615 Κρείττων
356 2556 447 2616 εἰμὶ
473 2558 547 2606 καὶ
572 2557 740 2624 μείζων
764 2561 990 2627 εΑβραάμ
1017 2565 1093 2614 καὶ
1119 2570 1213 2615 τῶν
1242 2571 1515 2634 προφητῶν.
1563 2570 1674 2619 ἀλλ’

87 2632 170 2681 οὐκ
197 2630 255 2683 ἂν
282 2635 445 2686 οἰστὸν
468 2638 724 2702 ἐποιήσατο
750 2639 833 2692 τὸν
863 2643 1012 2709 λόγον
1040 2646 1064 2695 ὁ
1089 2646 1412 2714 μεγαλόφρων
1431 2648 1670 2703 Ἰουδαῖος·

133 2764 168 2798 8.
192 2763 274 2799 Ἐὰν
292 2766 334 2800 Β.
354 2767 395 2800 Εἰ
412 2767 507 2803 Aub.
526 2775 692 2805 neutrum
710 2772 815 2807 habet
835 2773 954 2809 Holst.
1150 2788 1203 2811 11.
1229 2780 1417 2822 πρόσωπον
1435 2782 1488 2814 καὶ
1505 2784 1571 2816 τῶν
1588 2797 1673 2827 προ-

87 2809 206 2854 φητῶν
222 2811 289 2846 hoc
307 2813 428 2848 ordine
448 2815 490 2849 B.
508 2818 696 2861 πρόσωπον
712 2823 794 2863 post
810 2822 999 2865 προφητῶν
1016 2827 1254 2868 transponunt
1274 2825 1337 2860 Ht.
1356 2826 1423 2861 Ed.
1522 2838 1574 2873 15.
1594 2830 1673 2874 παρ’

89 2857 228 2902 conjicit
247 2859 376 2904 Heyse.
570 2864 622 2898 18,
648 2863 697 2900 οἷς
716 2866 758 2899 Β.
779 2867 842 2901 Ht.
861 2867 899 2901 οὗ
917 2868 1012 2903 Aub.
1218 2882 1273 2905 21.
1301 2875 1493 2917 κατακόρως
1511 2876 1674 2910 emendat

91 2901 220 2961 {hysa
239 2908 422 2953 κατακόρος
445 2908 485 2943 Β.
501 2911 586 2944 κατὰ
605 2912 705 2955 κόρον
724 2912 787 2947 Ht.
807 2913 874 2948 Ed.
1088 2927 1142 2960 29.
1169 2917 1209 2951 ἂν
1227 2918 1345 2953 οἰστὸν
1362 2921 1523 2955 emendat
1543 2922 1672 2968 Heyse.

88 2963 246 2985 ανοιστον
263 2952 330 2988 Ed.

145 3016 239 3044 VOL.
262 3019 310 3046 ΙΙ.
897 3028 923 3054 R
