2011 3226
286 119 340 156 04
691 122 739 161 B.
775 121 1046 163 CYRILLI
1090 123 1471 165 ALEXANDR.
1705 126 1790 166 viii.
1808 140 1877 178 44.

285 228 352 280 τίς
381 226 438 278 ἂν
467 229 533 293 εἴη
562 235 734 299 σαφῶς
762 234 1035 298 διωρίσατο·
1081 233 1196 296 αὐτὴ
1224 233 1316 299 γὰρ
1345 237 1405 287 ὡς
1435 236 1482 285 ἐν
1509 235 1688 300 ὀλίγοις
1724 235 1751 298 ἦ
1785 239 1880 285 τῶν

285 311 600 374 προκειμένων
638 315 892 379 προπέτεια
937 313 1347 382 πολλὴνὲχουσα
1388 315 1473 380 τὴν
1513 316 1765 385 ἀσάφειαν,
1805 319 1880 367 καὶ

284 392 517 452 βασάνων
558 399 653 445 τῶν
694 395 750 464 ἐξ
793 396 1032 461 ἀκριβείας
1080 396 1151 446 ὅτι
1197 396 1415 493 μάλιστα
1459 398 1669 462 δεομένη.
1729 397 1880 459 βαθὺς

285 473 378 573 γὰρ
405 476 430 526 ὁ
455 478 561 542 περὶ
588 475 757 528 τούτου
783 475 929 542 λόγος
964 500 1039 528 και
1074 479 1157 528 οὐκ
1195 477 1478 533 εὐκάτοπτος
1503 477 1630 542 οἶμαι
1654 484 1874 534 πολλοῖς·

285 556 403 607 ὅσον
429 556 513 620 μὲν
544 557 637 625 γὰρ
673 562 736 613 εἰς
770 558 857 622 τὴν
886 559 998 628 ἐξ
977 560 1162 622 ετοίμου
1201 563 1444 628 ληφθῆναι
1483 562 1742 626 δυναμενην
1772 560 1921 613 διά-5

61 650 214 684 559Α
246 661 428 700 ·ινοιαν,
456 640 544 706 οὐχ
583 639 738 706 ἕτερόν
769 664 873 691 τινα
907 646 1002 695 τοῖς
1028 642 1271 695 Ἰουδαιοις
1309 641 1505 708 ὁρίζεται
1538 666 1716 710 πατερα
1749 667 1880 710 παρα

283 719 366 770 τὸν
383 720 440 788 ἐξ
456 722 656 787 οὐρανοῦ
680 722 1106 787 κατολισθήσαντα
1130 746 1357 776 σαταναν.
1386 725 1496 775 ἀλλ’
1518 726 1567 775 ἐν
1586 729 1682 779 τοῖς
1708 725 1879 794 ἐφεξῆς

283 803 493 866 κείμενον
519 805 580 857 ὡς
606 806 712 870 περὶ
738 810 820 855 τοῦ
845 805 1162 871 διορισθέντος
1189 806 1345 860 αὐτοῖς
1371 804 1565 871 πατρὸς,
1591 805 1652 857 ὅτι
1676 805 1879 876 ψεύστης

284 885 373 934 ἐστὶ
406 882 552 940 καθεὶς
582 888 661 936 καὶ
698 892 715 937 o‘
750 885 896 954 πατὴρ
924 889 1067 950 αὐτοῦ,
1095 891 1291 954 θορυβεῖ
1318 911 1418 941 πως
1451 889 1585 952 ἡμᾶς,
1612 892 1804 951 μᾶλλον
1829 887 1879 938 δὲ

283 966 337 1016 οὐ
374 967 570 1032 μετρίως
609 969 861 1034 ἐπαπορεῖν
900 969 1160 1036 ἀναγκάζει.
1228 971 1332 1020 τίνα
1377 969 1471 1035 γὰρ
1519 969 1578 1021 τὰ
1620 970 1775 1022 εἰκότα
1820 969 1877 1034 δὴ

283 1051 569 1114 φρονοῦντες
596 1049 984 1114 ὑποτοπήσαιμεν
1011 1050 1069 1102 ἂν
1095 1051 1318 1117 γενέσθαι
1343 1056 1410 1121 τῷ
1436 1051 1650 1121 διαβόλῳ
1682 1052 1877 1119 πατερα,

281 1128 310 1193 ἢ
348 1131 416 1183 τίς
452 1130 546 1194 πρὸ
583 1132 725 1182 αὑτοῦ
764 1132 1062 1184 κατώλισθεν
1088 1134 1240 1200 ἕτερος
1271 1131 1399 1203 ᾧπερ
1425 1133 1482 1185 ἂν
1509 1136 1570 1188 ὡς
1596 1136 1644 1185 ἐν
1670 1134 1775 1185 ε’ίδει
1801 1137 1878 1185 καὶ

281 1210 442 1281 τρόπῳ
480 1213 505 1263 ὁ
541 1213 638 1275 μετ’
667 1213 811 1264 αὑτὸν
835 1214 1190 1282 παρεικάζοιτο,
1236 1217 1284 1267 ἐν
1309 1215 1394 1280 μὲν
1419 1215 1512 1282 γὰρ
1543 1221 1639 1270 τοῖς
1666 1220 1801 1283 ἱεροῖς
1827 1239 1877 1267 τε

236 1298 261 1338 b
281 1294 355 1343 καὶ
395 1294 533 1348 θείοις
571 1294 852 1361 γράμμασιν
885 1298 967 1347 οὐκ
1006 1298 1064 1348 ἄν
1099 1321 1169 1352 τις
1207 1298 1317 1362 ἡμῖν
1352 1298 1628 1367 ἐπιδείξοιτο
1666 1303 1877 1350 τοιοῦτον

1902 986 1950 1011 10

1837 1386 1946 1425 „15

280 1374 593 1440 ἀνάγνωσμα·
649 1377 945 1444 παραδεκτὸν
978 1378 1027 1430 δὲ
1067 1380 1280 1443 οὐδαμῶς
1319 1384 1381 1433 εἷς
1418 1381 1583 1431 πίστιν
1615 1379 1640 1431 ὃ
1675 1380 1740 1445 μὴ
1775 1403 1876 1435 ταις

280 1457 612 1512 θεοπνεύστοις
663 1459 839 1525 ε’ίρηται
890 1465 1112 1529 γραφαῖς.
1183 1467 1367 1525 πνεῦμα
1412 1461 1507 1528 γὰρ
1555 1460 1682 1513 ἅπαν
1727 1461 1782 1513 τὸ
1827 1464 1877 1513 ἐν

284 1541 477 1603 δαίμοσι
513 1547 682 1592 τελοῦν
709 1544 770 1594 ὡς
806 1543 1037 1604 διαβόλου
1073 1543 1234 1595 τέκνον
1260 1549 1473 1598 σατανᾶς
1510 1549 1721 1595 καλεῖται
1757 1543 1877 1596 κατὰ

57 1612 219 1687 {liMssgth
282 1621 336 1672 τὸ
376 1622 616 1688 εἰρημένον
651 1623 783 1690 παρὰ
816 1630 899 1675 τοῦ
934 1628 1157 1691 Σωτῆρος
1191 1626 1322 1690 ἡμῶν
1348 1629 1566 1692 Χριστοῦ
1593 1634 1619 1656 “
1641 1630 1699 1677 Εἰ
1737 1627 1819 1677 οῦν
1851 1627 1877 1677 ὁ

282 1710 310 1732 “
335 1710 547 1758 σατανᾶς
597 1704 679 1756 τὸν
725 1711 941 1757 σατανᾶν
987 1708 1228 1770 ἐκβάλλει,
1274 1709 1347 1776 ἐφ’
1395 1707 1561 1759 ἑαυτὸν
1604 1706 1875 1775 ἐμερίσθη·”

280 1787 392 1836 ἀλλ’
422 1787 502 1836 ἕνα
536 1791 629 1837 τῶν
656 1787 823 1839 ἄλλων
849 1789 1120 1856 προῦχοντά
1155 1812 1204 1840 τε
1240 1791 1315 1840 καὶ
1352 1790 1679 1857 ὑπερκείμενον
1704 1792 1877 1841 ἐκεῖνον

280 1867 551 1932 ἠκούσαμεν
577 1868 696 1935 πρὸς
730 1868 783 1919 ὃν
810 1869 990 1935 εἴρηταί
1020 1893 1112 1921 που
1150 1869 1225 1921 διὰ
1260 1876 1343 1922 τοῦ
1378 1871 1629 1940 προφήτου
1654 1870 1877 1937 Ἰεζεκιήλ

55 1930 168 2004 ξ’χΖΪῘῖῑ.
240 1972 260 1997 c
280 1957 307 1979 ‘⁶
335 1950 402 2001 Σὺ
430 1949 472 2001 εἷ
495 1950 887 2019 ἀποσφράγισμα
915 1952 1187 2015 ὁμοιώσεως
1214 1955 1288 2003 καὶ
1316 1953 1557 2022 στέφανος
1588 1953 1799 2008 κάλλους
1827 1955 1876 2004 ἐν

58 2026 172 2056 ¹²²¹3'
280 2039 307 2060 ‘⁶
334 2036 392 2099 τῇ
437 2037 595 2101 τρυφῇ
642 2039 726 2083 τοῦ
770 2035 1063 2100 παραδείσου
1106 2041 1190 2086 τοῦ
1235 2038 1361 2088 Θεοῦ
1411 2038 1669 2101 γεννηθεὶς,
1718 2036 1876 2088 πάντα

279 2121 306 2142 “
334 2114 472 2164 λίθον
515 2113 732 2181 χρηστὸν
777 2115 1047 2166 ἐνδε’δυσο.”
1103 2118 1207 2167 τίνα
1252 2117 1408 2168 τοίνυν
1450 2116 1676 2186 ὑπάρχειν
1717 2118 1876 2185 ἕτερον

279 2195 583 2261 ἀνεγκλήτως
623 2196 1005 2260 ὑποτοπήσομεν,
1044 2197 1165 2264 πρὸς
1204 2197 1257 2249 ’ὸν
1292 2199 1427 2253 οὗτος
1466 2199 1737 2268 ἐμορφώθη,
1773 2199 1873 2251 κατ’

280 2275 398 2331 εἶδος
436 2278 565 2342 λε’γω
604 2277 658 2328 τὸ
696 2279 743 2328 ἐν
778 2278 1076 2347 φαυλότητι,
1123 2279 1242 2333 τινὲς
1280 2280 1365 2344 μὲν
1399 2280 1494 2347 γὰρ
1534 2286 1629 2331 τῶν
1663 2288 1869 2332 παλαιο-

280 2359 427 2424 τέρων
459 2360 703 2427 ἐξηγητῶν
738 2359 797 2410 τὰ
835 2361 883 2410 ἐν
915 2364 981 2430 τῷ
1019 2361 1307 2431 προκειμένῳ
1346 2360 1764 2426 διαλαμβάνοντες,
1790 2360 1875 2413 τὸν

279 2440 365 2503 μὲν
403 2442 599 2508 ἀρχαῖον
637 2442 809 2492 ἐκεῖνον
849 2446 1078 2505 σατανᾶν,
1112 2442 1161 2496 ὃς
1204 2445 1279 2494 καὶ
1319 2448 1413 2494 τῶν
1447 2443 1615 2494 ἄλλων
1650 2443 1873 2495 ἁπάντων

332 2610 361 2633 1.
388 2600 433 2634 ὡς
450 2604 673 2643 assumptum
691 2611 731 2633 ex
753 2599 795 2633 B.
922 2610 954 2633 2.
980 2600 1208 2643 προκειμένων
1224 2598 1425 2645 προπέτεια]
1445 2613 1678 2644 προκρημενον
1695 2588 1873 2641 πῖκιπέτια

284 2646 325 2679 B.
345 2645 542 2679 emendavit
563 2646 680 2680 Holst.
852 2657 886 2690 5.
911 2646 972 2690 μὲν
989 2652 1214 2691 assumptum
1231 2658 1273 2680 ex
1294 2646 1335 2680 B.
1424 2645 1615 2691 ληφθῆναι]
1636 2646 1680 2690 μὴ
1698 2647 1873 2691 ληφθῆναι

285 2691 347 2725 Ht.
369 2691 434 2726 Ed.
623 2703 655 2750 9.
683 2707 753 2727 πως
770 2699 994 2737 assumptum
1012 2704 1053 2726 ex
1074 2693 1115 2727 B.
1310 2703 1362 2727 12.
1389 2694 1506 2737 ὥσπερ
1528 2692 1569 2726 Β.
1592 2692 1655 2727 Ht.
1673 2692 1872 2727 emendavit

282 2738 375 2771 Aub.
473 2738 552 2772 εἴδει
578 2740 692 2785 τρόπῳ
713 2738 754 2773 Β.
777 2739 840 2772 Ht.
859 2739 1058 2773 emendavit
1076 2739 1171 2774 A.ub
1224 2743 1245 2757 “
1262 2739 1386 2773 Malim
1407 2739 1442 2773 ἐν
1459 2738 1540 2773 εἴδει
1562 2740 1717 2783 τρόπου”
1738 2739 1870 2784 Heyse.

286 2794 338 2825 14.
365 2785 564 2828 γράμμασιν
583 2785 624 2819 Β.
645 2786 913 2830 συγγράμμασιν
934 2786 996 2819 Ht.
1017 2785 1084 2820 Ed.
1183 2786 1261 2830 ἡμῖν
1280 2786 1321 2819 Β.
1340 2786 1417 2830 ὑμῖν
1435 2785 1502 2820 Ed.
1599 2785 1808 2828 ἐπεδειξοιτο
1826 2785 1869 2819 Β.

282 2829 444 2872 ἐπιδείξω
462 2833 499 2864 τὸ
518 2831 681 2865 emendat
702 2832 780 2877 Hey
784 2844 832 2866 se.
1088 2842 1143 2875 25.
1171 2832 1451 2889 ὑποτοπὴσομεν
1454 2832 1496 2866 Β.
1514 2831 1785 2875 ὑποτοπὴσωμεν
1802 2830 1870 2865 Ed.

283 2876 354 2956 26d
366 2877 600 2921 παλαιοτερων
619 2878 660 2914 Β.
679 2878 757 2923 παρ’
777 2878 900 2923 ἑτέρων
920 2879 983 2914 Ht.
1002 2878 1068 2913 Ed.
1353 2879 1407 2913 28.
1435 2877 1590 2913 ἁπάντων
1607 2878 1786 2922 δαιμονίων
1802 2876 1870 2912 hoc

280 2933 320 2955 or
348 2934 402 2956 me
423 2922 464 2956 B.

1897 1803 1947 1829 20
