2037 3266
335 130 417 168 (5:36
736 132 784 171 B.
818 131 1088 172 CYRILLI
1130 131 1507 172 ALEXANDR.
1743 125 1826 167 xvi.
1850 139 1912 177 14.

332 245 578 294 παντελῶς
628 243 703 291 καὶ
745 243 981 307 λοιδορίας
1022 242 1213 305 ἁπάσης
1255 241 1346 309 ἔξω
1392 242 1609 298 κείσεται,
1651 238 1705 290 τὸ
1747 241 1913 298 λαβεῖν

332 322 563 387 λέγεσθαί
609 345 651 373 τι
709 323 839 388 παρὰ
898 329 981 374 τοῦ
1040 327 1343 388 Μονογενοῦς
1397 322 1451 372 τὸ
1504 326 1698 384 Πνεῦμα
1757 321 1910 370 αὐτοῦ.

331 403 496 468 προὶὸν
521 404 615 469 γὰρ
649 403 703 455 δι’
734 405 875 455 αὐτοῦ
906 408 1134 472 φυσικῶς,
1163 406 1225 457 ὡς
1257 403 1372 454 ἰ’διον
1397 404 1553 465 αὑτοῦ,
1580 401 1698 466 μετὰ
1723 401 1913 453 πάντων

331 482 395 534 ὡν
420 484 511 552 ἔχει
545 486 742 548 τελείως,
771 485 1035 548 λαμβάνειν
1060 486 1248 551 λεγεται
1287 484 1346 535 τὰ
1386 486 1545 535 αὑτοῦ.
1600 507 1638 534 ει
1679 483 1725 534 δὲ
1760 505 1913 550 παχυ-

293 587 314 613 c
333 589 483 632 τεραις
519 566 572 618 τὸ
606 573 816 618 τοιοῦτον
839 565 1082 630 ἐσημανθη
1110 572 1301 635 φωναῖς,
1329 566 1525 634 ἀφέντες
1563 565 1616 616 τὸ
1656 564 1954 620 σκανδαλί-5

331 649 506 715 ζεσθαι,
546 650 729 701 δικαίως
768 647 824 698 ἂν
862 653 1052 712 μᾶλλον
1090 651 1173 712 τῆς
1211 648 1387 699 ἑαυτῶν
1426 647 1644 713 γλώττης
1683 645 1913 697 αἰτιασαί-

330 735 449 793 μεθα
492 730 577 794 τὴν
620 731 868 797 πτωχείαν,
913 731 995 781 οὐκ
1040 730 1330 797 ἀντεχούσης
1374 734 1516 781 εἰπεῖν
1557 727 1617 780 τὰ
1661 729 1912 794 θεοπρεπῆ,

329 814 437 863 καθ’
467 811 519 863 ὃν
545 812 631 862 ε’δει
657 811 848 878 τρόπον.
905 817 1036 864 ποῖος
1061 811 1153 877 γὰρ
1179 811 1326 876 λόγος
1352 813 1434 862 οὐκ
1458 809 1668 862 ἐλάττων
1694 811 1796 860 ἐστι
1830 812 1913 872 τῆς

329 893 533 961 ἀρῥήτου
567 893 758 962 φύσεώς
791 917 841 945 τε
880 916 955 944 και
994 892 1166 961 δόξης5
1209 896 1462 959 ἀναγγελεῖ
1490 897 1737 959 τοιγαροῦν
1761 895 1913 990 φησιν

329 979 427 1044 ὑμιν
453 977 504 1027 ἐκ
530 1000 598 1026 του
626 999 728 1043 εμου
754 975 921 1036 λαβὼν
949 976 973 1025 ὁ
998 974 1328 1041 Παρακλητος,
1355 997 1611 1036 τουτεστιν,
1637 974 1724 1041 οὐχ
1757 972 1913 1040 ετερόν
1936 997 1983 1021 10

329 1080 373 1107 τι
414 1057 622 1120 λαλήσει
666 1080 796 1123 παρα
840 1056 922 1108 τὸν
963 1058 1012 1107 ἐν
1053 1058 1153 1120 ἐμοὶ
1205 1056 1402 1119 σκοπὸν,
1446 1080 1520 1107 και
1573 1057 1758 1121 ἐπειπερ
1809 1056 1912 1106 ε’στι

332 1143 526 1203 Πνεῦμα
548 1139 672 1202 ἐμὸν,
699 1139 1045 1204 ταυτολογήσει
1076 1137 1132 1203 δὴ
1159 1137 1358 1200 πάντως,
1387 1141 1460 1189 καὶ
1495 1137 1554 1188 τὰ
1587 1139 1636 1188 ἐκ
1669 1142 1763 1188 τῶν
1789 1138 1912 1201 ἐμῶν

329 1225 583 1288 ἀναγγελεῖ
605 1219 898 1284 θελημάτων.

284 1329 310 1368 d
