2037 3266
323 146 408 186 462
726 145 777 185 Β.
811 144 1092 186 CYRILLI
1132 143 1516 184 ALEXANDR.
1743 143 1826 183 xiv.
1851 152 1913 195 15.

325 252 600 320 ὁλοκλήρως
635 253 957 318 διασπασμὸν,
985 253 1067 305 τὸν
1102 258 1164 307 εἰς
1195 253 1399 304 ἕκαστον
1431 257 1526 304 τῶν
1552 251 1917 317 σημαινομένων

325 336 461 404 φημί.
513 335 844 399 διακεισόμεθα
882 336 976 402 γὰρ
1016 340 1300 405 φρονοῦντες
1339 336 1502 401 ὀρθῶς,
1536 336 1598 387 ὡς
1636 336 1685 385 ἐκ
1725 331 1917 398 Πατρός

324 440 373 468 τε
413 420 514 468 ἐστὶ
554 421 629 469 καὶ
667 421 715 468 ἐν
746 421 900 485 Πατρὶ
927 422 1141 486 φυσικῶς
1173 418 1197 467 ὁ
1229 415 1358 479 Υἱὸς,
1393 417 1450 485 ἐξ
1485 417 1627 467 αὑτοῦ
1666 438 1716 466 τε
1754 417 1828 466 καὶ
1868 417 1917 466 ἐν

325 501 464 568 αὐτῷ,
492 501 567 550 καὶ
599 498 654 551 τὸ
686 500 800 550 ἴδιον
827 501 970 550 αὐτοῦ
1002 522 1051 550 τε
1083 502 1157 549 καὶ
1189 505 1272 549 τοῦ
1298 503 1416 549 Υἰοῦ
1448 502 1659 561 Πνεῦμα,
1687 498 1916 560 τουτέστι,

325 581 380 633 τὸ
415 580 604 648 ΓἈγιον.
677 585 785 645 μιᾶς
834 586 1084 647 τοιγαροῦν
1127 582 1274 644 οὔσης
1325 604 1373 630 τε
1421 583 1495 630 καὶ
1542 579 1791 642 νοουμένης
1833 582 1959 642 τῆς5

327 663 447 714 κατὰ
489 663 638 731 φύσιν
677 661 910 726 θεότητος,
942 664 997 713 δι’
1030 666 1149 713 Υἰοῦ
1188 661 1319 728 παρὰ
1359 661 1551 727 Πατρός
1589 663 1637 712 ἐν
1675 660 1917 724 Πνεύματι

327 751 423 799 τοῖς
468 746 615 813 ἀξίοις
663 745 722 794 τὰ
765 743 875 810 παρ’
920 745 1075 797 αὐτοῖς
1125 742 1521 811 χορηγηθήσεται,
1573 746 1645 794 καὶ
1699 743 1758 793 τὰ
1805 747 1915 807 παρ’

329 828 460 891 ἡμῶν
497 831 559 880 εἰς
600 826 725 876 Θεὸν
766 825 1150 893 ἀπενεχθήσεται,
1195 824 1523 889 μεσιτεύοντος
1569 823 1789 889 δηλονότι
1834 829 1918 874 τοῦ

103 912 212 986 ἓέΓΡΥὲ
329 913 461 961 Υἰοῦ·
496 916 522 938 “
540 909 708 962 Οὐδεὶς
751 907 844 974 γὰρ
890 908 1072 975 ἔρχεται
1113 907 1233 973 πρὸς
1271 906 1353 958 τὸν
1393 907 1599 972 Πατέρα,
1638 911 1675 957 εἰ
1713 905 1778 970 μὴ
1817 905 1873 957 δι’
1890 907 1914 922 ”

106 1005 194 1038 806
210 1004 259 1038 A·
291 993 485 1054 ἃαῦτοῦ,
526 990 737 1056 καθάπερ
777 990 939 1052 ἀμέλει
980 989 1312 1055 διωμολόγησε
1351 992 1424 1039 καὶ
1464 987 1616 1041 αὐτός·
1661 988 1780 1054 θύρα
1814 1010 1913 1037 τοι·
1941 1006 1989 1030 10

330 1080 508 1140 γαροῦν
535 1076 609 1124 καὶ
636 1073 742 1125 ὁδὸς
768 1076 850 1136 τῆς
886 1071 1003 1138 πρὸς
1033 1071 1157 1122 Θεὸν
1181 1076 1255 1122 καὶ
1286 1071 1480 1136 Πατέρα
1515 1070 1678 1139 φιλίας
1713 1093 1761 1120 τε
1800 1070 1917 1132 ὁμοῦ

328 1159 404 1208 καὶ
439 1155 657 1222 προόδου,
684 1153 854 1221 γέγονέ
873 1177 923 1205 τε
954 1156 1028 1205 καὶ
1061 1155 1192 1205 ἔστιν
1219 1155 1244 1204 ὁ
1269 1153 1400 1215 Υἱὸς,
1430 1155 1505 1203 καὶ
1531 1155 1612 1215 τῆς
1638 1152 1746 1218 παρ’
1776 1152 1918 1201 αὐτοῦ

328 1241 503 1305 δωρεᾶς
546 1237 784 1303 συνδοτήρ
828 1259 876 1287 τε
922 1238 1038 1300 ὁμοῦ
1083 1239 1159 1286 καὶ
1204 1235 1464 1299 διανομεῦς,
1511 1237 1573 1287 ὡς
1621 1236 1673 1284 ἐκ
1718 1237 1826 1295 μιᾶς
1869 1256 1918 1283 τε

327 1319 424 1384 ἅμα
456 1322 531 1372 καὶ
563 1323 716 1384 κοινῆς
749 1319 1037 1388 φιλοτιμίας.
1094 1319 1176 1382 μία
1204 1318 1296 1384 γὰρ
1324 1318 1351 1381 ἡ
1384 1320 1466 1379 τῆς
1502 1315 1722 1379 θεότητος
1758 1315 1917 1383 φύσις,

326 1405 376 1453 ἐν
416 1402 663 1471 προσώπῳ
707 1425 754 1452 τε
801 1403 876 1452 καὶ
929 1400 1194 1452 ὑποστάσει
1244 1399 1436 1465 Πατρός
1477 1421 1527 1449 τε
1572 1400 1647 1448 καὶ
1689 1401 1807 1449 Υἱοῦ
1842 1400 1915 1447 καὶ
1942 1418 1987 1454 15

326 1485 494 1550 Ἀγίου
536 1484 824 1547 Πνεύματος.
893 1483 1048 1546 ἐπειδὴ
1089 1482 1136 1533 δὲ
1176 1481 1406 1545 ἀσύνηθες
1444 1504 1545 1534 πως
1583 1485 1678 1534 τοῖς
1718 1482 1910 1546 ἀρχαιο-

326 1566 477 1633 τέροις
516 1569 590 1617 καὶ
629 1565 985 1629 ἀνεπιτήδευτον
1023 1563 1080 1628 ἧν
1120 1565 1184 1615 ε”τι
1222 1564 1277 1614 τὸ
1317 1565 1371 1614 δι’
1404 1567 1522 1613 Υἰοῦ
1560 1561 1917 1629 προσέρχεσθαι

327 1653 394 1720 τῷ
457 1650 627 1715 Πατρῖ,
685 1648 896 1698 διδάσκει
958 1649 1033 1698 καὶ
1097 1652 1237 1697 τοῦτο
1301 1645 1564 1713 χρησίμως,
1622 1647 1697 1695 καὶ
1754 1642 1918 1709 ὥσπερ

284 1737 310 1777 b
328 1731 430 1783 τινὰ
470 1733 672 1797 κρηπῖδα
711 1736 792 1780 τοῦ
830 1729 1109 1795 πράγματος
1148 1731 1197 1779 ἐν
1227 1733 1325 1781 τοῖς
1364 1728 1493 1780 ἰδίοις
1531 1731 1763 1790 μαθηταῖς
1801 1748 1918 1791 προ-

328 1814 651 1875 καταβοίλλων
679 1814 753 1863 καὶ
788 1810 875 1875 τὴν
900 1813 975 1862 ἐπὶ
1011 1812 1162 1880 τούτῳ
1194 1812 1358 1861 πίστιν
1384 1833 1432 1860 τε
1469 1812 1544 1860 καὶ
1579 1810 1811 1872 μάθησιν,
1842 1810 1917 1859 καί
1939 1829 1988 1853 20

328 1901 390 1951 εἰς
416 1897 535 1960 ἡμᾶς
561 1893 728 1948 αὐτοὺς
763 1895 1065 1960 παραπέμπει
1102 1896 1177 1944 καὶ
1210 1895 1292 1956 τῆς
1328 1894 1600 1959 προσευχῆς
1633 1890 1715 1941 τὸν
1742 1889 1917 1955 τρόπον

328 1982 403 2030 καὶ
442 1981 525 2042 τῆς
563 1979 752 2030 ἐλπίδος
785 1976 870 2040 τὴν
905 1975 1135 2040 δήλωσιν.
1193 1974 1440 2026 ἐπιδώσειν
1464 1972 1557 2039 γὰρ
1596 1972 1734 2026 αὐτὸς
1772 1972 1831 2023 τὰ
1869 1974 1918 2023 ἐν

331 2063 486 2128 εὐχαῖς
520 2060 630 2123 ἡμῖν
655 2056 1020 2124 ἐπαγγέλλεται,
1049 2060 1219 2122 δεῖγμα
1251 2060 1333 2120 τῆς
1367 2055 1487 2107 κατὰ
1523 2054 1673 2123 φύσιν
1701 2054 1919 2118 θεότητος

329 2145 404 2195 καὶ
442 2145 525 2206 τῆς
563 2141 760 2205 ἐνούσης
799 2141 924 2210 αὐτῷ
963 2142 1220 2204 βασιλικῆς
1258 2139 1490 2208 ἐξουσίας,
1532 2140 1607 2187 καὶ
1645 2142 1783 2187 τοῦτο
1821 2142 1917 2190 τοῖς

329 2226 498 2278 ἄλλοις
535 2222 820 2289 προστιθείς.
1938 2238 1987 2276 25

265 2370 310 2408 15
540 2365 646 2406 Ἐὰν
685 2365 879 2412 ἀΓαΠᾶτέ
916 2379 981 2417 με,
1017 2363 1094 2405 τὰς
1130 2363 1308 2404 ἐντολάς
1346 2377 1425 2410 μου
1463 2361 1694 2418 τΗρέισατε.

290 2444 312 2470 C
489 2477 509 2487 Α
681 2473 692 2490 ἱ
806 2477 815 2489 ’
872 2477 891 2485 Α
995 2472 1004 2486 )
1121 2471 1133 2486 Ι
1297 2471 1305 2485 )
1343 2471 1356 2486 X
1454 2473 1472 2481 Α
1535 2469 1545 2483 ἳ
1593 2468 1602 2482 Ι
1813 2467 1823 2481 9
1893 2472 1913 2481 Α

403 2479 588 2541 Χρηναι
637 2496 722 2536 μεν
771 2495 913 2523 αιτειν
961 2493 1235 2538 ευχομενους
1284 2493 1358 2520 επι
1408 2492 1475 2538 τῳ
1525 2491 1717 2531 ονοματι
1769 2489 1914 2517 αυτου

330 2556 626 2624 διατεταχὼς,
670 2553 957 2623 χορηγήσειν
1002 2553 1050 2604 δὲ
1098 2557 1196 2606 τοῖς
1247 2555 1460 2602 αἰτοῦσιν
1505 2549 1642 2603 αὐτὸς
1692 2548 1807 2615 ὅπερ
1859 2548 1916 2598 ἂν

329 2639 598 2702 βούλωνται
625 2642 791 2698 λαβεῖν
818 2635 1202 2702 ὑπισχνούμενος,
1230 2634 1461 2702 φροντίδα
1495 2636 1692 2684 ποιεῖται
1724 2629 1916 2693 πολλὴν

331 2728 414 2773 τοῦ
451 2719 515 2785 μὴ
562 2719 902 2788 διαψεύδεσθαι
945 2720 1094 2768 δοκεῖν
1133 2715 1209 2766 διὰ
1246 2715 1330 2769 τὰς
1368 2719 1462 2765 τῶν
1500 2711 1730 2765 εἰωθότων
1770 2716 1912 2780 φιλο-
1935 2733 1984 2767 3ο

380 2857 424 2887 6-
427 2855 459 2888 8.
486 2852 805 2896 ε’ν-μεσιτεύοντος
822 2864 891 2887 om.
912 2851 1000 2896 (ab
989 2866 1025 2887 ος
1042 2850 1086 2885 ad
1104 2865 1140 2886 ος
1158 2850 1288 2884 Scilicet
1306 2849 1519 2891 transiliens)
1540 2847 1580 2881 E.
1714 2856 1766 2879 10.
1793 2846 1915 2889 διωμο-

330 2903 462 2980 λόγηοέ
474 2901 523 2981 lE.
542 2901 772 2945 διωμολόγηκε
791 2900 858 2935 Ed.
1048 2909 1100 2932 12.
1126 2899 1144 2931 ὁ
1162 2908 1232 2931 om.
1254 2896 1294 2930 Ε.
1484 2894 1538 2929 26.
1564 2891 1733 2937 τηρήσατε
1754 2892 1794 2926 Ε.
1813 2891 1913 2937 τηρή-

332 2962 410 2982 σετε
463 2960 474 2980 t
