2037 3266
319 132 404 175 466
721 142 773 182 B.
806 141 1081 182 CYRILLI
1123 141 1505 182 ALEXANDR.
1651 140 1737 181 xiv.
1759 139 1824 189 16,
1845 147 1910 190 17.

321 244 447 309 ὅμως
478 247 564 312 τὴν
592 250 640 300 ἐν
665 254 761 304 τοῖς
788 251 898 302 καθ’
927 251 1062 314 ἡμᾶς,
1089 254 1152 304 εἷς
1178 250 1265 314 τὴν
1291 255 1386 302 τῶν
1413 249 1529 316 ὑπὲρ
1554 255 1700 301 ταῦτα
1730 256 1914 312 πληρο-

322 329 494 395 φορίαν
521 330 773 399 δεχόμενοι,
801 331 1013 398 καθάπερ
1051 333 1100 383 ἐν
1130 332 1351 403 ἐσόπτρῳ
1391 334 1467 383 καὶ
1502 334 1550 383 ἐν
1582 332 1819 398 αἰνίγματι
1853 326 1914 379 τὰ

323 414 424 462 θεῖα
451 419 644 477 νοοῦμεν
670 413 926 481 μυστήρια.

286 543 307 569 θ

260 614 306 649 16
330 617 453 666 ΚάΓὼ
489 618 703 675 ἐρωτήσω
742 619 813 660 τὸν
838 619 1027 675 Πατέρα,
1055 618 1124 660 καὶ
1162 619 1296 660 ἄλλον
1327 621 1606 676 ΠαράκλΗτον
1638 617 1769 660 δώσει
1805 613 1914 667 ὑμῖν,

261 700 304 739 Ῑ7
393 701 461 742 ἵνα
502 698 525 759 ᾗ
564 702 656 749 μεθ’
688 702 805 750 ὑμῶν
841 699 902 742 eie
938 701 1012 744 τὸν
1049 699 1202 753 αἰῶνα,
1234 702 1283 744 τὸ
1321 705 1487 751 Πνεῦμα
1524 707 1599 744 τῆς
1637 699 1858 751 timaeum,
1892 699 1957 740 65

392 784 415 826 ὁ
443 785 599 833 κόσμος
627 785 674 825 οὐ
703 784 878 826 δύναται
906 782 1065 837 λαβεῖν,
1092 786 1157 827 ὅτι
1184 785 1231 826 οὐ
1261 785 1418 843 Θεωρεῖ
1447 785 1549 827 αὐτὸ
1584 784 1684 826 οὐδὲ
1718 782 1916 831 Γινώσκει

393 866 510 908 αὐτό·
552 865 669 916 ὑμεῖς
708 867 938 915 Γινώσκετε
977 867 1096 919 αὐτὸ,
1123 870 1188 912 ὅτι
1226 869 1320 925 Παρ’
1354 865 1448 917 ὑμῖν
1483 869 1601 917 με’νει
1640 867 1708 908 καὶ
1745 867 1788 908 ἐν
1819 863 1914 915 ὑμῖν

392 949 523 991 ἔσται.

399 1063 684 1129 Ἀναμίσγει
718 1064 866 1115 πάλιν
892 1069 957 1135 τῷ
993 1069 1245 1132 θεοπρεπεΐ
1280 1066 1334 1117 τὸ
1369 1065 1678 1133 ἀνθρώπινον,
1704 1065 1780 1115 καὶ
1812 1064 1917 1114 οὕτε

325 1145 445 1210 πρὸς
471 1145 675 1212 ἄκρατον
701 1147 938 1216 ἀναφοιτᾷ
973 1151 1056 1212 τῆς
1092 1148 1310 1212 θεότητος
1350 1148 1512 1217 δόξαν,
1543 1149 1647 1198 οὔτε
1678 1145 1771 1210 μὴν
1797 1146 1913 1196 ὀλο·
1939 1165 1987 1190 10

327 1225 515 1293 κλήρως
541 1233 636 1281 τοῖς
668 1231 750 1292 τῆς
777 1229 1142 1295 ἀνθρωπότητος
1167 1231 1353 1295 με’τροις
1379 1233 1711 1299 ἐμφιλοχωρεῖ,
1738 1227 1918 1295 ἔρχεται

107 1319 196 1354 809
212 1318 261 1355 Α.
289 1307 378 1359 αδὲ
417 1309 472 1360 δι’
506 1312 685 1378 ἀμφοῖν
726 1311 1010 1381 παραδόξως
1049 1335 1097 1363 τε
1139 1311 1236 1375 ἅμα
1277 1314 1352 1363 καὶ
1394 1312 1703 1379 κεκραμένως,
1733 1311 1917 1375 ἐπείπερ

329 1392 460 1442 ἐστὶν
485 1393 533 1441 ἐν
559 1393 714 1461 ταύτῷ
742 1394 863 1447 Θεός
890 1417 937 1444 τε
966 1399 1041 1444 καὶ
1069 1395 1334 1460 ἄνθρωπος.
1391 1393 1512 1448 Θεὸς
1539 1393 1623 1457 μὲν
1648 1392 1741 1459 γὰρ
1775 1391 1833 1457 ἧν
1858 1395 1917 1460 τῇ

329 1472 486 1542 φύσει,
503 1475 709 1541 καθόπερ
729 1476 778 1525 ἐκ
801 1474 992 1542 Πατρὸς
1019 1474 1198 1543 καρπὸς
1224 1479 1299 1526 καὶ
1327 1476 1625 1542 ἀπαύγασμα
1650 1478 1732 1539 τῆς
1753 1474 1918 1527 οὐσίας

329 1556 487 1605 αὑτοῦ·
555 1556 802 1623 ἄνθρωπος
854 1557 901 1608 δὲ
953 1558 1114 1620 πάλιν,
1168 1557 1285 1609 καθὸ
1340 1559 1505 1624 γε’γονε
1555 1557 1700 1626 σάρξ.
1780 1559 1988 1612 λαλεῖ15

326 1643 579 1704 τοιγαροῦν
618 1640 679 1692 ὡς
719 1639 842 1693 Θεός
889 1662 939 1690 τε
985 1642 1102 1703 ὁμοῦ
1148 1642 1223 1690 καὶ
1267 1641 1528 1707 ἅνθρωπος,
1567 1641 1688 1691 οὕτω
1729 1637 1823 1705 γὰρ
1862 1636 1921 1702 ἧν

327 1722 531 1785 τηρῆσαι
572 1725 731 1774 καλῶς
770 1725 828 1789 τῇ
867 1721 986 1785 μετὰ
1022 1721 1203 1788 σαρκὸς
1242 1723 1477 1791 οἰκονομίᾳ
1513 1722 1620 1775 τοῦς
1655 1721 1920 1787 πρέποντας

329 1802 517 1866 λόγους.
587 1802 717 1866 πλὴν
759 1803 902 1854 ἐκεῖνό
949 1809 1107 1873 φαμεν
1151 1803 1237 1868 τὴν
1275 1810 1357 1855 τοῦ
1397 1804 1702 1870 προκειμένου
1743 1806 1916 1868 διερευ-

330 1887 499 1937 νῶντες
537 1882 749 1948 δύναμιν·
788 1885 858 1936 ὅτι
893 1888 966 1936 καὶ
1005 1892 1085 1937 νῦν
1113 1888 1137 1937 ὁ
1167 1886 1341 1952 Κύριος
1379 1887 1510 1950 ἡμῶν
1536 1885 1799 1951 ἀναγκαίως
1835 1885 1921 1949 τὴν

330 1967 436 2031 περὶ
462 1971 545 2016 τοῦ
566 1970 692 2018 Θεοῦ
719 1970 794 2018 καὶ
825 1968 1017 2034 Πατρὸς
1045 1968 1335 2032 εἷσκεκόμικε
1359 1968 1562 2033 μνήμην,
1583 1972 1645 2022 εἷς
1671 1966 1922 2032 οἰκοδομὴν
1941 1989 1992 2015 20

288 2059 316 2101 b
333 2050 416 2112 τῆς
440 2048 647 2102 πίστεως
682 2052 757 2100 καὶ
790 2055 851 2104 εἷς
877 2049 932 2102 τὸ
959 2050 1155 2119 σφόδρα
1181 2050 1430 2104 λυσιτελὲς
1461 2056 1556 2105 τοῖς
1587 2050 1918 2117 ἀκροωμένοις,

333 2129 544 2196 καθάπερ
584 2131 665 2181 οῦν
696 2132 930 2201 ἀποδείξει
966 2133 1144 2198 προϊὼν
1177 2133 1201 2182 ὁ
1238 2131 1398 2198 λόγος.
1455 2132 1610 2197 ἐπειδὴ
1649 2132 1742 2199 γὰρ
1781 2137 1923 2184 αἰτεῖν

110 2205 249 2290 ἓεᾙᾜ·
333 2211 454 2275 ἡμᾶς
480 2211 726 2263 ἐκέλευσεν
752 2215 827 2265 ἐπὶ
853 2218 919 2282 τῷ
955 2214 1149 2277 ὀνόματι
1184 2215 1340 2277 αὐτοῦ,
1366 2217 1441 2264 καὶ
1476 2213 1558 2265 τὸν
1583 2220 1677 2268 τοῖς
1712 2214 1923 2282 ἀρχαίοις

334 2293 550 2357 ἀσυνήθη
581 2294 758 2360 τρόπον
782 2298 864 2359 τῆς
900 2298 1171 2363 προσευχῆς
1209 2294 1327 2358 μετὰ
1361 2300 1455 2346 τῶν
1481 2296 1647 2346 ἄλλων
1673 2295 1919 2358 ἐθέσπισε,

334 2375 506 2425 δώσειν
545 2375 1037 2442 κατεπαγγειλοῖμενος
1089 2379 1165 2427 καὶ
1210 2376 1343 2440 μάλα
1386 2378 1653 2443 προθύμως,
1694 2376 1814 2444 ἅπερ
1864 2378 1922 2429 ἂν
1941 2396 1990 2435 25

333 2457 568 2521 ἐθέλωμεν
607 2464 790 2519 λαβεῖν·
838 2459 913 2510 ἵνα
951 2458 1016 2523 μὴ
1058 2457 1215 2523 δοκοίη
1255 2458 1330 2509 διὰ
1368 2459 1545 2510 τούτων
1583 2458 1638 2510 τὸ
1676 2465 1759 2510 τοῦ
1798 2463 1923 2511 Θεοῦ

336 2541 411 2589 καὶ
440 2538 630 2606 Πατρὸς
655 2545 981 2607 παρωθεΐσθαι
1008 2541 1284 2607 πρόσωπον,
1310 2542 1456 2607 ἤγουν
1482 2546 1812 2608 παραιρεῖσθαι
1837 2540 1923 2604 τὴν

299 2626 420 2671 οτοῦ
450 2621 663 2676 τεκόντος
700 2622 842 2673 αὐτὸν
869 2623 1103 2692 ἐξουσίαν,
1131 2623 1216 2688 τὴν
1242 2625 1315 2674 ἐπὶ
1348 2629 1448 2677 ταῖς
1482 2628 1575 2674 τῶν
1601 2624 1748 2689 ἁγίων
1774 2628 1919 2692 φιλο-

336 2705 505 2766 τιμίαις
562 2707 697 2773 φημὶ,
749 2705 990 2772 χρήσιμον
1045 2704 1187 2757 αὐτὸν
1236 2703 1543 2773 συγχορηγὸν
1593 2705 1790 2757 ἔσεσθαι
1846 2706 1922 2756 καὶ

385 2900 414 2931 7.
441 2888 548 2933 ὑμεῖς]
574 2893 608 2929 -4-
632 2889 666 2922 δὲ
688 2889 752 2923 Ed.
772 2889 882 2923 invito
902 2890 942 2923 E.
1167 2901 1219 2925 12.
1245 2890 1475 2935 κεκρυμμένως
1494 2902 1522 2924 c.
1544 2889 1650 2926 Cord.
1671 2896 1709 2924 ut
1725 2889 1872 2925 adnotat
1888 2896 1922 2925 et

337 2935 431 2969 Aah.
577 2947 631 2969 22.
659 2935 716 2970 οὖν
733 2943 957 2981 assumptum
977 2948 1018 2971 ex
1038 2937 1077 2971 E.
