2022 3272
113 168 354 223 xvii.9-11.
389 170 461 210 IN
495 170 537 211 S.
562 168 899 210 ιΪΟΛΝΝΕΜ.
954 168 1076 208 LIB.
1104 168 1181 207 XI.
1235 165 1514 207 CAPXIII.
1616 164 1689 203 69]

113 275 171 341 δὴ
222 279 296 328 καὶ
346 278 607 346 φιλήδονον
647 282 709 332 εἰς
758 277 990 343 ἁμαρτίαν
1035 278 1110 327 καὶ
1155 274 1209 326 τὸ
1255 276 1363 326 λίαν
1409 272 1592 325 εὐπετὲς
1637 275 1699 324 εἰς

114 358 349 423 κοσμικὴν
374 360 559 424 ἡδονὴν,
586 362 661 411 καὶ
695 359 814 426 πρὸς
848 357 1027 411 τούτοις
1064 358 1129 408 ε”τι
1163 357 1249 420 τὴν
1276 355 1468 418 ἀπάσης
1507 351 1694 422 φαυλό-

113 464 253 505 τητος
302 441 480 508 μητέρα
524 444 599 493 καὶ
643 442 839 511 τροφὸν,
883 438 1149 491 ἀλλόκοτον
1200 437 1404 500 πλάνην,
1453 437 1610 487 οἰκεῖοί
1650 457 1699 486 τε

115 524 192 573 καὶ
240 524 376 592 φίλοι
419 524 721 590 γενησόμεθα
764 529 848 574 τοῦ
892 527 1124 585 Χριστοῦ,
1166 523 1241 571 καὶ
1286 519 1372 584 τὴν
1412 518 1531 585 πρὸς
1576 517 1700 568 Θεὸν

73 602 301 671 5εἶρήνην
350 605 670 670 συνθήσομεν,
721 607 846 675 αὐτῷ
893 609 960 674 τῷ
1012 605 1167 668 Πατρὶ
1223 603 1279 653 δι’
1333 605 1452 652 Υἱοῦ
1510 599 1699 650 κολλώ-

116 708 263 750 μενοι,
298 685 379 738 ἅτε
417 687 473 752 δὴ
512 690 588 738 καὶ
627 686 855 749 λαβόντες
894 688 943 737 ἐν
981 688 1159 738 ἑαυτοῖς
1197 683 1280 735 τὸν
1318 683 1374 752 ἐξ
1410 683 1551 734 αὐτοῦ
1590 705 1696 747 γεν-
1720 689 1747 729 b

1766 758 1860 788 Rom.

1767 802 1832 831 viii.
1858 809 1904 840 15.

118 768 315 832 νηθέντα
354 769 515 836 Λόγον
553 771 629 821 καὶ
667 771 715 821 ἐν
753 772 820 839 τῷ
859 768 1101 832 Πνεύματι
1140 765 1384 833 κράζοντες
1423 771 1449 794 “
1475 764 1639 825 Ἀββᾶ
1677 764 1703 813 ὁ

118 856 147 879 “
171 850 370 917 πατήρ.”

193 936 259 984 Οἱ
293 934 504 989 δοθέντες
538 935 620 986 οὖν
645 935 737 1001 ἄρα
762 937 977 1003 Χριστῷ,
1004 932 1233 999 γεγόνασι
1266 931 1352 995 μὲν
1377 936 1460 981 τοῦ
1489 929 1700 995 Πατρὸς,

52 1042 100 1068 10
118 1013 248 1080 πλὴν
274 1017 357 1067 οὐκ
383 1016 475 1085 ἔξω
501 1017 576 1068 διὰ
603 1022 741 1068 τοῦτο
767 1021 999 1083 Χριστοῦ.
1050 1014 1298 1077 βασιλεύει
1333 1012 1427 1079 γὰρ
1458 1011 1551 1063 σὺν
1581 1012 1707 1080 αὐτῷ

120 1098 196 1148 καὶ
232 1096 454 1166 κατάρχει
487 1100 541 1150 δι’
569 1100 712 1150 αὐτοῦ
737 1103 831 1150 τῶν
859 1099 985 1149 ἰδίων
1009 1099 1034 1149 ὁ
1062 1097 1184 1150 Θεὸς
1208 1099 1284 1148 καὶ
1311 1094 1499 1161 Πατήρ.
1553 1099 1703 1155 βασι-

121 1181 225 1230 λεία
249 1179 344 1247 γάρ
369 1181 397 1245 ἡ
424 1180 541 1245 αὐτὴ
568 1180 737 1247 κράτος
772 1204 822 1232 τε
857 1179 912 1232 τὸ
947 1179 1067 1231 κατὰ
1097 1180 1289 1231 πάντων
1315 1178 1362 1229 ἓν
1386 1180 1468 1241 τῆς
1496 1176 1633 1241 ἁγίας
1657 1198 1708 1226 τε

123 1263 199 1314 καὶ
238 1263 493 1325 ὁμοουσίου
531 1262 751 1330 Τριάδος,
789 1264 865 1314 καὶ
904 1262 1018 1330 ὅπερ
1057 1261 1114 1313 ἂν
1149 1261 1329 1327 γένοιτο
1367 1263 1451 1310 τοῦ
1485 1261 1617 1319 Υἱοῦ,
1649 1262 1709 1324 τῇ

123 1349 208 1395 τοῦ
234 1348 353 1396 Υἱοῦ
385 1349 462 1396 καὶ
489 1345 681 1411 Πατρὸς
716 1345 1013 1396 ὑποκείσεται
1049 1343 1179 1413 δόξῃ,
1207 1345 1282 1394 καὶ
1314 1340 1475 1403 πάλιν,
1504 1339 1619 1405 ὅπερ
1648 1338 1710 1389 ἂν

58 1442 106 1482 15
126 1427 404 1479 ὑποπίπτειν
433 1427 619 1493 λέγεται
658 1430 725 1496 τῷ
759 1430 926 1493 Πατρῖ,
959 1426 1127 1477 τούτου
1167 1425 1223 1489 δὴ
1261 1423 1450 1477 πάντως
1489 1422 1711 1490 κατάρξει

126 1510 201 1559 καὶ
232 1510 257 1559 ὁ
283 1507 411 1562 Υἱός.
469 1508 545 1560 διὰ
579 1508 672 1575 γάρ
706 1531 776 1559 τοι
811 1509 948 1560 τοῦτό
988 1513 1112 1576 φησι
1140 1514 1228 1558 Καὶ
1262 1505 1323 1558 τὸ,
1348 1506 1440 1574 ἐμέι
1466 1505 1621 1557 πάντα
1647 1502 1711 1554 σά
1730 1521 1752 1547 0

126 1591 218 1643 ἐστι
248 1597 325 1643 καὶ
354 1590 415 1642 τέι
441 1590 505 1642 σοὶ
532 1591 639 1660 ἐμά·
682 1589 801 1641 ὅπου
835 1589 928 1656 γὰρ
965 1589 1157 1658 φύσεως
1192 1590 1220 1653 ἡ
1255 1587 1459 1639 εἷσάπαν
1484 1585 1713 1651 ταυτότης

127 1671 383 1737 διαλάμπει
433 1675 508 1724 καὶ
553 1674 782 1741 φαίνεται,
825 1674 919 1723 ἐκεῖ
957 1675 1041 1736 τῆς
1085 1672 1222 1740 ἀξίας
1264 1669 1637 1736 ἀπαράλλακτος
1685 1668 1714 1732 ἡ

127 1755 260 1825 δόξα,
287 1757 342 1807 οὐ
378 1755 729 1822 μεμερισμένως
767 1755 837 1806 ἑνί
870 1777 915 1807 τι
952 1758 1046 1805 τῶν
1078 1753 1228 1804 ὄντων
1262 1755 1537 1803 ἀνατιθεῖσα
1570 1748 1716 1817 τυχὸν

59 1858 110 1884 20
129 1840 205 1889 καὶ
245 1837 586 1904 παρωθουμένη
627 1836 710 1888 τὸν
751 1836 922 1903 ἕτερον,
964 1834 1076 1885 ἀλλ’
1115 1835 1227 1899 ἰ’σην
1267 1835 1379 1898 μίαν
1419 1856 1468 1884 τε
1510 1835 1586 1883 καὶ
1630 1830 1716 1895 τὴν

129 1918 275 1983 αὐτὴν
300 1918 387 1983 τὴν
413 1923 475 1973 εἰς
502 1918 629 1970 ἅπαν
657 1920 812 1969 ὁτιοῦν
837 1918 1108 1968 ἐκτείνουσα
1135 1916 1296 1985 δόξαν.
1341 1916 1365 1965 ὁ
1392 1914 1486 1981 γὰρ
1511 1918 1606 1965 τῶν
1632 1918 1716 1964 τοῦ

129 2002 248 2052 ἰδίου
276 2000 469 2068 Πατρὸς
495 2005 660 2052 θεϊκῶν
686 1998 969 2069 ἀξιωμάτων
993 1999 1234 2051 οὐσιωδῶς
1261 1994 1569 2063 κληρονόμος,
1596 1995 1717 2063 ἔχων

128 2083 214 2147 μὲν
256 2083 394 2137 αὐτὸς
435 2083 591 2135 πάντα
637 2086 852 2151 φανεῖται
892 2080 951 2131 τὰ
995 2086 1077 2131 τοῦ
1115 2079 1407 2145 γεννήτορος,
1455 2078 1624 2145 ἔχοντα
1668 2076 1717 2127 δὲ

130 2165 271 2235 δείξει
321 2165 478 2217 πάντα
528 2163 588 2216 τὰ
633 2165 775 2215 αὐτοῦ
818 2162 901 2214 τὸν
946 2161 1220 2228 γεννήτορα.
1291 2159 1484 2226 θάτερος
1530 2158 1624 2225 γὰρ
1669 2160 1718 2210 ἐν

64 2266 114 2306 25
134 2248 314 2318 θατέρῳ
353 2251 570 2316 φυσικῶς
605 2246 914 2314 διαφαίνεται,
942 2245 1018 2295 καὶ
1057 2243 1311 2307 διαλάμπει
1349 2243 1434 2306 μὲν
1463 2243 1488 2293 ὁ
1520 2240 1634 2295 Υἱὸς
1670 2243 1718 2292 ἐν

118 2332 305 2396 ’Πατρζ
335 2328 504 2395 Πατὴρ
543 2328 591 2379 δὲ
631 2328 689 2378 αὖ
726 2325 875 2378 πάλιν
907 2328 956 2377 ἐν
985 2329 1052 2395 τῷ
1085 2329 1201 2394 Υἱῷ.
1259 2330 1427 2376 τοῦτον
1465 2323 1559 2390 γὰρ
1598 2324 1766 2387 ἡμᾶςό.

133 2411 217 2464 τὸν
248 2410 427 2477 τρόπον
462 2414 509 2461 αἱ
547 2410 853 2461 θεόπνευστοι
891 2407 1363 2474 μεμυσταγωγήκασι
1401 2406 1600 2474 γραφαί·
1644 2404 1720 2455 ὅτε

134 2494 290 2544 τοίνυν
332 2493 380 2543 ἕν
425 2493 529 2543 ἐστι
573 2493 647 2542 καὶ
693 2495 787 2541 τῶν
830 2490 1112 2559 ἀξιωμάτων
1153 2494 1236 2540 τοῦ
1283 2488 1487 2554 Πατρὸς,
1532 2487 1586 2538 τὸ
1634 2486 1721 2550 τὴν

137 2573 256 2626 κατὰ
299 2572 491 2625 πάντων
535 2572 655 2640 ἔχειν
690 2571 853 2639 ἀρχὴν,
889 2571 1158 2638 προσέσται
1201 2576 1339 2621 τοῦτο
1381 2572 1457 2620 καὶ
1498 2573 1565 2638 τῷ
1605 2571 1718 2637 Υἱῲ·

67 2683 120 2720 30
136 2654 379 2724 χαρακτὴρ
429 2653 523 2720 γάρ
573 2656 676 2704 ἐστι
724 2656 807 2717 τῆς
858 2653 1022 2707 οὐσίας
1073 2653 1230 2715 αὐτοῦ,
1282 2648 1592 2714 ἀνομοιότητα
1644 2650 1721 2700 καὶ

135 2734 459 2803 παραλλαγὴν
504 2739 566 2789 εἰς
617 2735 749 2786 οὐδέν
788 2757 833 2785 τι
883 2733 938 2785 τὸ
988 2732 1215 2799 παράπαν
1259 2732 1378 2800 ἔχειν
1421 2730 1715 2798 ἀνεχόμενος.

138 2816 427 2888 δεδοξάσθαι
486 2815 634 2882 γεμὴν
689 2817 737 2866 ἐν
795 2819 891 2869 τοῖς
952 2812 1087 2882 ἅπαξ
1138 2817 1317 2866 δοθεῖσι
1372 2812 1720 2880 διισχυρίσατο,

214 2976 266 3007 14.
292 2961 390 3009 Υῖοῦ]
410 2960 614 3008 Legendum
637 2961 691 3006 (ut
709 2960 795 3005 vid.)
817 2962 916 2994 Θεοῦ.
1155 2958 1209 2994 28.
1237 2959 1289 2994 καὶ
1307 2964 1529 3003 assumptum
1549 2970 1589 2992 ex
1609 2958 1649 2992 E.

872 3029 899 3067 4
920 3028 942 3054 T
965 3025 987 3056 2
