2022 3272
108 127 264 182 xii-32.
346 126 415 167 IN
453 126 496 166 S,
519 123 693 166 JOAN.
755 123 872 166 LIB.
889 123 1020 165 VIII.
1079 123 1467 164 FRAGMENTA.
1615 122 1697 161 323

107 235 254 305 ἄρχων
280 238 352 286 τοῦ
380 236 548 304 κόσμου
574 234 718 286 τούτου
745 233 1066 296 ἐκβληθήσεται
1096 232 1190 302 ἔξω·
1235 234 1385 294 ἔσται,
1413 234 1552 300 φησὶ,
1579 231 1699 281 κατὰ

107 324 191 369 τοῦ
227 317 309 369 τὸν
343 317 528 381 κόσμον
559 315 835 382 ἠδικηκότος
873 318 1042 383 κρίσις,
1077 319 1154 366 καὶ
1193 316 1297 382 οὐχὶ
1335 313 1454 365 κατὰ
1492 318 1576 363 τοῦ
1614 311 1700 375 τὴν

108 400 290 450 ἀδικίαν
333 400 670 463 ὑπομείναντος
714 398 916 462 κόσμου.
988 400 1063 448 καὶ
1107 397 1201 463 γὰρ
1247 399 1310 450 ὡς
1354 395 1494 448 αὐτὸς
1536 395 1628 463 ε”ψη
1673 395 1698 444 ὁ

108 482 324 548 Χριστός
349 488 376 510 “
399 482 505 532 Οὐκ
543 481 825 533 ἀπέστειλεν
856 482 881 531 ὁ
915 479 1038 534 Θεὸς
1075 478 1159 530 τὸν
1185 477 1302 530 Υὶὸν
1332 479 1408 529 ἵνα
1443 477 1577 544 κρίνῃ
1615 476 1698 526 τὸν

205 562 216 578 Ι
406 565 415 579 9

67 576 89 615 5
109 570 136 593 ‘⁶
163 587 361 627 κοσμον,
389 563 501 614 αλλ’
529 563 605 614 ἵνα
638 562 783 630 σώσῃ
817 562 901 613 τὸν
933 560 1149 625 κόσμον.’

1154 560 1165 576 5

1212 561 1321 627 ὅρος
1357 560 1512 610 τοίνυν
1544 559 1694 620 ἔσται,
1715 578 1738 606 c

109 647 248 714 φησὶ,
268 648 350 709 τῆς
376 644 645 710 ἐνεστώσης
671 646 884 712 κρίσεως,
905 644 959 695 τὸ
987 643 1257 704 ἐκβληθῆναι
1286 643 1367 712 ἔξω
1393 640 1476 693 τὸν
1497 640 1700 710 ἄρχοντα

108 729 180 778 τοῦ
208 727 374 795 κόσμου
396 726 556 779 τούτου.
609 729 901 791 ἐκβληθῆναι
928 726 976 777 δὲ
1003 725 1178 786 πόθεν;
1216 724 1244 789 ἢ
1272 728 1419 789 δῆλον
1446 723 1516 774 ὅτι
1541 725 1624 787 τῆς
1650 723 1699 774 ἐκ

108 808 216 870 βίας
257 810 383 879 αὐτῷ
420 809 774 876 πεπορισμένης
813 811 962 876 ἀρχῆς
1000 810 1076 859 καὶ
1117 810 1200 871 τῆς
1242 805 1501 870 οὐδαμόθεν
1539 827 1695 871 προσ-

109 889 318 956 ηκούσης
355 893 621 952 βασιλείας.
678 891 897 956 σημαίνει
939 890 987 941 δὲ
1026 889 1081 941 τό
1112 888 1234 959 ’Ἕξω
1272 888 1358 953 τὴν
1391 888 1596 939 κόλασιν
1627 888 1702 937 καὶ

46 994 91 1018 10
111 972 197 1037 τὴν
228 976 291 1026 εἷς
323 971 437 1042 ᾅδου
469 973 678 1035 βάδισιν.

1760 468 1869 507 Supra

1759 510 1803 544 iii.
1818 520 1829 541 1
1839 517 1868 551 7.

128 1112 252 1160 Κάτὼ
289 1112 363 1154 ἐὰν
402 1112 569 1163 ὑψωθῶ
605 1113 652 1155 ἐκ
690 1114 768 1154 uic
807 1114 895 1163 frio,
932 1112 1102 1153 ἑλκύσω
1141 1111 1305 1151 Πάντας
1343 1108 1450 1166 Πρὸς
1486 1107 1685 1155 ἐμαυτόν.
1721 1113 1768 1149 32

186 1219 404 1281 Χριστοῦ
447 1215 605 1279 μέντοι
646 1214 901 1268 δεδωκότος
946 1212 1112 1264 ἑαυτὸν
1151 1217 1216 1281 τῷ
1263 1213 1419 1277 Πατρὶ
1461 1209 1575 1276 ὑπὲρ
1620 1211 1703 1272 τῆς

112 1298 244 1362 ἡμῶν
288 1298 528 1363 σωτηρίας
573 1299 635 1351 ὡς
680 1296 878 1360 ἄμωμον
924 1299 1099 1362 ἱερεῖον,
1148 1296 1224 1345 καὶ
1276 1292 1360 1346 τὰς
1406 1292 1521 1358 ὑπὲρ
1572 1292 1703 1355 ἡμῶν
1722 1298 1750 1339 d

112 1381 362 1447 μονονουχὶ
402 1380 532 1433 δίκας
569 1379 822 1441 τιννύντος,
849 1377 1181 1444 ἐλυτρώθημεν
1219 1380 1314 1426 τῶν
1352 1377 1435 1439 τῆς
1475 1372 1706 1440 ἁμαρτίας

49 1477 94 1515 15
114 1461 442 1528 ἐγκλημάτων.
514 1463 590 1512 καὶ
641 1459 698 1525 δὴ
751 1461 827 1512 ὅτε
879 1462 904 1511 ὁ
953 1459 1043 1526 θὴρ
1094 1460 1144 1510 ἐκ
1196 1457 1348 1523 με’σου
1397 1456 1577 1523 γέγονε,
1629 1456 1707 1505 καὶ

115 1544 350 1611 καθηρέθη
389 1545 414 1595 ὃ
452 1544 691 1611 τύραννος,
719 1542 823 1595 τότε
860 1542 964 1608 ἄγει
999 1541 1119 1608 πρὸς
1155 1540 1321 1591 ἑαυτὸν
1351 1540 1377 1590 ὁ
1407 1536 1622 1606 Χριστὸς
1651 1536 1706 1588 τὸ

115 1624 451 1691 ἀποπλανηθὲν
487 1625 636 1692 γένος,
672 1625 726 1676 οὐ
763 1623 909 1690 μόνον
944 1624 1199 1676 Ἰουδαίους
1238 1621 1371 1673 ἀλλὰ
1409 1623 1485 1672 καὶ
1524 1619 1706 1672 πάντας

115 1708 392 1775 ἀνθρώπους
416 1706 536 1775 πρὸς
561 1707 805 1773 σωτηρίαν
831 1710 994 1757 καλῶν
1021 1703 1097 1756 διὰ
1123 1707 1206 1769 τῆς
1232 1707 1295 1758 εἷς
1320 1703 1462 1754 αὐτὸν
1486 1703 1706 1754 πίστεως.

115 1789 279 1856 μερικὴ
305 1789 399 1856 γὰρ
423 1790 450 1854 ἡ
478 1787 554 1840 διὰ
579 1794 663 1840 τοῦ
689 1787 834 1852 νόμου
861 1790 1048 1852 κλῆσις,
1067 1785 1227 1852 γενικὴ
1254 1784 1301 1836 δὲ
1324 1785 1350 1849 ἡ
1377 1783 1453 1835 διὰ
1472 1787 1706 1850 Χριστοῦ.

51 1894 99 1920 20
116 1871 258 1936 μόνος
302 1871 396 1937 γὰρ
447 1871 472 1921 ὁ
515 1869 730 1937 Χριστὸς
779 1868 975 1923 δυνατὸς
1020 1867 1077 1933 ἧν
1123 1871 1184 1922 ὡς
1230 1866 1353 1921 Θεὸς
1397 1864 1556 1918 πάντα
1597 1865 1709 1928 ἡμῖν

117 1955 410 2023 προξενῆσαι
436 1951 496 2005 τὰ
522 1950 696 2017 ἀγαθά.
752 1950 975 2019 εὐφήμως
1006 1950 1054 2001 δὲ
1081 1950 1203 2012 λίαν,
1228 1950 1327 2000 ἀντὶ
1363 1953 1448 1999 τοῦ
1483 1970 1700 2013 σταυρω-
1725 1971 1747 1998 e

120 2039 270 2100 θῆναι,
285 2035 339 2086 τὸ
366 2034 619 2103 ὑψωθῆναί
642 2037 783 2102 φησι.
837 2037 934 2086 τοῖς
959 2031 1044 2096 μὲν
1070 2030 1164 2097 γὰρ
1191 2035 1408 2099 φονῶσιν
1428 2026 1710 2097 ἀσυμφανές

119 2117 268 2185 ἐτήρει
295 2117 348 2169 τὸ
375 2114 654 2182 μυστήριον·
698 2115 751 2166 οὐ
782 2114 876 2181 γὰρ
906 2113 1033 2179 ἦσαν
1060 2113 1184 2182 ἄξιοι
1209 2116 1391 2177 μαθεῖν·
1433 2115 1530 2164 τοῖς
1560 2109 1711 2176 γεμὴν

123 2199 496 2268 νουνεχεστέροις
522 2198 666 2266 ἐφῆκε
692 2201 811 2248 νοεῖν
838 2195 909 2248 ὅτι
935 2194 1011 2247 διὰ
1044 2193 1225 2249 πάντας
1258 2196 1333 2246 καὶ
1369 2192 1484 2260 ὑπὲρ
1518 2190 1710 2244 πάντων

133 2359 135 2364 ,
174 2337 203 2361 1.
229 2326 345 2371 ἅρχων
362 2326 398 2360 δὲ
416 2326 555 2360 inverso
573 2324 694 2359 ordine
712 2324 747 2359 k.
812 2322 932 2358 τούτου
950 2333 1019 2357 om.
1038 2322 1108 2356 a.k.
1123 2320 1254 2356 habent
1271 2332 1300 2356 c.
1317 2319 1424 2355 Cord.
1523 2328 1556 2352 2.
1581 2315 1709 2362 κρίσις]

124 2373 143 2417 ἡ
162 2373 273 2418 κρίσις
290 2385 320 2407 c.
461 2383 496 2417 3.
522 2369 712 2416 καὶ-Οὐκ]
733 2370 772 2404 οὐ
789 2370 855 2415 γὰρ
874 2371 943 2404 a.k.
1016 2367 1179 2404 ὡσαύτως
1197 2379 1226 2401 C·
1299 2367 1366 2411 ἔφη
1385 2367 1403 2399 ὁ
1421 2366 1572 2409 Χριστός
1589 2364 1624 2397 b.
1643 2364 1711 2407 ἔφη

125 2421 274 2464 Χριστός
291 2430 322 2454 c.
341 2418 448 2453 Cord.
465 2420 484 2452 ὁ
500 2420 652 2464 Χριστός
668 2418 779 2463 φησιν
796 2416 865 2451 Ed.
992 2428 1026 2458 4.
1050 2416 1109 2450 τὸν
1125 2413 1222 2459 Υἶὸν]
1246 2418 1283 2454 -ξ-
1305 2414 1408 2447 αὐτοῦ
1428 2413 1505 2447 Cat.
1524 2411 1625 2445 Harl.
1645 2409 1712 2443 Ed.

126 2466 243 2500 invitis
261 2466 329 2499 c.k.
349 2465 456 2499 Cord.
475 2465 519 2500 cf.
537 2476 642 2510 supra
663 2473 727 2506 154
738 2463 773 2504 b,
791 2474 860 2507 490
873 2475 903 2497 e.
1031 2471 1065 2507 5.
1091 2460 1218 2506 τοίνυν]
1239 2461 1275 2494 δέ
1293 2461 1364 2494 a.k.
1429 2460 1526 2494 ἔσται
1546 2457 1644 2502 [ἐστε
1662 2455 1711 2501 c.]

126 2512 230 2557 φησὶ,
247 2513 306 2555 τῆς
323 2511 516 2555 ἐνεστώσης
532 2511 602 2546 b.c.
622 2510 729 2545 Cord.
746 2511 804 2554 τῆς
821 2510 1012 2552 ἐνεστώσης
1029 2510 1127 2543 ἕσται
1145 2508 1231 2542 Nik.
1250 2507 1318 2541 Ed.
1520 2505 1554 2538 S.
1579 2517 1711 2546 προση-

128 2557 269 2603 κούσης]
294 2562 330 2598 -ξ-
352 2558 441 2604 αὒτῷ
459 2570 490 2592 a.
726 2568 759 2601 9,
782 2567 835 2590 10.
862 2555 1205 2600 σημαίνει-βάδισιν
1221 2558 1404 2597 assumpta
1420 2563 1461 2585 ex
1479 2550 1583 2584 a.C.k.
1604 2547 1712 2582 Cord.

128 2605 258 2639 desunt
280 2605 317 2638 in
344 2604 421 2639 Cat.
448 2604 549 2638 Harl.
598 2602 793 2638 Praemittit
818 2603 872 2636 καὶ
896 2601 966 2646 μετ’
985 2602 1086 2646 ὀλίγα
1111 2612 1141 2635 c.
1190 2600 1349 2644 Pergunt
1374 2610 1404 2632 c.
1430 2596 1537 2631 Cord.
1559 2595 1713 2636 βάδισιν,

127 2652 209 2686 ὅταν
226 2651 280 2685 καὶ
303 2650 352 2685 ἐπ’
373 2651 474 2685 αὐτοῦ
496 2650 641 2696 φέρηται
663 2651 723 2684 τοῦ
746 2650 885 2683 ‹ra-rami.
918 2647 1143 2691 ἐκβληθέντος
1163 2646 1221 2681 οὖν
1238 2646 1364 2679 ἐκείνου
1389 2644 1444 2678 διὰ
1468 2644 1527 2686 τῆς
1551 2642 1599 2676 εἷς
1622 2639 1714 2685 ὕψος

128 2700 355 2743 σταυρώσεως
372 2699 432 2731 τοῦ
448 2699 611 2742 Χριστοῦ,
622 2696 748 2731 πάντας
761 2692 875 2730 ἕλκειν
891 2695 976 2737 πρὸς
993 2694 1094 2728 αὐτὸν
1106 2693 1333 2737 ὑπισχνεῖται,
1348 2691 1403 2724 διὰ
1418 2689 1567 2725 πίστεως
1584 2686 1714 2731 δηλαδὴ

132 2744 280 2791 [δηλαδὴ
297 2756 367 2778 om.
381 2742 430 2789 c.]
449 2745 535 2788 πρὸς
552 2742 722 2786 σωτηρίαν
738 2757 775 2776 τε
793 2741 845 2774 καὶ
864 2740 949 2784 ζωήν
968 2740 1027 2785 (cf.
1047 2740 1164 2784 paullo
1182 2738 1301 2782 infra).
1335 2736 1495 2782 εὐφήμως
1513 2735 1569 2779 (ut
1586 2746 1619 2768 v.
1639 2733 1713 2776 21).

223 2791 231 2802 ἶ
654 2790 661 2800 Ι

132 2802 187 2826 11.
213 2806 249 2826 εκ
266 2793 324 2836 τῆς
340 2792 403 2836 γῆς
419 2802 490 2825 om.
508 2791 545 2825 k.
616 2803 743 2824 παντως
759 2787 894 2822 ἑλκύσω
911 2787 1051 2821 inverso
1069 2785 1190 2820 ordine
1208 2786 1276 2819 a.k.
1377 2794 1430 2818 12.
1459 2782 1538 2817 Hoc
1557 2779 1714 2815 scholion

130 2837 408 2883 anepigraphum
425 2842 477 2872 est
494 2837 530 2871 in
548 2848 578 2871 a.
699 2834 751 2870 16.
777 2836 795 2868 ὁ
813 2834 961 2879 Χριστὸς
977 2838 1057 2877 post
1074 2832 1170 2878 γένος
1187 2830 1385 2878 transponit
1403 2841 1434 2864 a.
1548 2838 1604 2862 21.
1629 2840 1715 2871 προ-

131 2885 238 2928 ξενεῖν
254 2896 284 2919 a.
430 2894 486 2929 23.
511 2884 550 2917 οὐ
566 2883 633 2929 γὰρ
649 2881 738 2926 ἦσαν
755 2881 844 2926 ι’ίξιοι
861 2879 979 2924 μαθεῖν
997 2891 1068 2915 om.
1087 2890 1118 2914 c.
1138 2877 1246 2914 cord,
1399 2887 1455 2920 24.
1481 2877 1559 2911 νοῦν
1575 2874 1717 2920 ἔχουσιν

134 2930 241 2967 Cord.
259 2930 320 2966 sed
337 2930 611 2976 νουνεχεστέροις
627 2928 732 2964 habet
749 2939 779 2964 C.

871 2994 894 3022 'r
915 2984 933 3021 t
956 2994 980 3023 2
