2037 3266
355 130 439 170 664
760 131 809 171 B.
843 131 1118 173 CYRILLI
1160 133 1544 175 ALEXANDR.
1787 135 1884 174 xvii.
1906 147 1942 177 2.

355 240 521 290 οὐκοῦν
557 240 743 306 ἐπείπερ
775 242 904 291 ἐστὶν
938 240 1186 308 ἀρχιερεὺς,
1216 241 1333 293 καθὸ
1368 242 1576 310 πέφηνεν
1611 242 1870 308 ἄνθρωπος,
1896 245 1944 293 ἐν

355 321 510 389 ταύτῷ
536 320 585 371 δὲ
612 323 688 372 καὶ
714 322 910 387 ὁίμωμον
939 327 1065 386 θῦμα
1089 324 1462 389 προσκεκόμικεν
1481 325 1646 375 ἑαυτὸν
1666 325 1945 391 ἀντίλυτρον

353 403 436 463 τῆς
463 400 686 452 ἁπάντων
714 401 831 468 ζωῆς
858 403 925 472 τῷ
941 406 1051 471 Θεῷ
1077 404 1153 452 καὶ
1173 405 1343 469 Πατρὶ,
1364 403 1576 470 καθάπερ
1603 403 1823 471 ἀπαρχήν
1842 427 1946 456 τινα

353 484 437 546 τῆς
467 482 844 550 ἀνθρωπότητος,
873 490 899 513 “
920 484 974 534 ἵν’
1012 485 1059 533 ἐν
1093 487 1216 534 πᾶσι
1256 484 1445 549 γένηται
1483 486 1773 551 πρωτεύων,”
1816 489 1878 540 ὡς
1919 488 1945 538 ὁ

129 481 198 513 Col.
215 482 235 514 i.

355 565 551 619 Παῦλός
577 570 717 634 φησι·
765 565 1069 632 προσκομίζει
1095 565 1144 615 δὲ
1169 565 1318 617 πάλιν
1343 565 1397 617 τὸ
1424 569 1787 633 ἀποσκιρτῆσαν
1811 569 1944 635 γένος

312 647 427 698 θέπὶ
463 649 547 710 τῆς
586 650 686 712 γῆς,
719 647 877 711 αἵματι
916 645 1001 711 μὲν
1040 650 1106 717 τῷ
1145 648 1244 716 ἰδίῳ
1283 647 1491 715 καθαρὸν
1531 650 1796 719 ἀποδείξας,
1823 652 1939 701 ἀνα-

350 729 616 797 μορφώσας
655 729 703 780 δὲ
745 728 865 796 πρὸς
896 728 1148 794 καινότητα
1187 728 1303 795 ζωῆς
1342 729 1419 781 διὰ
1457 737 1539 782 τοῦ
1577 732 1744 797 Ἀγίου
1784 733 1936 784 Πνεύ-

349 833 510 873 ματος.
562 810 718 875 ἐπειδὴ
752 811 814 874 δὲ,
850 810 973 863 καθὰ
1002 810 1238 865 πολλάκις
1264 811 1524 878 εἰρήκαμεν,
1551 811 1707 864 πάντα
1741 819 1943 865 τελεῖται

348 891 479 958 παρὰ
518 892 709 959 Πατρὸς
746 894 801 944 δι’
830 896 948 944 Υἱοῦ
974 894 1022 944 ἐν
1049 892 1304 958 Πνεύματι,
1336 894 1596 946 πλάττεται
1622 899 1717 945 τῶν
1748 897 1942 962 ἀγαθῶν

350 979 413 1029 εἰς
438 975 559 1039 ἡμᾶς
585 974 671 1040 τὴν
697 976 898 1040 α’ίτησιν,
926 978 988 1030 ὡς
1014 976 1209 1040 μεσίτης
1244 979 1319 1027 καὶ
1354 976 1612 1044 ἀρχιερεὺς,
1644 979 1793 1029 καίτοι
1826 1001 1942 1029 συν-

351 1057 494 1124 δοτὴρ
521 1060 596 1109 καὶ
623 1057 929 1126 συγχορηγὸς
957 1058 1182 1126 ὑπάρχων
1207 1062 1274 1128 τῷ
1299 1059 1398 1127 ἰδίῳ
1424 1059 1668 1126 γεννήτορι
1693 1064 1786 1110 τῶν
1807 1062 1941 1111 θείων

350 1162 398 1190 τε
443 1143 518 1191 καὶ
562 1145 888 1204 πνευματικῶν
933 1139 1259 1208 χαρισμάτων.
1325 1143 1492 1207 διαιρεῖ
1530 1141 1624 1207 γὰρ
1676 1142 1775 1191 κατ’
1822 1142 1942 1192 ἰδίαν

349 1221 589 1287 βούλησίν
631 1246 680 1274 τε
722 1225 799 1274 καὶ
850 1223 1073 1292 ἐξουσίαν
1118 1221 1290 1289 οἷσπερ
1335 1222 1392 1273 ἂν
1441 1222 1593 1273 ἐθέλοι
1644 1222 1698 1273 τὸ
1744 1226 1940 1288 Πνεῦμα

350 1305 578 1371 Χριστός.

429 1389 523 1437 Καὶ
563 1390 695 1439 ταυτὶ
732 1387 818 1451 μὲν
843 1389 891 1438 ἐν
916 1387 1112 1442 τούτοις·
1166 1388 1215 1438 τί
1247 1386 1297 1438 δὲ
1333 1387 1389 1452 δὴ
1421 1388 1645 1449 βούλεται
1684 1390 1860 1452 δηλοῦν
1886 1389 1939 1440 τὸ

131 1484 222 1545 {³50
235 1483 286 1518 A.
313 1493 334 1518 a
355 1471 434 1532 τῆς
461 1469 689 1533 αἰτήσεως
716 1473 896 1538 σχῆμα,
925 1469 1204 1536 δοκιμαζέτω
1238 1468 1385 1521 πάλιν
1421 1471 1446 1520 ὁ
1482 1469 1640 1535 λόγος.
1694 1476 1721 1498 “
1744 1469 1937 1537 Ποίτερ”

126 1536 237 1608 5erss
353 1550 521 1614 τοίνυν,
549 1554 688 1619 φησὶ,
724 1559 751 1581 “
776 1551 987 1621 δόξασόν
1021 1575 1114 1603 σου
1153 1551 1236 1603 τὸν
1262 1551 1379 1602 Υἱὸν
1417 1552 1492 1602 ἵνα
1531 1554 1606 1602 καὶ
1645 1553 1670 1602 ὁ
1697 1551 1811 1606 Υἱός
1849 1575 1941 1603 σου

353 1639 379 1662 “
403 1632 590 1702 δοξάσῃ
629 1635 735 1685 σε.”
787 1639 888 1688 πῶς
927 1635 1008 1685 οὖν
1049 1632 1077 1698 ἢ
1119 1635 1223 1685 τίνα
1261 1633 1439 1700 τρόπον
1476 1633 1589 1701 ὅπερ
1631 1635 1751 1702 ἔφην
1786 1638 1940 1686 διανυ-

351 1715 621 1780 σθήσεται;
678 1716 929 1780 βούλομαι,
969 1719 1141 1784 φησὶν,
1184 1717 1259 1767 ἵνα
1292 1715 1456 1782 ὥσπερ
1496 1713 1698 1772 Jahn&
1738 1740 1818 1780 μοι
1856 1717 1941 1780 τὴν

351 1798 544 1867 ἐξουσίαν
576 1799 731 1859 πάσης
758 1799 936 1868 σαρκὸς,
964 1800 1085 1849 οὕτω
1121 1801 1195 1848 καὶ
1228 1800 1320 1849 πᾶν
1346 1800 1365 1849 ’ὂ
1395 1795 1592 1853 δέδωκάς
1621 1822 1700 1861 μοι
1726 1799 1808 1866 ε”χῃ
1836 1798 1940 1870 ζωὴν

351 1881 524 1932 αἰώνιον.
578 1880 778 1950 ἐδόξασε
816 1880 900 1944 μὲν
938 1879 1032 1947 γὰρ
1072 1882 1097 1931 ὁ
1136 1879 1306 1947 Πατὴρ
1344 1878 1426 1931 τὸν
1464 1880 1581 1931 ’ίδιον
1606 1880 1736 1943 Υἰὸν,
1775 1886 1941 1933 πᾶσαν

353 1964 536 2017 ὑποθεὶς
574 1962 660 2026 τὴν
699 1964 776 2032 ὑφ’
822 1963 940 2032 ἡλίῳ
978 1968 1074 2017 τοῖς
1110 1962 1371 2028 σκήπτροις
1409 1965 1569 2025 αὐτοῦ,
1612 1963 1940 2033 ἀντεδοξάσθη

350 2045 400 2096 δὲ
441 2047 517 2096 καὶ
559 2045 698 2099 αὐτὸς
742 2046 796 2096 δι’
838 2046 995 2097 αὑτοῦ.
1048 2047 1073 2096 ὁ
1112 2044 1196 2108 μὲν
1234 2044 1327 2111 γὰρ
1373 2044 1486 2098 Υἱὸς
1526 2045 1765 2114 ἐδοξάσθη
1810 2047 1941 2114 παρὰ

349 2133 432 2179 τοῦ
485 2127 690 2193 Πατρὸς,
729 2130 997 2181 πιστευθεὶς
1055 2125 1186 2193 παρὰ
1242 2127 1434 2178 πάντων
1491 2126 1562 2178 ὅτι
1607 2127 1814 2193 γέννημα
1865 2131 1941 2178 καὶ

349 2209 528 2276 καρπός
571 2212 675 2261 ἐστι
716 2215 799 2260 τοῦ
842 2208 999 2260 πάντα
1041 2211 1292 2275 ἰσχύοντος
1331 2210 1406 2259 καὶ
1446 2210 1647 2274 ἀμογητὶ
1687 2209 1746 2260 τὰ
1785 2209 1940 2261 πάντα

304 2303 330 2343 b
349 2297 444 2346 τοῖς
482 2294 565 2355 τῆς
603 2292 744 2342 αὐτοῦ
781 2291 1033 2352 βασιλείας
1073 2289 1371 2343 ὑποτιθέντος
1412 2292 1580 2356 ζυγοῖς,
1611 2291 1938 2359 ἀντεδοξάσθη

349 2372 399 2424 δὲ
433 2373 595 2440 ὥσπερ
633 2371 762 2439 παρὰ
798 2378 880 2422 τοῦ
913 2374 1028 2423 ἰδίου
1063 2371 1349 2436 γεννήματος
1378 2373 1402 2422 ὁ
1432 2371 1614 2438 Πατήρ.
1664 2371 1820 2438 ἐπειδὴ
1846 2373 1938 2439 γὰρ

347 2455 504 2507 πάντα
542 2455 710 2523 ἰσχύον
738 2456 962 2506 ἐπιτελεῖν
988 2453 1191 2507 εὐκόλως
1232 2453 1452 2520 ἐγνώσθη
1490 2453 1544 2505 τὸ
1584 2454 1806 2520 γέννημα,
1842 2459 1939 2507 δια-

348 2537 522 2602 βέβηκε
561 2541 643 2602 τῆς
673 2538 882 2590 εὐκλείας
908 2538 935 2601 ἡ
968 2535 1103 2604 χάρις
1143 2541 1203 2590 εἰς
1243 2536 1325 2587 τὸν
1363 2534 1558 2587 τεκόντα
1597 2536 1724 2588 αὐτό.
1776 2536 1940 2603 ὥσπερ

349 2621 444 2682 οὖν,
473 2622 609 2690 φησὶ,
637 2618 870 2688 ἐδόξασάς
906 2642 954 2669 τε
995 2620 1070 2669 καὶ
1109 2618 1387 2687 ἐδοξάσθης,
1415 2617 1521 2671 δοὺς
1553 2622 1673 2687 αὐτῷ
1705 2617 1790 2683 τὴν
1821 2619 1940 2670 κατὰ

348 2701 539 2753 πάντων
566 2703 761 2771 ἐξουσίαν
789 2704 863 2752 καὶ
899 2700 1160 2767 κυριότητα,
1189 2700 1308 2752 κατὰ
1338 2698 1420 2751 τὸν
1454 2700 1693 2766 εἰρημένον
1719 2700 1939 2765 δηλονότι

396 2850 428 2884 6.
455 2851 515 2893 μὲν
532 2857 756 2896 assumptum
774 2863 815 2885 ex
834 2851 875 2885 E.
1021 2863 1054 2895 9.
1079 2848 1281 2894 πλάττεται]
1301 2852 1322 2866 “
1335 2848 1425 2883 forte
1442 2848 1654 2893 πράττεται”
1672 2847 1815 2882 adnotat
1828 2847 1934 2887 Aub.,

349 2896 410 2931 sed
434 2898 618 2978 ἶὲλῗττῖαι
643 2903 735 2933 recte
759 2897 898 2933 exhibet
918 2897 955 2933 F.
982 2897 1025 2932 cf.
1044 2898 1083 2932 τὸ
1100 2898 1159 2941 τῆς
1176 2896 1340 2940 αἰτήσεως
1363 2895 1547 2930 πλάττεται
1573 2895 1692 2939 σχῆμα
1711 2895 1803 2930 infra
1819 2895 1887 2940 958
1905 2906 1935 2928 e.

352 2955 406 2989 13.
431 2959 445 2978 ε
470 2960 485 2978 ε
511 2959 531 2988 ῃ
585 2970 592 2978 .

1965 590 1986 628 Ul

1965 1007 2014 1032 10

1961 2640 2010 2674 30
