2037 3266
327 120 411 159 638
730 122 780 163 B.
814 122 1093 164 CYRILLI
1135 125 1517 166 ALEXANDR.
1744 124 1828 165 xvi.
1851 134 1914 177 15.

328 228 421 296 ἐμά
464 229 615 298 φησίν
656 231 762 294 ἐστι,
803 231 889 296 τὴν
930 236 992 287 εἰς
1033 233 1177 299 ἄκρον
1216 234 1398 297 ἕνωσιν,
1439 233 1497 298 ἢν
1537 234 1629 302 ἔχει
1674 234 1793 300 πρὸς
1833 234 1915 285 τὸν

326 310 636 375 γεννήσαντα,
664 314 739 364 καὶ
764 312 850 377 τὴν
875 316 958 377 τῆς
984 314 1350 379 ὁμοουσιότητος
1381 315 1589 379 δύναμιν,
1615 316 1662 367 ἐν
1689 317 1910 381 ἀπαραλ-

326 391 517 447 λάκτοις
554 394 704 445 οὖσαν
734 400 829 449 τοῖς
864 395 1132 459 ἰδιώμασιν,
1159 397 1208 447 ἐν
1233 398 1413 465 ἀμφοῖν
1444 396 1520 449 διὰ
1556 398 1724 449 τούτου
1761 419 1914 463 παρα-

327 474 520 529 δεικνύς.
584 482 722 527 τοῦτο
772 477 815 527 δ’
860 474 918 526 ἂν
964 476 1077 530 ἰ’δοις
1129 478 1205 528 καὶ
1256 477 1390 541 μάλα
1439 483 1611 546 σαφῶς
1656 481 1704 530 ἐν
1744 479 1914 545 ἑτέροις

105 548 199 579 Infra

105 593 249 623 xvii.10.
326 555 531 620 λε’γοντα
569 556 687 623 πρὸς
725 556 806 608 τὸν
835 558 1028 624 Πατέρα
1068 565 1093 587 “
1115 557 1284 609 Πάντα
1322 559 1415 626 γὰρ
1453 559 1513 611 τὰ
1553 560 1642 624 ἐμὰ
1682 561 1750 610 σά
1794 562 1910 623 ἐστι,
1931 581 1953 618 5

326 643 354 666 “
379 639 454 688 καὶ
481 637 541 689 τὰ
566 638 634 689 σὰ
660 638 787 702 ε’μά·”
830 638 897 693 οἷς
923 639 1017 706 γὰρ
1041 639 1164 693 ὅλως
1190 639 1342 691 ἔνεστι
1366 641 1420 692 τὸ
1446 641 1734 693 διαλλάττον
1760 641 1909 706 οὐδὲν,

325 721 400 770 καὶ
427 719 454 783 ἡ
482 719 600 770 κατὰ
626 725 722 771 πᾶν
747 721 902 772 ὁτιοῦν
928 722 1160 786 οὐσιώδης
1187 720 1349 787 ἰσότης
1373 746 1424 774 τε
1449 727 1524 774 καὶ
1555 723 1784 792 ἐμφέρεια,
1811 728 1912 777 πῶς

284 821 307 849 e
325 802 409 853 οὐκ
444 801 501 853 ἂν
526 800 615 853 εἶεν
639 802 787 854 ταύτὰ
824 806 882 871 τῇ
918 803 1092 870 φύσει;
1134 804 1226 871 ἔχει
1251 805 1406 856 τοίνυν
1433 807 1458 856 ὁ
1486 805 1607 859 Θεὸς
1638 807 1713 856 καὶ
1741 805 1911 871 Πατὴρ

323 884 380 952 ἐξ
416 885 580 935 ἑαυτοῦ
620 907 670 935 τε
715 887 791 936 καὶ
832 887 882 936 ἐν
922 887 1070 955 ἑαυτῷ
1109 885 1163 937 τὸ
1205 887 1322 938 ἴδιον
1356 891 1564 952 Πνεῦμα,
1599 888 1815 939 τουτέστι
1856 886 1910 940 τὸ

314 964 504 1032 ’Ἀγιον,
543 968 602 1017 δι’
642 967 696 1018 οῦ
734 972 830 1021 τοῖς
868 967 1018 1032 ἁγίοις
1059 968 1348 1035 ἐναυλίζεταί
1380 992 1430 1020 τε
1470 970 1546 1021 καὶ
1584 970 1909 1022 ἀποκαλύπτει
1931 996 1980 1021 10

322 1047 574 1114 μυστήρια,
617 1049 701 1099 οὐκ
743 1050 792 1099 ἐν
831 1048 962 1118 τάξει
1007 1053 1065 1117 τῇ
1113 1051 1371 1118 ὑπουργικῇ
1414 1051 1910 1117 παραλαμβανομένου

321 1129 441 1196 πρὸς
477 1136 632 1181 τοῦτο·
674 1129 738 1195 μὴ
777 1130 871 1198 γὰρ
910 1135 1069 1199 οἰηθῇς
1107 1154 1151 1183 τι
1189 1138 1415 1183 τοιοῦτον·
1461 1134 1570 1183 ἀλλ’
1607 1135 1656 1184 ἐν
1693 1134 1819 1203 αὐτῷ
1857 1157 1907 1185 τε

322 1210 456 1265 ὄντος
494 1213 746 1275 οὐσιωδῶς,
779 1215 853 1263 καὶ
894 1213 951 1282 ἐξ
985 1214 1125 1264 αὐτοῦ
1163 1213 1409 1280 προϊόντος
1447 1214 1710 1280 ἀμερίστως
1746 1237 1795 1266 τε
1834 1217 1909 1266 καὶ

322 1292 633 1357 ἀδιαστάτως,
660 1297 721 1348 ὡς
747 1294 840 1346 ’ίδιά
865 1319 913 1346 τε
940 1296 1320 1362 διερμηνεύοντος
1343 1295 1401 1347 τὰ
1427 1298 1476 1347 ἐν
1501 1295 1539 1366 ᾧ
1571 1298 1646 1348 καὶ
1678 1298 1735 1366 ἐξ
1765 1297 1907 1363 οὗπέρ

321 1376 468 1426 ἐστιν.
522 1377 678 1440 ὁμιλεῖ
699 1376 791 1443 γὰρ
818 1377 905 1444 οὐχ
930 1377 1094 1444 ἑτέρως
1122 1382 1180 1446 τῇ
1207 1378 1358 1429 κτίσει
1383 1377 1518 1442 Θεὸς,
1545 1383 1582 1429 εἰ
1612 1378 1678 1443 μὴ
1705 1378 1761 1430 δι’
1789 1383 1907 1431 Υἰοῦ
1930 1402 1977 1440 15

276 1458 369 1508 (Ιέν
404 1457 658 1522 Πνεύματι.
723 1460 835 1509 ἀλλ’
863 1459 978 1510 ἴδιον
1016 1459 1110 1526 γὰρ
1151 1463 1346 1523 Πνεῦμα
1384 1459 1522 1512 τοῦτό
1565 1462 1669 1512 ἐστι
1709 1464 1784 1513 καὶ
1825 1467 1908 1513 τοῦ

324 1543 640 1604 Μονογενοῦς,
669 1540 919 1603 ὁμοούσιος
944 1540 1037 1606 γάρ
1063 1543 1165 1591 ἐστι
1191 1545 1256 1610 τῷ
1284 1543 1456 1609 Πατρί.

393 1621 588 1685 Ἐπειδὴ
627 1623 796 1684 τοίνυν,
826 1624 989 1690 φησὶν,
1023 1621 1287 1690 ἐνυπάρχον
1326 1624 1541 1691 φαίνεται
1578 1626 1645 1694 τῷ
1685 1627 1794 1693 Θεῷ
1835 1625 1910 1675 καὶ

323 1705 479 1770 Πατρὶ
504 1703 557 1754 τὸ
584 1705 632 1754 ἐν
659 1703 899 1767 Πνεύματι
932 1707 999 1774 τῷ
1032 1705 1133 1773 ἰδίῳ
1170 1710 1266 1759 τοῖς
1297 1705 1445 1773 ἀξίοις
1469 1705 1908 1768 ἀποκαλύπτεσθαι,

320 1787 521 1851 ἐνεργεῖν
545 1809 595 1837 τε
633 1788 708 1836 καὶ
749 1787 803 1837 δι’
831 1787 974 1837 αὐτοῦ
1012 1786 1070 1837 τὰ
1109 1787 1293 1853 ὅσαπερ
1333 1786 1389 1837 ἂν
1416 1786 1662 1852 βούληται,
1688 1789 1828 1852 κάμοὶ
1860 1787 1907 1839 δὲ
1927 1810 1976 1834 20

320 1874 460 1919 τοῦτο
485 1867 723 1934 πρόσεστι
751 1872 984 1937 φυσικῶς,
1014 1867 1090 1918 διὰ
1123 1867 1299 1933 ταύτην
1325 1869 1486 1934 εἴρηκα
1519 1869 1605 1934 τὴν
1632 1871 1784 1920 αἰτίαν
1800 1869 1907 1921 ’Ότι

320 1952 371 2002 ἐκ
409 1952 480 2002 τοῦ
520 1950 625 2018 ἐμοῦ
662 1951 894 2019 λαμβάνει
939 1955 1017 2002 καὶ
1057 1953 1312 2016 ἀναγγελεῖ
1344 1953 1457 2018 ὑμῖν.
1513 1952 1820 2018 ταραττέσθω
1859 1952 1909 2003 δὲ

320 2034 492 2096 μηδεὶς,
520 2031 633 2083 ὅταν
660 2034 708 2083 ἐν
734 2032 915 2086 τούτοις
941 2031 1088 2099 ἀκούῃ
1113 2031 1168 2083 τὸ
1195 2035 1278 2095 τῆς
1305 2031 1502 2101 λήψεως
1533 2033 1697 2097 ὄνομα,
1725 2036 1905 2084 διενθυ-

321 2115 502 2177 μείσθω
529 2114 578 2165 δὲ
604 2119 794 2177 μᾶλλον
818 2116 978 2165 ἐκεῖνο·
1023 2113 1210 2180 δράσειε
1237 2113 1332 2180 γὰρ
1364 2113 1421 2165 ἂν
1448 2116 1615 2181 ὀρθῶς·
1657 2114 1727 2165 ὅτι
1752 2114 1908 2165 πάντα

284 2195 382 2247 er&
419 2198 524 2262 περὶ
564 2200 688 2247 Θεοῦ
724 2201 939 2246 λαλεῖται
978 2195 1063 2259 μὲν
1102 2196 1209 2247 καθ’
1250 2196 1384 2260 ἡμᾶς,
1425 2201 1595 2247 νοεῖται
1633 2195 1783 2262 γεμὴν
1821 2197 1907 2263 οὐχ
1926 2211 1973 2248 25

323 2279 484 2340 οὕτως,
526 2278 638 2328 ἀλλ’
680 2277 795 2343 ὑπὲρ
847 2278 983 2342 ἡμᾶς·
1039 2275 1303 2341 λαμβάνειν
1343 2300 1393 2328 τε
1438 2278 1559 2328 οὕτω
1609 2276 1663 2328 τὸ
1711 2278 1907 2340 Πνεῦμά

323 2363 494 2427 φαμεν,
521 2359 571 2410 ἔκ
606 2381 656 2410 τε
693 2365 777 2410 τοῦ
814 2358 1004 2425 Πατρὸς
1043 2360 1119 2410 καί
1157 2364 1240 2409 τοῦ
1266 2362 1385 2409 Υἰοῦ
1423 2357 1483 2409 τὰ
1520 2360 1688 2421 αὐτῶν,
1719 2360 1807 2426 οὐχ
1844 2361 1907 2412 ὡς

322 2439 437 2491 ποτὲ
485 2439 572 2503 μὲν
618 2441 702 2491 οὐκ
751 2440 860 2508 ἕχον
909 2439 995 2505 τὴν
1044 2441 1245 2491 ἐνοῦσαν
1292 2441 1447 2494 αὐτοῖς
1497 2441 1680 2506 γνῶσίν
1731 2463 1781 2492 τε
1830 2442 1906 2491 καὶ

323 2522 534 2585 δύναμιν,
574 2522 682 2589 ε”χον
724 2521 773 2573 δὲ
817 2520 922 2574 τότε
966 2521 1106 2587 μόλις
1147 2521 1261 2573 ὅταν
1303 2525 1463 2587 νοῆται
1505 2521 1770 2586 λαμβάνον·
1837 2523 1907 2572 ἀεὶ

322 2602 416 2669 γὰρ
454 2602 614 2674 σοφὸν
646 2606 722 2655 καὶ
760 2603 959 2655 δυνατὸν
991 2604 1045 2655 τὸ
1083 2602 1281 2669 Πνεῦμά
1316 2605 1432 2667 ἐστι,
1459 2608 1651 2668 μᾶλλον
1684 2603 1731 2655 δὲ
1769 2604 1904 2655 αὑτό-
1923 2626 1973 2661 30

323 2708 483 2752 χρημα
516 2686 670 2754 σοφία
704 2688 780 2737 καὶ
814 2685 1021 2750 δύναμις,
1047 2687 1131 2738 οὐκ
1165 2687 1214 2737 ἐκ
1249 2688 1450 2753 μετοχῆς
1485 2688 1568 2749 τῆς
1601 2684 1745 2750 τινὸς,
1775 2684 1905 2736 ἀλλὰ

369 2880 402 2914 3.
428 2869 548 2904 τούτου
567 2870 608 2905 Ε.
628 2870 777 2905 Veccus.
795 2872 895 2905 τοῦτο
914 2869 981 2905 Ed.
1275 2883 1309 2915 9.
1335 2871 1441 2915 ἑαυτῷ
1461 2870 1539 2915 E.q.
1559 2869 1708 2905 Veccus.
1727 2869 1815 2915 αὐτῷ
1836 2869 1902 2903 Ed.

327 2916 378 2950 16.
407 2916 473 2961 γὰρ
490 2924 710 2962 assumptum
727 2930 768 2952 ex
786 2929 820 2962 q.
839 2917 967 2951 Vecco.
