<?xml version="1.0" encoding="UTF-8"?>
<!DOCTYPE html PUBLIC "-//W3C//DTD XHTML 1.0 Transitional//EN"
    "http://www.w3.org/TR/xhtml1/DTD/xhtml1-transitional.dtd">
<html xmlns="http://www.w3.org/1999/xhtml" xml:lang="en" lang="en">
 <head>
  <title>
</title>
<meta http-equiv="Content-Type" content="text/html;charset=utf-8" />
  <meta name='ocr-system' content='tesseract 3.04.00' />
  <meta name='ocr-capabilities' content='ocr_page ocr_carea ocr_par ocr_line ocrx_word'/>
</head>
<body>
  <div class='ocr_page' id='page_1' title='image "./operacyrilli04cyriuoft/operacyrilli04cyriuoft_0149.png"; bbox 0 0 1971 3272; ppageno 0'>
   <div class='ocr_carea' id='block_1_1' title="bbox 119 128 1702 183">
    <p class='ocr_par' dir='ltr' id='par_1_1' title="bbox 119 128 1702 183">
     <span class='ocr_line' id='line_1_1' title="bbox 119 128 1702 183; baseline 0.008 -16"><span class='ocrx_word' id='word_1_1' title='bbox 119 128 286 183; x_wconf 81' lang='lat' dir='ltr'>ix.2,3.</span> <span class='ocrx_word' id='word_1_2' title='bbox 368 130 436 169; x_wconf 84' lang='lat' dir='ltr'>IN</span> <span class='ocrx_word' id='word_1_3' title='bbox 483 131 894 173; x_wconf 64' lang='lat' dir='ltr'>S..1()ANN‘1‹2M.</span> <span class='ocrx_word' id='word_1_4' title='bbox 962 135 1082 175; x_wconf 75' lang='lat' dir='ltr'>Llss.</span> <span class='ocrx_word' id='word_1_5' title='bbox 1114 136 1186 175; x_wconf 64' lang='lat' dir='ltr'>VI.</span> <span class='ocrx_word' id='word_1_6' title='bbox 1251 138 1382 177; x_wconf 58' lang='grc' dir='ltr'>(ἋΧΙ).</span> <span class='ocrx_word' id='word_1_7' title='bbox 1420 139 1450 178; x_wconf 85' lang='grc' dir='ltr'>Ῑ.</span> <span class='ocrx_word' id='word_1_8' title='bbox 1626 142 1702 179; x_wconf 81' lang='lat'>137</span> 
     </span>
    </p>
   </div>
   <div class='ocr_carea' id='block_1_2' title="bbox 13 239 1913 2616">
    <p class='ocr_par' dir='ltr' id='par_1_2' title="bbox 13 239 1913 1952">
     <span class='ocr_line' id='line_1_2' title="bbox 114 239 1699 312; baseline 0.006 -23"><span class='ocrx_word' id='word_1_9' title='bbox 114 239 327 290; x_wconf 84' lang='grc' dir='ltr'>Ἰουδαῖοι</span> <span class='ocrx_word' id='word_1_10' title='bbox 365 240 450 302; x_wconf 72' lang='grc' dir='ltr'>μὲν</span> <span class='ocrx_word' id='word_1_11' title='bbox 490 242 582 307; x_wconf 74' lang='grc' dir='ltr'>γὰρ</span> <span class='ocrx_word' id='word_1_12' title='bbox 623 247 663 293; x_wconf 80' lang='grc' dir='ltr'>οὶ</span> <span class='ocrx_word' id='word_1_13' title='bbox 704 243 902 298; x_wconf 82' lang='grc' dir='ltr'>τάλανες</span> <span class='ocrx_word' id='word_1_14' title='bbox 942 248 1002 299; x_wconf 81' lang='grc' dir='ltr'>ὡς</span> <span class='ocrx_word' id='word_1_15' title='bbox 1045 252 1341 311; x_wconf 71' lang='grc' dir='ltr'>προγονικῶν</span> <span class='ocrx_word' id='word_1_16' title='bbox 1379 249 1699 312; x_wconf 76' lang='grc' dir='ltr'>ἀσεβημάτων</span> 
     </span>
     <span class='ocr_line' id='line_1_3' title="bbox 112 321 1700 396; baseline 0.007 -25"><span class='ocrx_word' id='word_1_17' title='bbox 112 321 422 387; x_wconf 78' lang='grc' dir='ltr'>πραττόμενοι</span> <span class='ocrx_word' id='word_1_18' title='bbox 472 325 614 386; x_wconf 82' lang='grc' dir='ltr'>δίκας,</span> <span class='ocrx_word' id='word_1_19' title='bbox 667 324 695 390; x_wconf 77' lang='grc' dir='ltr'>ἢ</span> <span class='ocrx_word' id='word_1_20' title='bbox 748 330 821 376; x_wconf 80' lang='grc' dir='ltr'>καὶ</span> <span class='ocrx_word' id='word_1_21' title='bbox 874 329 1158 393; x_wconf 80' lang='grc' dir='ltr'>ἀλογώτατα</span> <span class='ocrx_word' id='word_1_22' title='bbox 1208 328 1291 382; x_wconf 78' lang='grc' dir='ltr'>τὰς</span> <span class='ocrx_word' id='word_1_23' title='bbox 1341 334 1436 379; x_wconf 83' lang='grc' dir='ltr'>τῶν</span> <span class='ocrx_word' id='word_1_24' title='bbox 1486 331 1700 396; x_wconf 73' lang='grc' dir='ltr'>πατέρων</span> 
     </span>
     <span class='ocr_line' id='line_1_4' title="bbox 112 404 1700 479; baseline 0.007 -27"><span class='ocrx_word' id='word_1_25' title='bbox 112 404 339 469; x_wconf 82' lang='grc' dir='ltr'>ἁμαρτίας</span> <span class='ocrx_word' id='word_1_26' title='bbox 378 406 757 472; x_wconf 81' lang='grc' dir='ltr'>ε’πιῤῥιπτοῦντος</span> <span class='ocrx_word' id='word_1_27' title='bbox 796 410 951 463; x_wconf 85' lang='grc' dir='ltr'>αὐτοῖς</span> <span class='ocrx_word' id='word_1_28' title='bbox 990 416 1073 460; x_wconf 83' lang='grc' dir='ltr'>τοῦ</span> <span class='ocrx_word' id='word_1_29' title='bbox 1110 414 1247 473; x_wconf 76' lang='grc' dir='ltr'>Θεοῦ,</span> <span class='ocrx_word' id='word_1_30' title='bbox 1282 413 1355 461; x_wconf 74' lang='grc' dir='ltr'>καὶ</span> <span class='ocrx_word' id='word_1_31' title='bbox 1396 412 1700 479; x_wconf 74' lang='grc' dir='ltr'>διεγόγγυζον</span> 
     </span>
     <span class='ocr_line' id='line_1_5' title="bbox 111 485 1697 559; baseline 0.006 -25"><span class='ocrx_word' id='word_1_32' title='bbox 111 485 165 535; x_wconf 80' lang='grc' dir='ltr'>οὐ</span> <span class='ocrx_word' id='word_1_33' title='bbox 198 490 386 551; x_wconf 80' lang='grc' dir='ltr'>μικρῶς,</span> <span class='ocrx_word' id='word_1_34' title='bbox 422 491 497 537; x_wconf 86' lang='grc' dir='ltr'>καὶ</span> <span class='ocrx_word' id='word_1_35' title='bbox 535 489 801 555; x_wconf 73' lang='grc' dir='ltr'>κατεγέλων</span> <span class='ocrx_word' id='word_1_36' title='bbox 835 493 897 545; x_wconf 84' lang='grc' dir='ltr'>ὡς</span> <span class='ocrx_word' id='word_1_37' title='bbox 933 493 1221 543; x_wconf 82' lang='grc' dir='ltr'>ἀδικωτάτου</span> <span class='ocrx_word' id='word_1_38' title='bbox 1257 495 1492 558; x_wconf 87' lang='grc' dir='ltr'>κρίματος,</span> <span class='ocrx_word' id='word_1_39' title='bbox 1531 497 1605 545; x_wconf 75' lang='grc' dir='ltr'>καὶ</span> <span class='ocrx_word' id='word_1_40' title='bbox 1641 495 1697 559; x_wconf 82' lang='grc' dir='ltr'>δὴ</span> 
     </span>
     <span class='ocr_line' id='line_1_6' title="bbox 69 567 1900 654; baseline 0.007 -37"><span class='ocrx_word' id='word_1_41' title='bbox 69 568 185 617; x_wconf 81' lang='grc' dir='ltr'>5καὶ</span> <span class='ocrx_word' id='word_1_42' title='bbox 225 567 439 635; x_wconf 74' lang='grc' dir='ltr'>ε”φασκον</span> <span class='ocrx_word' id='word_1_43' title='bbox 479 573 540 624; x_wconf 86' lang='grc' dir='ltr'>ὡς</span> <span class='ocrx_word' id='word_1_44' title='bbox 580 573 627 621; x_wconf 82' lang='grc' dir='ltr'>ἐν</span> <span class='ocrx_word' id='word_1_45' title='bbox 665 573 771 623; x_wconf 83' lang='grc' dir='ltr'>εἴδει</span> <span class='ocrx_word' id='word_1_46' title='bbox 809 577 1093 639; x_wconf 73' lang='grc' dir='ltr'>παραβολῆς</span> <span class='ocrx_word' id='word_1_47' title='bbox 1133 579 1244 625; x_wconf 69' lang='lat' dir='ltr'>“Oi</span> <span class='ocrx_word' id='word_1_48' title='bbox 1283 576 1477 642; x_wconf 73' lang='grc' dir='ltr'>πατέρες</span> <span class='ocrx_word' id='word_1_49' title='bbox 1517 577 1698 645; x_wconf 74' lang='grc' dir='ltr'>ἔφαγον</span> <span class='ocrx_word' id='word_1_50' title='bbox 1761 580 1900 654; x_wconf 55' lang='grc' dir='ltr'>’(Ηῖ</span> 
     </span>
     <span class='ocr_line' id='line_1_7' title="bbox 110 648 1735 726; baseline 0.007 -28"><span class='ocrx_word' id='word_1_51' title='bbox 110 656 137 678; x_wconf 84' lang='grc'>“</span> <span class='ocrx_word' id='word_1_52' title='bbox 164 648 377 716; x_wconf 79' lang='grc' dir='ltr'>ὄμφακα,</span> <span class='ocrx_word' id='word_1_53' title='bbox 415 653 489 702; x_wconf 77' lang='grc' dir='ltr'>καὶ</span> <span class='ocrx_word' id='word_1_54' title='bbox 531 656 572 703; x_wconf 79' lang='grc' dir='ltr'>οἱ</span> <span class='ocrx_word' id='word_1_55' title='bbox 612 655 796 709; x_wconf 82' lang='grc' dir='ltr'>ὀδόντες</span> <span class='ocrx_word' id='word_1_56' title='bbox 834 660 929 706; x_wconf 77' lang='grc' dir='ltr'>τῶν</span> <span class='ocrx_word' id='word_1_57' title='bbox 967 657 1141 707; x_wconf 69' lang='grc' dir='ltr'>τέκνων</span> <span class='ocrx_word' id='word_1_58' title='bbox 1179 658 1530 726; x_wconf 82' lang='grc' dir='ltr'>ἐγομφίασαν.”</span> <span class='ocrx_word' id='word_1_59' title='bbox 1571 660 1735 710; x_wconf 68' lang='grc' dir='ltr'>οὗτοιοΙ</span> 
     </span>
     <span class='ocr_line' id='line_1_8' title="bbox 109 730 1696 804; baseline 0.007 -23"><span class='ocrx_word' id='word_1_60' title='bbox 109 730 157 781; x_wconf 77' lang='grc' dir='ltr'>δὲ</span> <span class='ocrx_word' id='word_1_61' title='bbox 202 732 349 783; x_wconf 87' lang='grc' dir='ltr'>πάλιν</span> <span class='ocrx_word' id='word_1_62' title='bbox 392 734 577 799; x_wconf 84' lang='grc' dir='ltr'>γείτονά</span> <span class='ocrx_word' id='word_1_63' title='bbox 621 760 671 787; x_wconf 90' lang='grc' dir='ltr'>τε</span> <span class='ocrx_word' id='word_1_64' title='bbox 717 741 791 788; x_wconf 77' lang='grc' dir='ltr'>καὶ</span> <span class='ocrx_word' id='word_1_65' title='bbox 838 742 1049 804; x_wconf 85' lang='grc' dir='ltr'>συγγενῆ</span> <span class='ocrx_word' id='word_1_66' title='bbox 1096 746 1346 793; x_wconf 83' lang='grc' dir='ltr'>νοσοῦντες</span> <span class='ocrx_word' id='word_1_67' title='bbox 1388 743 1696 792; x_wconf 79' lang='grc' dir='ltr'>ἀπαιδευσίαν</span> 
     </span>
     <span class='ocr_line' id='line_1_9' title="bbox 107 816 1696 888; baseline 0.008 -25"><span class='ocrx_word' id='word_1_68' title='bbox 107 818 201 867; x_wconf 89' lang='grc' dir='ltr'>τοῖς</span> <span class='ocrx_word' id='word_1_69' title='bbox 240 816 408 881; x_wconf 81' lang='grc' dir='ltr'>ἀρτίως</span> <span class='ocrx_word' id='word_1_70' title='bbox 448 819 558 881; x_wconf 82' lang='grc' dir='ltr'>ἡμῖν</span> <span class='ocrx_word' id='word_1_71' title='bbox 596 821 1037 884; x_wconf 74' lang='grc' dir='ltr'>κατωνομασμένοις</span> <span class='ocrx_word' id='word_1_72' title='bbox 1074 822 1167 888; x_wconf 81' lang='grc' dir='ltr'>πρὸ</span> <span class='ocrx_word' id='word_1_73' title='bbox 1203 826 1286 886; x_wconf 81' lang='grc' dir='ltr'>τῆς</span> <span class='ocrx_word' id='word_1_74' title='bbox 1324 828 1419 874; x_wconf 79' lang='grc' dir='ltr'>τῶν</span> <span class='ocrx_word' id='word_1_75' title='bbox 1457 824 1696 887; x_wconf 87' lang='grc' dir='ltr'>σωμάτων</span> 
     </span>
     <span class='ocr_line' id='line_1_10' title="bbox 108 901 1696 973; baseline 0.008 -28"><span class='ocrx_word' id='word_1_76' title='bbox 108 902 398 962; x_wconf 81' lang='grc' dir='ltr'>κατασκευῆς</span> <span class='ocrx_word' id='word_1_77' title='bbox 447 901 771 970; x_wconf 79' lang='grc' dir='ltr'>προϋπάρχειν</span> <span class='ocrx_word' id='word_1_78' title='bbox 816 903 900 966; x_wconf 79' lang='grc' dir='ltr'>μὲν</span> <span class='ocrx_word' id='word_1_79' title='bbox 946 906 1020 955; x_wconf 79' lang='grc' dir='ltr'>καὶ</span> <span class='ocrx_word' id='word_1_80' title='bbox 1063 906 1423 973; x_wconf 81' lang='grc' dir='ltr'>προϋφεστάναι</span> <span class='ocrx_word' id='word_1_81' title='bbox 1473 906 1557 960; x_wconf 79' lang='grc' dir='ltr'>τὰς</span> <span class='ocrx_word' id='word_1_82' title='bbox 1601 912 1696 958; x_wconf 83' lang='grc' dir='ltr'>τῶν</span> 
     </span>
     <span class='ocr_line' id='line_1_11' title="bbox 13 971 1690 1055; baseline 0.008 -29"><span class='ocrx_word' id='word_1_83' title='bbox 13 971 87 1022; x_wconf 42' lang='grc'>’10</span> <span class='ocrx_word' id='word_1_84' title='bbox 106 979 366 1044; x_wconf 79' lang='grc' dir='ltr'>ἀνθρώπων</span> <span class='ocrx_word' id='word_1_85' title='bbox 416 982 580 1049; x_wconf 76' lang='grc' dir='ltr'>ψυχὰς</span> <span class='ocrx_word' id='word_1_86' title='bbox 631 986 948 1047; x_wconf 87' lang='grc' dir='ltr'>διατείνονται,</span> <span class='ocrx_word' id='word_1_87' title='bbox 996 987 1360 1055; x_wconf 81' lang='grc' dir='ltr'>καταφοιτώσας</span> <span class='ocrx_word' id='word_1_88' title='bbox 1412 987 1460 1038; x_wconf 76' lang='grc' dir='ltr'>δὲ</span> <span class='ocrx_word' id='word_1_89' title='bbox 1509 989 1690 1055; x_wconf 76' lang='grc' dir='ltr'>προθύ-</span> 
     </span>
     <span class='ocr_line' id='line_1_12' title="bbox 104 1063 1693 1135; baseline 0.006 -24"><span class='ocrx_word' id='word_1_90' title='bbox 104 1083 202 1122; x_wconf 89' lang='grc' dir='ltr'>μως</span> <span class='ocrx_word' id='word_1_91' title='bbox 238 1066 301 1115; x_wconf 82' lang='grc' dir='ltr'>εἷς</span> <span class='ocrx_word' id='word_1_92' title='bbox 336 1063 390 1114; x_wconf 81' lang='grc' dir='ltr'>τὸ</span> <span class='ocrx_word' id='word_1_93' title='bbox 424 1071 723 1128; x_wconf 79' lang='grc' dir='ltr'>πλημμελεῖν</span> <span class='ocrx_word' id='word_1_94' title='bbox 750 1069 824 1117; x_wconf 82' lang='grc' dir='ltr'>καὶ</span> <span class='ocrx_word' id='word_1_95' title='bbox 858 1066 951 1133; x_wconf 77' lang='grc' dir='ltr'>πρὸ</span> <span class='ocrx_word' id='word_1_96' title='bbox 986 1073 1080 1119; x_wconf 82' lang='grc' dir='ltr'>τῶν</span> <span class='ocrx_word' id='word_1_97' title='bbox 1112 1069 1364 1132; x_wconf 88' lang='grc' dir='ltr'>σωμάτων,</span> <span class='ocrx_word' id='word_1_98' title='bbox 1390 1070 1444 1121; x_wconf 82' lang='grc' dir='ltr'>τὸ</span> <span class='ocrx_word' id='word_1_99' title='bbox 1479 1071 1693 1135; x_wconf 77' lang='grc' dir='ltr'>τηνικάδε</span> 
     </span>
     <span class='ocr_line' id='line_1_13' title="bbox 104 1145 1913 1220; baseline 0.008 -28"><span class='ocrx_word' id='word_1_100' title='bbox 104 1145 382 1196; x_wconf 84' lang='grc' dir='ltr'>συνδεῖσθαι</span> <span class='ocrx_word' id='word_1_101' title='bbox 433 1147 612 1201; x_wconf 84' lang='grc' dir='ltr'>τούτοις</span> <span class='ocrx_word' id='word_1_102' title='bbox 661 1149 817 1211; x_wconf 79' lang='grc' dir='ltr'>αὐτὰς,</span> <span class='ocrx_word' id='word_1_103' title='bbox 867 1152 929 1203; x_wconf 87' lang='grc' dir='ltr'>ὡς</span> <span class='ocrx_word' id='word_1_104' title='bbox 973 1152 1022 1201; x_wconf 85' lang='grc' dir='ltr'>ἐν</span> <span class='ocrx_word' id='word_1_105' title='bbox 1072 1151 1204 1220; x_wconf 73' lang='grc' dir='ltr'>τάξει</span> <span class='ocrx_word' id='word_1_106' title='bbox 1255 1152 1500 1207; x_wconf 87' lang='grc' dir='ltr'>κολάσεως</span> <span class='ocrx_word' id='word_1_107' title='bbox 1544 1153 1598 1204; x_wconf 80' lang='grc' dir='ltr'>τὸ</span> <span class='ocrx_word' id='word_1_108' title='bbox 1645 1157 1692 1205; x_wconf 85' lang='grc' dir='ltr'>ἐν</span> <span class='ocrx_word' id='word_1_109' title='bbox 1711 1176 1732 1198; x_wconf 80' lang='lat' dir='ltr'>a</span> <span class='ocrx_word' id='word_1_110' title='bbox 1759 1168 1846 1201; x_wconf 84' lang='grc'>589</span> <span class='ocrx_word' id='word_1_111' title='bbox 1863 1168 1913 1201; x_wconf 88' lang='lat' dir='ltr'>A·</span> 
     </span>
     <span class='ocr_line' id='line_1_14' title="bbox 104 1228 1692 1305; baseline 0.008 -31"><span class='ocrx_word' id='word_1_112' title='bbox 104 1230 247 1291; x_wconf 85' lang='grc' dir='ltr'>σαρκὶ</span> <span class='ocrx_word' id='word_1_113' title='bbox 293 1228 516 1292; x_wconf 83' lang='grc' dir='ltr'>γενέσθαι</span> <span class='ocrx_word' id='word_1_114' title='bbox 568 1231 835 1297; x_wconf 68' lang='grc' dir='ltr'>δεχομένας.</span> <span class='ocrx_word' id='word_1_115' title='bbox 898 1234 1007 1283; x_wconf 85' lang='grc' dir='ltr'>ἀλλ’</span> <span class='ocrx_word' id='word_1_116' title='bbox 1048 1233 1112 1284; x_wconf 78' lang='grc' dir='ltr'>ἑνὶ</span> <span class='ocrx_word' id='word_1_117' title='bbox 1162 1236 1237 1284; x_wconf 81' lang='grc' dir='ltr'>καὶ</span> <span class='ocrx_word' id='word_1_118' title='bbox 1289 1234 1512 1304; x_wconf 76' lang='grc' dir='ltr'>συντόμῳ</span> <span class='ocrx_word' id='word_1_119' title='bbox 1559 1236 1692 1305; x_wconf 78' lang='grc' dir='ltr'>λόγῳ</span> 
     </span>
     <span class='ocr_line' id='line_1_15' title="bbox 103 1306 1692 1383; baseline 0.008 -26"><span class='ocrx_word' id='word_1_120' title='bbox 103 1306 187 1361; x_wconf 76' lang='grc' dir='ltr'>τὰς</span> <span class='ocrx_word' id='word_1_121' title='bbox 226 1307 337 1375; x_wconf 83' lang='grc' dir='ltr'>παρ’</span> <span class='ocrx_word' id='word_1_122' title='bbox 377 1311 557 1379; x_wconf 84' lang='grc' dir='ltr'>ἀμφοῖν</span> <span class='ocrx_word' id='word_1_123' title='bbox 598 1314 854 1367; x_wconf 83' lang='grc' dir='ltr'>ἀσυνεσίας</span> <span class='ocrx_word' id='word_1_124' title='bbox 899 1313 1072 1366; x_wconf 81' lang='grc' dir='ltr'>ἐ’λυσεν</span> <span class='ocrx_word' id='word_1_125' title='bbox 1114 1317 1138 1366; x_wconf 86' lang='grc' dir='ltr'>ὁ</span> <span class='ocrx_word' id='word_1_126' title='bbox 1183 1317 1410 1383; x_wconf 82' lang='grc' dir='ltr'>Χριστὸς,</span> <span class='ocrx_word' id='word_1_127' title='bbox 1450 1317 1567 1382; x_wconf 85' lang='grc' dir='ltr'>μήτε</span> <span class='ocrx_word' id='word_1_128' title='bbox 1610 1319 1692 1369; x_wconf 83' lang='grc' dir='ltr'>τὸν</span> 
     </span>
     <span class='ocr_line' id='line_1_16' title="bbox 38 1389 1685 1460; baseline 0.005 -18"><span class='ocrx_word' id='word_1_129' title='bbox 38 1406 83 1442; x_wconf 87' lang='lat'>15</span> <span class='ocrx_word' id='word_1_130' title='bbox 103 1389 291 1458; x_wconf 83' lang='grc' dir='ltr'>τυφλὸν</span> <span class='ocrx_word' id='word_1_131' title='bbox 331 1393 663 1459; x_wconf 80' lang='grc' dir='ltr'>ἡμαρτηκέναι,</span> <span class='ocrx_word' id='word_1_132' title='bbox 693 1395 808 1459; x_wconf 88' lang='grc' dir='ltr'>μήτε</span> <span class='ocrx_word' id='word_1_133' title='bbox 848 1394 942 1460; x_wconf 80' lang='grc' dir='ltr'>μὴν</span> <span class='ocrx_word' id='word_1_134' title='bbox 979 1397 1087 1452; x_wconf 75' lang='grc' dir='ltr'>τοὺς</span> <span class='ocrx_word' id='word_1_135' title='bbox 1125 1397 1344 1453; x_wconf 86' lang='grc' dir='ltr'>τεκόντας</span> <span class='ocrx_word' id='word_1_136' title='bbox 1385 1398 1526 1450; x_wconf 82' lang='grc' dir='ltr'>αὑτὸν</span> <span class='ocrx_word' id='word_1_137' title='bbox 1562 1403 1685 1451; x_wconf 89' lang='grc' dir='ltr'>διισ-</span> 
     </span>
     <span class='ocr_line' id='line_1_17' title="bbox 102 1472 1691 1546; baseline 0.008 -24"><span class='ocrx_word' id='word_1_138' title='bbox 102 1472 428 1538; x_wconf 85' lang='grc' dir='ltr'>χυρισάμενος,</span> <span class='ocrx_word' id='word_1_139' title='bbox 469 1476 715 1543; x_wconf 74' lang='grc' dir='ltr'>ἀνατρέπει</span> <span class='ocrx_word' id='word_1_140' title='bbox 759 1477 845 1541; x_wconf 73' lang='grc' dir='ltr'>μὲν</span> <span class='ocrx_word' id='word_1_141' title='bbox 883 1478 1122 1530; x_wconf 83' lang='grc' dir='ltr'>Ἰουδαίων</span> <span class='ocrx_word' id='word_1_142' title='bbox 1159 1479 1212 1532; x_wconf 77' lang='grc' dir='ltr'>τὸ</span> <span class='ocrx_word' id='word_1_143' title='bbox 1255 1482 1423 1546; x_wconf 88' lang='grc' dir='ltr'>δόγμα,</span> <span class='ocrx_word' id='word_1_144' title='bbox 1469 1483 1552 1533; x_wconf 81' lang='grc' dir='ltr'>οὐκ</span> <span class='ocrx_word' id='word_1_145' title='bbox 1597 1482 1691 1534; x_wconf 87' lang='grc' dir='ltr'>ἀπό</span> 
     </span>
     <span class='ocr_line' id='line_1_18' title="bbox 102 1559 1692 1632; baseline 0.008 -28"><span class='ocrx_word' id='word_1_146' title='bbox 102 1575 225 1607; x_wconf 86' lang='grc' dir='ltr'>τινος</span> <span class='ocrx_word' id='word_1_147' title='bbox 285 1559 612 1621; x_wconf 84' lang='grc' dir='ltr'>πλημμελείας</span> <span class='ocrx_word' id='word_1_148' title='bbox 674 1560 862 1628; x_wconf 82' lang='grc' dir='ltr'>τυφλὸν</span> <span class='ocrx_word' id='word_1_149' title='bbox 917 1565 1231 1628; x_wconf 79' lang='grc' dir='ltr'>γεγεννῆσθαι</span> <span class='ocrx_word' id='word_1_150' title='bbox 1294 1563 1377 1615; x_wconf 80' lang='grc' dir='ltr'>τὸν</span> <span class='ocrx_word' id='word_1_151' title='bbox 1441 1565 1692 1632; x_wconf 75' lang='grc' dir='ltr'>ἄνθρωπον</span> 
     </span>
     <span class='ocr_line' id='line_1_19' title="bbox 101 1634 1690 1713; baseline 0.009 -28"><span class='ocrx_word' id='word_1_152' title='bbox 101 1634 256 1698; x_wconf 82' lang='grc' dir='ltr'>εἰπὼν,</span> <span class='ocrx_word' id='word_1_153' title='bbox 296 1640 400 1690; x_wconf 73' lang='grc' dir='ltr'>οὔτε</span> <span class='ocrx_word' id='word_1_154' title='bbox 438 1640 496 1709; x_wconf 75' lang='grc' dir='ltr'>ἐξ</span> <span class='ocrx_word' id='word_1_155' title='bbox 530 1642 712 1703; x_wconf 78' lang='grc' dir='ltr'>οἰκείας,</span> <span class='ocrx_word' id='word_1_156' title='bbox 748 1645 851 1694; x_wconf 80' lang='grc' dir='ltr'>οὕτε</span> <span class='ocrx_word' id='word_1_157' title='bbox 889 1648 1186 1710; x_wconf 79' lang='grc' dir='ltr'>προγονικῆς,</span> <span class='ocrx_word' id='word_1_158' title='bbox 1221 1645 1331 1696; x_wconf 86' lang='grc' dir='ltr'>ἀλλ’</span> <span class='ocrx_word' id='word_1_159' title='bbox 1370 1647 1473 1698; x_wconf 78' lang='grc' dir='ltr'>οὐδὲ</span> <span class='ocrx_word' id='word_1_160' title='bbox 1511 1647 1690 1713; x_wconf 83' lang='grc' dir='ltr'>πατρὸς</span> 
     </span>
     <span class='ocr_line' id='line_1_20' title="bbox 100 1715 1683 1795; baseline 0.008 -26"><span class='ocrx_word' id='word_1_161' title='bbox 100 1715 129 1782; x_wconf 79' lang='grc' dir='ltr'>ἢ</span> <span class='ocrx_word' id='word_1_162' title='bbox 173 1720 365 1786; x_wconf 88' lang='grc' dir='ltr'>μητρός·</span> <span class='ocrx_word' id='word_1_163' title='bbox 434 1724 751 1793; x_wconf 76' lang='grc' dir='ltr'>καταστρέφει</span> <span class='ocrx_word' id='word_1_164' title='bbox 792 1725 842 1776; x_wconf 77' lang='grc' dir='ltr'>δὲ</span> <span class='ocrx_word' id='word_1_165' title='bbox 880 1726 1028 1778; x_wconf 86' lang='grc' dir='ltr'>πάλιν</span> <span class='ocrx_word' id='word_1_166' title='bbox 1068 1730 1151 1791; x_wconf 83' lang='grc' dir='ltr'>τῆς</span> <span class='ocrx_word' id='word_1_167' title='bbox 1191 1733 1286 1779; x_wconf 82' lang='grc' dir='ltr'>τῶν</span> <span class='ocrx_word' id='word_1_168' title='bbox 1324 1729 1492 1795; x_wconf 77' lang='grc' dir='ltr'>ἑτέρων</span> <span class='ocrx_word' id='word_1_169' title='bbox 1532 1731 1683 1790; x_wconf 78' lang='grc' dir='ltr'>ἀβελ-</span> 
     </span>
     <span class='ocr_line' id='line_1_21' title="bbox 31 1802 1728 1879; baseline 0.011 -30"><span class='ocrx_word' id='word_1_170' title='bbox 31 1818 82 1844; x_wconf 91' lang='lat'>20</span> <span class='ocrx_word' id='word_1_171' title='bbox 102 1802 262 1866; x_wconf 87' lang='grc' dir='ltr'>τηρίας</span> <span class='ocrx_word' id='word_1_172' title='bbox 294 1803 400 1858; x_wconf 77' lang='grc' dir='ltr'>τοὺς</span> <span class='ocrx_word' id='word_1_173' title='bbox 435 1806 621 1869; x_wconf 79' lang='grc' dir='ltr'>ὕθλους,</span> <span class='ocrx_word' id='word_1_174' title='bbox 654 1806 697 1858; x_wconf 73' lang='grc' dir='ltr'>οἳ</span> <span class='ocrx_word' id='word_1_175' title='bbox 737 1810 811 1859; x_wconf 81' lang='grc' dir='ltr'>καὶ</span> <span class='ocrx_word' id='word_1_176' title='bbox 846 1807 941 1876; x_wconf 81' lang='grc' dir='ltr'>πρὸ</span> <span class='ocrx_word' id='word_1_177' title='bbox 975 1809 1198 1874; x_wconf 84' lang='grc' dir='ltr'>σώματος</span> <span class='ocrx_word' id='word_1_178' title='bbox 1235 1812 1457 1877; x_wconf 83' lang='grc' dir='ltr'>ἁμαρτεῖν</span> <span class='ocrx_word' id='word_1_179' title='bbox 1486 1812 1684 1879; x_wconf 75' lang='grc' dir='ltr'>λέγουσι</span> <span class='ocrx_word' id='word_1_180' title='bbox 1702 1827 1728 1868; x_wconf 94' lang='lat' dir='ltr'>b</span> 
     </span>
     <span class='ocr_line' id='line_1_22' title="bbox 97 1881 391 1952; baseline 0.01 -19"><span class='ocrx_word' id='word_1_181' title='bbox 97 1881 181 1936; x_wconf 80' lang='grc' dir='ltr'>τὰς</span> <span class='ocrx_word' id='word_1_182' title='bbox 212 1885 391 1952; x_wconf 78' lang='grc' dir='ltr'>ψυχάς.</span> 
     </span>
    </p>

    <p class='ocr_par' dir='ltr' id='par_1_3' title="bbox 97 1967 1685 2205">
     <span class='ocr_line' id='line_1_23' title="bbox 170 1967 1685 2040; baseline 0.008 -24"><span class='ocrx_word' id='word_1_183' title='bbox 170 1967 304 2032; x_wconf 91' lang='grc' dir='ltr'>Ἐρεῖ</span> <span class='ocrx_word' id='word_1_184' title='bbox 340 1967 434 2034; x_wconf 87' lang='grc' dir='ltr'>γάρ</span> <span class='ocrx_word' id='word_1_185' title='bbox 474 1992 544 2023; x_wconf 89' lang='grc' dir='ltr'>τις</span> <span class='ocrx_word' id='word_1_186' title='bbox 586 1970 741 2024; x_wconf 78' lang='grc' dir='ltr'>αὐτοῖς</span> <span class='ocrx_word' id='word_1_187' title='bbox 785 1974 861 2023; x_wconf 77' lang='grc' dir='ltr'>καὶ</span> <span class='ocrx_word' id='word_1_188' title='bbox 899 1972 1032 2036; x_wconf 84' lang='grc' dir='ltr'>μάλα</span> <span class='ocrx_word' id='word_1_189' title='bbox 1073 1974 1260 2029; x_wconf 81' lang='grc' dir='ltr'>εἰκότως</span> <span class='ocrx_word' id='word_1_190' title='bbox 1301 1979 1415 2029; x_wconf 78' lang='grc' dir='ltr'>Πῶς</span> <span class='ocrx_word' id='word_1_191' title='bbox 1460 1978 1563 2028; x_wconf 81' lang='grc' dir='ltr'>εἶπέ</span> <span class='ocrx_word' id='word_1_192' title='bbox 1605 2001 1685 2040; x_wconf 90' lang='grc' dir='ltr'>μοι</span> 
     </span>
     <span class='ocr_line' id='line_1_24' title="bbox 97 2050 1684 2125; baseline 0.009 -28"><span class='ocrx_word' id='word_1_193' title='bbox 97 2050 249 2114; x_wconf 77' lang='grc' dir='ltr'>φησὶν</span> <span class='ocrx_word' id='word_1_194' title='bbox 285 2050 309 2099; x_wconf 85' lang='grc' dir='ltr'>ὁ</span> <span class='ocrx_word' id='word_1_195' title='bbox 348 2050 575 2115; x_wconf 83' lang='grc' dir='ltr'>Χριστὸς,</span> <span class='ocrx_word' id='word_1_196' title='bbox 613 2052 729 2116; x_wconf 87' lang='grc' dir='ltr'>μήτε</span> <span class='ocrx_word' id='word_1_197' title='bbox 767 2052 850 2104; x_wconf 80' lang='grc' dir='ltr'>τὸν</span> <span class='ocrx_word' id='word_1_198' title='bbox 884 2054 1072 2125; x_wconf 82' lang='grc' dir='ltr'>τυφλὸν</span> <span class='ocrx_word' id='word_1_199' title='bbox 1110 2057 1381 2124; x_wconf 82' lang='grc' dir='ltr'>ἁμαρτῆσαι</span> <span class='ocrx_word' id='word_1_200' title='bbox 1422 2057 1539 2123; x_wconf 87' lang='grc' dir='ltr'>μήτε</span> <span class='ocrx_word' id='word_1_201' title='bbox 1576 2059 1684 2114; x_wconf 76' lang='grc' dir='ltr'>τοὺς</span> 
     </span>
     <span class='ocr_line' id='line_1_25' title="bbox 97 2133 1683 2205; baseline 0.009 -27"><span class='ocrx_word' id='word_1_202' title='bbox 97 2134 248 2193; x_wconf 81' lang='grc' dir='ltr'>γονεῖς</span> <span class='ocrx_word' id='word_1_203' title='bbox 292 2133 464 2195; x_wconf 84' lang='grc' dir='ltr'>αὐτοῦ;</span> <span class='ocrx_word' id='word_1_204' title='bbox 520 2134 670 2185; x_wconf 86' lang='grc' dir='ltr'>καίτοι</span> <span class='ocrx_word' id='word_1_205' title='bbox 713 2135 944 2202; x_wconf 74' lang='grc' dir='ltr'>καθαροὺς</span> <span class='ocrx_word' id='word_1_206' title='bbox 989 2139 1220 2205; x_wconf 82' lang='grc' dir='ltr'>ἁμαρτίας</span> <span class='ocrx_word' id='word_1_207' title='bbox 1261 2141 1345 2191; x_wconf 82' lang='grc' dir='ltr'>οὐκ</span> <span class='ocrx_word' id='word_1_208' title='bbox 1390 2140 1449 2191; x_wconf 76' lang='grc' dir='ltr'>ἂν</span> <span class='ocrx_word' id='word_1_209' title='bbox 1494 2143 1683 2205; x_wconf 87' lang='grc' dir='ltr'>δοίημεν</span> 
     </span>
    </p>

    <p class='ocr_par' dir='ltr' id='par_1_4' title="bbox 29 2211 1683 2616">
     <span class='ocr_line' id='line_1_26' title="bbox 29 2211 1683 2288; baseline 0.009 -28"><span class='ocrx_word' id='word_1_210' title='bbox 29 2221 77 2260; x_wconf 85' lang='lat'>25</span> <span class='ocrx_word' id='word_1_211' title='bbox 98 2211 222 2266; x_wconf 82' lang='grc' dir='ltr'>ὅλως</span> <span class='ocrx_word' id='word_1_212' title='bbox 259 2213 484 2282; x_wconf 84' lang='grc' dir='ltr'>ὑπάρχειν</span> <span class='ocrx_word' id='word_1_213' title='bbox 522 2216 707 2270; x_wconf 82' lang='grc' dir='ltr'>αὐτούς.</span> <span class='ocrx_word' id='word_1_214' title='bbox 762 2218 1037 2285; x_wconf 82' lang='grc' dir='ltr'>ἀνθρώπους</span> <span class='ocrx_word' id='word_1_215' title='bbox 1075 2219 1169 2287; x_wconf 78' lang='grc' dir='ltr'>γὰρ</span> <span class='ocrx_word' id='word_1_216' title='bbox 1208 2221 1346 2276; x_wconf 75' lang='grc' dir='ltr'>ὄντας</span> <span class='ocrx_word' id='word_1_217' title='bbox 1376 2222 1493 2277; x_wconf 76' lang='grc' dir='ltr'>εἰκὸς</span> <span class='ocrx_word' id='word_1_218' title='bbox 1532 2223 1683 2288; x_wconf 87' lang='grc' dir='ltr'>δήπου</span> 
     </span>
     <span class='ocr_line' id='line_1_27' title="bbox 95 2292 1677 2369; baseline 0.009 -26"><span class='ocrx_word' id='word_1_219' title='bbox 95 2292 299 2358; x_wconf 85' lang='grc' dir='ltr'>πάντως,</span> <span class='ocrx_word' id='word_1_220' title='bbox 346 2302 539 2360; x_wconf 80' lang='grc' dir='ltr'>μᾶλλον</span> <span class='ocrx_word' id='word_1_221' title='bbox 585 2298 633 2349; x_wconf 77' lang='grc' dir='ltr'>δὲ</span> <span class='ocrx_word' id='word_1_222' title='bbox 677 2297 735 2362; x_wconf 82' lang='grc' dir='ltr'>ἧν</span> <span class='ocrx_word' id='word_1_223' title='bbox 776 2302 1047 2366; x_wconf 88' lang='grc' dir='ltr'>ἀναγκαῖον,</span> <span class='ocrx_word' id='word_1_224' title='bbox 1087 2303 1381 2369; x_wconf 85' lang='grc' dir='ltr'>περιπίπτειν</span> <span class='ocrx_word' id='word_1_225' title='bbox 1418 2308 1494 2356; x_wconf 81' lang='grc' dir='ltr'>καὶ</span> <span class='ocrx_word' id='word_1_226' title='bbox 1538 2307 1677 2357; x_wconf 88' lang='grc' dir='ltr'>πταί-</span> 
     </span>
     <span class='ocr_line' id='line_1_28' title="bbox 95 2372 1682 2453; baseline 0.008 -27"><span class='ocrx_word' id='word_1_227' title='bbox 95 2372 269 2438; x_wconf 89' lang='grc' dir='ltr'>σμασι.</span> <span class='ocrx_word' id='word_1_228' title='bbox 339 2384 476 2430; x_wconf 89' lang='grc' dir='ltr'>ποῖον</span> <span class='ocrx_word' id='word_1_229' title='bbox 526 2381 608 2431; x_wconf 71' lang='grc' dir='ltr'>οὖν</span> <span class='ocrx_word' id='word_1_230' title='bbox 656 2381 748 2447; x_wconf 78' lang='grc' dir='ltr'>ἄρα</span> <span class='ocrx_word' id='word_1_231' title='bbox 793 2381 954 2449; x_wconf 81' lang='grc' dir='ltr'>καιρὸν</span> <span class='ocrx_word' id='word_1_232' title='bbox 1005 2383 1139 2451; x_wconf 76' lang='grc' dir='ltr'>ὁρίζει</span> <span class='ocrx_word' id='word_1_233' title='bbox 1191 2387 1417 2453; x_wconf 83' lang='grc' dir='ltr'>Χριστὸς,</span> <span class='ocrx_word' id='word_1_234' title='bbox 1470 2390 1578 2439; x_wconf 87' lang='grc' dir='ltr'>καθ’</span> <span class='ocrx_word' id='word_1_235' title='bbox 1628 2387 1682 2439; x_wconf 74' lang='grc' dir='ltr'>ὃν</span> 
     </span>
     <span class='ocr_line' id='line_1_29' title="bbox 94 2458 1680 2540; baseline 0.009 -33"><span class='ocrx_word' id='word_1_236' title='bbox 94 2458 275 2523; x_wconf 84' lang='grc' dir='ltr'>ἀληθὴς</span> <span class='ocrx_word' id='word_1_237' title='bbox 301 2460 411 2524; x_wconf 77' lang='grc' dir='ltr'>ἡμῖν</span> <span class='ocrx_word' id='word_1_238' title='bbox 436 2463 460 2512; x_wconf 88' lang='grc' dir='ltr'>ὁ</span> <span class='ocrx_word' id='word_1_239' title='bbox 486 2463 594 2529; x_wconf 90' lang='grc' dir='ltr'>παρ’</span> <span class='ocrx_word' id='word_1_240' title='bbox 623 2464 766 2515; x_wconf 80' lang='grc' dir='ltr'>αὐτοῦ</span> <span class='ocrx_word' id='word_1_241' title='bbox 797 2464 942 2530; x_wconf 87' lang='grc' dir='ltr'>λόγος</span> <span class='ocrx_word' id='word_1_242' title='bbox 974 2466 1254 2532; x_wconf 85' lang='grc' dir='ltr'>ὀφθήσεται,</span> <span class='ocrx_word' id='word_1_243' title='bbox 1281 2471 1343 2523; x_wconf 86' lang='grc' dir='ltr'>ὡς</span> <span class='ocrx_word' id='word_1_244' title='bbox 1379 2469 1470 2521; x_wconf 68' lang='grc' dir='ltr'>οὔτε</span> <span class='ocrx_word' id='word_1_245' title='bbox 1496 2472 1680 2540; x_wconf 68' lang='grc' dir='ltr'>ἥμαρτεν</span> 
     </span>
     <span class='ocr_line' id='line_1_30' title="bbox 93 2541 1678 2616; baseline 0.009 -26"><span class='ocrx_word' id='word_1_246' title='bbox 93 2541 223 2596; x_wconf 63' lang='grc' dir='ltr'>αὐτὶς</span> <span class='ocrx_word' id='word_1_247' title='bbox 269 2542 359 2593; x_wconf 72' lang='grc' dir='ltr'>οὔτε</span> <span class='ocrx_word' id='word_1_248' title='bbox 400 2543 494 2607; x_wconf 84' lang='grc' dir='ltr'>μὴν</span> <span class='ocrx_word' id='word_1_249' title='bbox 537 2552 571 2596; x_wconf 84' lang='grc' dir='ltr'>οἱ</span> <span class='ocrx_word' id='word_1_250' title='bbox 616 2549 755 2611; x_wconf 70' lang='grc' dir='ltr'>γονεῖς</span> <span class='ocrx_word' id='word_1_251' title='bbox 800 2550 961 2608; x_wconf 65' lang='grc' dir='ltr'>αὐτοῦ,</span> <span class='ocrx_word' id='word_1_252' title='bbox 1009 2550 1121 2600; x_wconf 88' lang='grc' dir='ltr'>ἀλλ’</span> <span class='ocrx_word' id='word_1_253' title='bbox 1158 2550 1262 2601; x_wconf 80' lang='grc' dir='ltr'>ἔστι</span> <span class='ocrx_word' id='word_1_254' title='bbox 1301 2554 1448 2616; x_wconf 81' lang='grc' dir='ltr'>δῆλον</span> <span class='ocrx_word' id='word_1_255' title='bbox 1484 2553 1555 2604; x_wconf 81' lang='grc' dir='ltr'>ὅτι</span> <span class='ocrx_word' id='word_1_256' title='bbox 1595 2553 1678 2603; x_wconf 85' lang='grc' dir='ltr'>τὸν</span> 
     </span>
    </p>
   </div>
   <div class='ocr_carea' id='block_1_3' title="bbox 93 2746 1675 2983">
    <p class='ocr_par' dir='ltr' id='par_1_5' title="bbox 93 2746 1675 2983">
     <span class='ocr_line' id='line_1_31' title="bbox 140 2746 1675 2800; baseline 0.009 -20"><span class='ocrx_word' id='word_1_257' title='bbox 140 2757 171 2781; x_wconf 90' lang='lat'>2.</span> <span class='ocrx_word' id='word_1_258' title='bbox 197 2746 216 2791; x_wconf 88' lang='grc' dir='ltr'>ἢ</span> <span class='ocrx_word' id='word_1_259' title='bbox 235 2758 305 2781; x_wconf 89' lang='lat' dir='ltr'>om.</span> <span class='ocrx_word' id='word_1_260' title='bbox 323 2747 417 2782; x_wconf 85' lang='lat' dir='ltr'><strong>Aub.</strong></span> <span class='ocrx_word' id='word_1_261' title='bbox 561 2760 593 2794; x_wconf 83' lang='lat'>3.</span> <span class='ocrx_word' id='word_1_262' title='bbox 621 2750 674 2784; x_wconf 77' lang='grc' dir='ltr'>καὶ</span> <span class='ocrx_word' id='word_1_263' title='bbox 692 2758 914 2796; x_wconf 85' lang='lat' dir='ltr'><strong>assumptum</strong></span> <span class='ocrx_word' id='word_1_264' title='bbox 933 2765 974 2787; x_wconf 84' lang='lat' dir='ltr'>ex</span> <span class='ocrx_word' id='word_1_265' title='bbox 995 2753 1037 2788; x_wconf 91' lang='lat' dir='ltr'>B.</span> <span class='ocrx_word' id='word_1_266' title='bbox 1186 2764 1219 2800; x_wconf 84' lang='lat'>5.</span> <span class='ocrx_word' id='word_1_267' title='bbox 1246 2756 1401 2791; x_wconf 83' lang='grc' dir='ltr'>ἐνῶσιδεῖ</span> <span class='ocrx_word' id='word_1_268' title='bbox 1419 2757 1461 2792; x_wconf 90' lang='grc' dir='ltr'>Β.</span> <span class='ocrx_word' id='word_1_269' title='bbox 1481 2758 1516 2792; x_wconf 82' lang='grc' dir='ltr'>ἐν</span> <span class='ocrx_word' id='word_1_270' title='bbox 1533 2759 1577 2794; x_wconf 81' lang='grc' dir='ltr'>ὡς</span> <span class='ocrx_word' id='word_1_271' title='bbox 1594 2759 1675 2794; x_wconf 75' lang='grc' dir='ltr'>εἴδει</span> 
     </span>
     <span class='ocr_line' id='line_1_32' title="bbox 94 2793 1672 2851; baseline 0.01 -25"><span class='ocrx_word' id='word_1_272' title='bbox 94 2793 212 2828; x_wconf 82' lang='lat' dir='ltr'><strong>Holst.</strong></span> <span class='ocrx_word' id='word_1_273' title='bbox 231 2794 275 2828; x_wconf 83' lang='grc' dir='ltr'>ὡς</span> <span class='ocrx_word' id='word_1_274' title='bbox 293 2794 327 2827; x_wconf 83' lang='grc' dir='ltr'>ἐν</span> <span class='ocrx_word' id='word_1_275' title='bbox 345 2793 424 2828; x_wconf 76' lang='grc' dir='ltr'>εἴδει</span> <span class='ocrx_word' id='word_1_276' title='bbox 442 2796 640 2830; x_wconf 79' lang='lat' dir='ltr'>emendavit</span> <span class='ocrx_word' id='word_1_277' title='bbox 658 2797 752 2831; x_wconf 85' lang='lat' dir='ltr'>Aub.</span> <span class='ocrx_word' id='word_1_278' title='bbox 773 2798 806 2832; x_wconf 83' lang='grc' dir='ltr'>ἐν</span> <span class='ocrx_word' id='word_1_279' title='bbox 825 2798 906 2832; x_wconf 78' lang='grc' dir='ltr'>εἴδει</span> <span class='ocrx_word' id='word_1_280' title='bbox 925 2799 1131 2835; x_wconf 79' lang='lat' dir='ltr'>abbrevians</span> <span class='ocrx_word' id='word_1_281' title='bbox 1150 2813 1180 2836; x_wconf 78' lang='lat' dir='ltr'>a.</span> <span class='ocrx_word' id='word_1_282' title='bbox 1321 2814 1373 2846; x_wconf 88' lang='lat'>14.</span> <span class='ocrx_word' id='word_1_283' title='bbox 1400 2804 1478 2850; x_wconf 83' lang='grc' dir='ltr'>παρ’</span> <span class='ocrx_word' id='word_1_284' title='bbox 1496 2806 1626 2851; x_wconf 80' lang='grc' dir='ltr'>ἀμφοῖν</span> <span class='ocrx_word' id='word_1_285' title='bbox 1643 2820 1672 2841; x_wconf 85' lang='lat' dir='ltr'>a.</span> 
     </span>
     <span class='ocr_line' id='line_1_33' title="bbox 95 2838 1673 2888; baseline 0.01 -15"><span class='ocrx_word' id='word_1_286' title='bbox 95 2838 172 2874; x_wconf 88' lang='lat' dir='ltr'>Cat.</span> <span class='ocrx_word' id='word_1_287' title='bbox 194 2840 293 2874; x_wconf 81' lang='lat' dir='ltr'><strong>Harl.</strong></span> <span class='ocrx_word' id='word_1_288' title='bbox 312 2842 403 2884; x_wconf 80' lang='grc' dir='ltr'>παρὰ</span> <span class='ocrx_word' id='word_1_289' title='bbox 421 2843 504 2886; x_wconf 84' lang='grc' dir='ltr'>φοῖν</span> <span class='ocrx_word' id='word_1_290' title='bbox 523 2842 602 2887; x_wconf 77' lang='lat' dir='ltr'>(Sic)</span> <span class='ocrx_word' id='word_1_291' title='bbox 625 2843 667 2877; x_wconf 88' lang='lat' dir='ltr'>B.</span> <span class='ocrx_word' id='word_1_292' title='bbox 685 2845 777 2888; x_wconf 81' lang='grc' dir='ltr'>παρὰ</span> <span class='ocrx_word' id='word_1_293' title='bbox 801 2847 910 2888; x_wconf 83' lang='grc' dir='ltr'>σφοῖν</span> <span class='ocrx_word' id='word_1_294' title='bbox 929 2846 992 2879; x_wconf 85' lang='lat' dir='ltr'>Ht.</span> <span class='ocrx_word' id='word_1_295' title='bbox 1014 2847 1080 2881; x_wconf 85' lang='lat' dir='ltr'>Ed.</span> <span class='ocrx_word' id='word_1_296' title='bbox 1147 2848 1272 2882; x_wconf 79' lang='lat' dir='ltr'>Statim</span> <span class='ocrx_word' id='word_1_297' title='bbox 1290 2850 1477 2886; x_wconf 80' lang='grc' dir='ltr'>ἀσυνεσίαν</span> <span class='ocrx_word' id='word_1_298' title='bbox 1495 2852 1537 2887; x_wconf 89' lang='grc' dir='ltr'>Β.</span> <span class='ocrx_word' id='word_1_299' title='bbox 1556 2866 1673 2887; x_wconf 69' lang='lat' dir='ltr'><strong>emen-</strong></span> 
     </span>
     <span class='ocr_line' id='line_1_34' title="bbox 94 2885 1674 2942; baseline 0.01 -23"><span class='ocrx_word' id='word_1_300' title='bbox 94 2885 187 2920; x_wconf 84' lang='lat' dir='ltr'>davit</span> <span class='ocrx_word' id='word_1_301' title='bbox 205 2887 298 2921; x_wconf 83' lang='lat' dir='ltr'>Aub.</span> <span class='ocrx_word' id='word_1_302' title='bbox 317 2894 350 2921; x_wconf 82' lang='lat' dir='ltr'>et</span> <span class='ocrx_word' id='word_1_303' title='bbox 367 2888 415 2922; x_wconf 88' lang='lat' dir='ltr'>ita</span> <span class='ocrx_word' id='word_1_304' title='bbox 432 2900 462 2922; x_wconf 81' lang='lat' dir='ltr'>a.</span> <span class='ocrx_word' id='word_1_305' title='bbox 573 2899 626 2933; x_wconf 85' lang='lat'>17.</span> <span class='ocrx_word' id='word_1_306' title='bbox 651 2892 875 2936; x_wconf 74' lang='grc' dir='ltr'>’γεγεννῆσθαι</span> <span class='ocrx_word' id='word_1_307' title='bbox 893 2893 1085 2928; x_wconf 79' lang='lat' dir='ltr'>emendavi.</span> <span class='ocrx_word' id='word_1_308' title='bbox 1105 2897 1310 2940; x_wconf 80' lang='grc' dir='ltr'>γεγενῆσθαι</span> <span class='ocrx_word' id='word_1_309' title='bbox 1330 2897 1396 2932; x_wconf 87' lang='lat' dir='ltr'>Ed.</span> <span class='ocrx_word' id='word_1_310' title='bbox 1505 2911 1560 2942; x_wconf 83' lang='lat'>24.</span> <span class='ocrx_word' id='word_1_311' title='bbox 1586 2901 1674 2936; x_wconf 81' lang='grc' dir='ltr'>ὅλως</span> 
     </span>
     <span class='ocr_line' id='line_1_35' title="bbox 93 2932 1404 2983; baseline 0.01 -18"><span class='ocrx_word' id='word_1_312' title='bbox 93 2932 230 2976; x_wconf 84' lang='grc' dir='ltr'>δοίημεν</span> <span class='ocrx_word' id='word_1_313' title='bbox 246 2934 385 2968; x_wconf 82' lang='lat' dir='ltr'>inverso</span> <span class='ocrx_word' id='word_1_314' title='bbox 402 2935 525 2968; x_wconf 84' lang='lat' dir='ltr'>ordine</span> <span class='ocrx_word' id='word_1_315' title='bbox 543 2947 573 2969; x_wconf 86' lang='lat' dir='ltr'>a.</span> <span class='ocrx_word' id='word_1_316' title='bbox 718 2937 772 2971; x_wconf 85' lang='lat'>28.</span> <span class='ocrx_word' id='word_1_317' title='bbox 799 2938 899 2973; x_wconf 79' lang='grc' dir='ltr'>αὐτὸς</span> <span class='ocrx_word' id='word_1_318' title='bbox 917 2940 1062 2983; x_wconf 76' lang='grc' dir='ltr'>ἥμαρτεν</span> <span class='ocrx_word' id='word_1_319' title='bbox 1079 2942 1218 2976; x_wconf 81' lang='lat' dir='ltr'>inverso</span> <span class='ocrx_word' id='word_1_320' title='bbox 1235 2943 1356 2977; x_wconf 87' lang='lat' dir='ltr'>ordine</span> <span class='ocrx_word' id='word_1_321' title='bbox 1374 2957 1404 2978; x_wconf 85' lang='lat' dir='ltr'>a.</span> 
     </span>
    </p>
   </div>
   <div class='ocr_carea' id='block_1_4' title="bbox 150 2999 881 3032">
    <p class='ocr_par' dir='ltr' id='par_1_6' title="bbox 150 2999 881 3032">
     <span class='ocr_line' id='line_1_36' title="bbox 150 2999 881 3032; baseline 0.01 -7"><span class='ocrx_word' id='word_1_322' title='bbox 150 2999 242 3026; x_wconf 86' lang='lat' dir='ltr'>VOL.</span> <span class='ocrx_word' id='word_1_323' title='bbox 267 3000 315 3027; x_wconf 91' lang='lat' dir='ltr'>II.</span> <span class='ocrx_word' id='word_1_324' title='bbox 858 3006 881 3032; x_wconf 83' lang='grc' dir='ltr'>Τ</span> 
     </span>
    </p>
   </div>
  </div>
 </body>
</html>
