2037 3266
104 897 185 932 921
197 897 248 931 A.

101 1378 208 1418 Supra

103 1422 169 1452 viii.
186 1431 235 1461 24.

104 2442 197 2472 Infra

104 2496 158 2516 xx.
175 2494 223 2525 25.

102 2701 154 2732 ΙΙ).
171 2709 219 2741 29.

318 118 401 157 622
723 120 772 160 B.
807 120 1086 161 CYRILLI
1127 121 1509 164 ALEXANDR.
1676 124 1902 164 xvi.8-11.

321 229 650 293 διερμηνεῦσαι
690 231 784 280 δεῖν
822 229 913 279 ἀνὰ
949 229 1086 295 μέρος
1126 230 1474 294 ὑπολαμβάνω,
1517 233 1591 282 καὶ
1631 231 1906 298 λευκότερον

321 312 463 360 εἰπεῖν
488 315 571 360 τοῦ
596 309 943 375 σημαινομένου
968 310 1053 375 τὴν
1079 312 1290 374 δύναμιν.

395 391 610 443 Τέθειται
638 393 793 444 τοίνυν
826 394 874 443 ἐν
899 393 1102 458 πρώτοις
1130 394 1154 443 ὁ
1182 398 1277 461 περὶ
1312 396 1395 457 τῆς
1427 397 1661 463 ἁμαρτίαις
1687 393 1902 463 ἔλεγχος.

321 477 422 528 πῶς
461 474 542 525 οὖν
581 473 752 543 ἐλέγξει
793 473 860 525 τὶν
889 476 1082 542 κίε-μον,
1134 474 1248 525 ὅταν
1285 474 1378 541 γὰρ
1404 481 1501 530 τοῖς
1528 479 1753 542 ἀγαπῶσι
1779 481 1901 543 Χρι-

322 555 456 618 στὸν,
488 558 549 610 ὡς
580 556 728 625 ἀξίοις
755 556 843 620 ἤδη
878 558 954 606 καὶ
985 556 1326 607 πεπιστευκόσι
1352 557 1555 622 γένηται,
1587 557 1691 608 τότε
1718 558 1774 622 δὴ
1800 560 1904 610 τότε
1924 577 1946 615 5

322 637 406 689 τὸν
449 636 648 700 κόσμον,
689 637 920 699 τουτέστι,
966 635 1074 692 τοὺς
1117 637 1421 692 ἀπαιδεύτους
1466 662 1515 690 τε
1560 642 1636 690 καὶ
1675 639 1906 694 ἀπίστους

323 719 389 771 ε”τι
423 721 499 770 καὶ
533 723 632 773 ταῖς
665 721 713 770 ἐν
746 718 914 788 κόσμῳ
949 721 1243 788 φιληδονίαις
1279 722 1642 787 κεκρατημένους
1680 722 1735 772 δι’
1763 722 1906 772 αὐτοῦ

324 802 578 869 κατακρίνῃ
610 806 694 852 τοῦ
728 799 1021 867 πράγματος,
1048 804 1111 856 ὡς
1138 800 1328 869 ἐνόχους
1357 804 1432 854 ἐπὶ
1462 808 1560 858 ταῖς
1588 805 1720 858 ἰδίαις
1746 805 1900 871 ἁμαρ-

283 905 305 930 a
324 884 454 946 τιάις,
481 886 556 934 καὶ
586 888 682 937 τοῖς
721 884 897 935 ἑαυτῶν
923 884 1336 952 ἐντεθνηξομένους
1363 884 1687 951 ἁμαρτήμασι.
1741 908 1901 952 προσ-

325 965 664 1030 ωποληπτήσει
704 965 799 1032 γὰρ
837 967 1051 1030 οὐδαμῶς
1085 968 1110 1016 ὁ
1138 965 1272 1028 Θεὸς,
1300 968 1411 1018 ἀλλ’
1440 968 1550 1018 οὐδέ
1577 991 1675 1018 τισι
1699 967 1785 1031 μὲν
1811 973 1906 1019 τῶν
1927 993 1977 1020 10

323 1050 398 1099 ἐπὶ
437 1051 519 1111 τῆς
557 1051 644 1114 γῆς
671 1050 818 1102 αἰτίας
851 1047 1052 1114 εὐλόγου
1083 1049 1192 1116 δίχα
1226 1055 1456 1116 χαριεῖται
1489 1049 1543 1100 τὸ
1573 1054 1780 1113 Πνεῦμα,
1809 1053 1907 1101 τισὶ

324 1129 372 1181 δὲ
411 1130 572 1192 οὐκέτι,
599 1131 756 1193 μόνοις
782 1129 830 1181 δὲ
855 1136 950 1184 τοῖς
977 1131 1126 1200 ἀξίοις
1152 1132 1430 1196 ἐγκατοικιεῖ
1450 1132 1532 1182 τὸν
1560 1132 1901 1197 Παράκλητον,

324 1212 366 1263 οἳ
406 1212 481 1264 διὰ
518 1213 723 1266 πίστεως
762 1217 1035 1279 εἱλικρινοῦς
1072 1214 1134 1267 ὡς
1167 1212 1292 1264 Θεὸν
1324 1212 1469 1267 ὅντως
1505 1213 1795 1278 τετιμήκασι,
1830 1217 1906 1265 καὶ

323 1299 418 1345 τῶν
457 1294 583 1345 ὅλων
622 1293 944 1361 ὡμολόγησαν
984 1294 1270 1361 δημιουργὸν
1307 1297 1383 1346 καὶ
1425 1295 1616 1361 Κύριον.
1670 1296 1786 1362 ὅπερ
1825 1298 1907 1348 οὖν

325 1376 472 1442 ε’ίρηκε
499 1377 693 1445 φθάσας
731 1382 826 1431 τοῖς
852 1377 1093 1430 Ἰουδαίοις
1127 1376 1266 1431 αὐτὸς
1293 1378 1317 1427 ὁ
1345 1378 1527 1443 Σωτὴρ,
1567 1377 1637 1428 ὅτι
1675 1386 1703 1407 “
1723 1377 1803 1429 ἐὰν
1840 1377 1905 1443 μὴ
1929 1398 1976 1437 15

326 1465 354 1487 ‘⁶
379 1458 666 1522 πιστεύσητε
705 1459 776 1509 ὅτι
814 1459 906 1523 ἐγώ
944 1462 1047 1521 εἶμι,
1076 1460 1124 1510 ἐν
1149 1464 1249 1513 ταῖς
1282 1460 1528 1525 ἁμαρτίαις
1563 1461 1691 1522 ὑμῶν
1722 1462 1903 1511 ἀποθα-

328 1547 354 1570 “
381 1541 575 1604 νεῖσθε,”
605 1540 778 1604 ἀληθὲς
804 1539 857 1592 ὃν
877 1541 1091 1609 ἐπιδείξει
1118 1542 1193 1591 διὰ
1219 1542 1513 1607 πραγμάτων
1541 1543 1565 1592 ὁ
1590 1540 1907 1607 Παράκλητος

326 1621 470 1674 ἐλθών.

400 1702 604 1774 ’Em‘ygsa
646 1701 690 1755 δὲ
729 1704 875 1755 πάλιν
910 1704 978 1756 τὶν
1019 1706 1184 1772 mlo-(mv
1218 1707 1341 1773 φησὶ
1380 1711 1475 1775 περὶ
1518 1702 1807 1766 δικαιοσύνης,
1845 1705 1905 1757 ’ὅτι

280 1719 307 1760 τ’

326 1786 431 1854 πρὶς
458 1784 524 1838 τόν
553 1787 736 1855 Πατέρα
767 1790 934 1852 ὑπάγω
965 1790 1043 1839 κει)
1083 1789 1222 1839 οὐκέτι
1259 1787 1445 1856 θεωρεῖτέ
1478 1806 1549 1854 με·
1595 1793 1784 1853 συνερεῖ
1814 1787 1907 1854 γὰρ
1928 1814 1978 1839 20

326 1869 512 1922 δικαίως
550 1874 646 1921 τοῖς
687 1868 1053 1920 πεπιστευκόσιν
1092 1874 1154 1924 εἰς
1193 1868 1410 1935 Χριστὸν
1445 1869 1562 1933 μετὰ
1598 1868 1684 1933 τὴν
1723 1873 1784 1923 εἰς
1823 1871 1902 1920 οὐ·

326 1949 492 2015 ρανοὺς
530 1950 781 2012 ἀνάβασιν,
823 1953 882 2004 ὡς
923 1953 1108 2004 δικαίως
1147 1950 1528 2013 δεδικαιωμένοις.
1588 1951 1907 2020 παρεδέξαντο

325 2031 418 2098 γὰρ
458 2035 520 2086 ὡς
559 2031 683 2084 Θεὸν
721 2032 959 2097 ἀληθινὸν,
1000 2032 1053 2084 ὃν
1091 2033 1330 2084 τεθέανται
1367 2033 1451 2096 μὲν
1489 2035 1718 2097 οὐδαμῶς,
1761 2056 1901 2084 συνε-

326 2114 500 2179 δρεύειν
527 2114 676 2179 γεμὴν
701 2119 768 2184 τῷ
795 2115 892 2184 ἰδίῳ
915 2117 1071 2181 Πατρὶ
1097 2115 1486 2167 πεπιστεύκασιν.
1536 2115 1607 2166 ὅτι
1631 2115 1723 2182 γὰρ
1747 2138 1903 2179 μακα-

325 2195 451 2262 ριόυς
489 2195 709 2247 ἀπεκάλει
748 2197 854 2250 τοὺς
889 2198 1009 2247 οὕτω
1046 2196 1357 2250 πιστεύοντας
1396 2199 1421 2248 ὁ
1458 2196 1687 2263 Χριστὸς,
1715 2197 1906 2260 ἐκμάθοι
1928 2219 1976 2258 25

326 2300 395 2330 τις
434 2276 492 2328 ἂν
530 2279 605 2328 καὶ
644 2277 754 2328 λίαν
779 2277 982 2331 εὐκόλως
1021 2278 1206 2329 ἐκείνων
1240 2281 1542 2342 ἐπιμνησθεὶς
1580 2276 1645 2329 ῶν
1671 2278 1826 2344 ε’ίρηκέ
1857 2301 1906 2329 τε

289 2381 310 2407 e
329 2359 404 2409 καὶ
430 2359 647 2425 δέδρακεν
675 2360 907 2423 ὁΘωμᾶς.
953 2359 1197 2425 ἐνδοιάζων
1223 2359 1316 2426 γὰρ
1344 2360 1408 2410 ἐτι
1432 2359 1549 2427 πρὸς
1575 2360 1628 2410 τὸ
1649 2361 1906 2421 ἀναβιῶναι

328 2440 410 2491 τὸν
430 2439 548 2491 Υὶόν
575 2448 601 2470 “
620 2439 738 2491 Ἐὰν
763 2440 826 2505 μὴ
843 2441 1002 2503 βάλω,
1026 2444 1163 2508 φησὶ,
1180 2441 1266 2505 τὴν
1292 2441 1424 2508 χεῖρά
1449 2465 1539 2505 μου
1566 2446 1626 2495 εἷς
1653 2442 1738 2506 τὴν
1762 2449 1905 2493 πλευ-

329 2529 355 2551 “
373 2521 460 2588 ράν
478 2523 633 2585 αὐτοῦ,
649 2525 724 2573 καὶ
750 2522 832 2573 ἴδω
849 2522 956 2576 τοὺς
981 2522 1154 2577 τύπους
1178 2528 1272 2574 τῶν
1297 2523 1440 2587 ἥλων,
1459 2524 1511 2574 οὐ
1537 2522 1601 2587 μὴ
1617 2522 1905 2575 πιστεύσω.”

326 2602 481 2666 ἐπειδὴ
527 2603 574 2655 δὲ
618 2604 941 2667 πεπίστευκεν,
984 2604 1098 2671 ὅπερ
1142 2604 1353 2669 ἠθέλησε
1399 2607 1514 2671 δρᾶν
1553 2604 1743 2672 ἐφέντος
1784 2604 1910 2672 αὐτῷ
1929 2627 1981 2664 30

325 2691 408 2736 τοῦ
452 2689 684 2752 Χριστοῦ,
722 2687 869 2737 ποίων
910 2686 1084 2749 ἤκουσε
1129 2685 1320 2751 λόγων,
1384 2685 1546 2737 66““Ότι
1590 2685 1796 2751 ἑώρακάς
1835 2707 1907 2749 με,

371 2874 404 2908 6.
430 2889 466 2909 τε
484 2881 705 2920 assumptum
724 2888 765 2910 ex
786 2877 827 2910 E.
1033 2876 1084 2910 16.
1112 2876 1162 2910 ὅτι
1181 2877 1246 2921 ἐγώ
1265 2877 1330 2921 εἶμι
1349 2887 1418 2910 om.
1438 2877 1479 2910 Ε.
1683 2887 1737 2921 25.
1763 2875 1902 2911 πιστεύ-

325 2936 421 2956 οντας
440 2922 481 2956 Ε.
502 2922 636 2967 Migne.
655 2922 919 2958 πεπιστεύοντας
940 2923 1021 2965 (sic)
1040 2923 1105 2957 Ed.
1344 2935 1398 2967 31.
1426 2925 1523 2957 ποῖον
1542 2923 1581 2956 E.
