2037 3266
334 132 418 171 442
734 130 785 170 B.
818 129 1097 171 CYRILLI
1138 130 1516 171 ALEXANDR.
1750 125 1834 166 xiv.
1857 138 1921 165 11.

334 246 362 269 ‘⁶
389 239 519 305 θεροί
556 242 677 291 εἰσιν
717 242 761 290 οἱ
801 239 934 291 υἱοί.”
991 244 1029 291 εἰ
1071 239 1119 291 δὲ
1160 238 1218 304 ἧν
1256 239 1530 303 ὁμόδουλος,
1564 240 1645 289 ’καὶ
1683 238 1772 305 οὐχ
1808 235 1923 289 Υἱὸς

333 322 525 385 ἀληθῶς
573 323 623 372 ἐκ
673 323 756 386 τῆς
806 327 890 374 τοῦ
945 320 1138 388 Πατρὸς
1189 322 1354 375 οὐσίας
1409 319 1763 388 γεγεννημένος,
1818 316 1922 368 οὐδὲ

334 402 546 471 φυσικὴν
587 404 708 472 ἔχων
749 403 870 471 πρὸς
914 404 996 455 τὸν
1041 403 1236 455 τεκόντα
1279 403 1366 468 τὴν
1405 404 1682 467 οἰκειότητα,
1726 400 1777 452 τί
1815 398 1922 452 τοὺς

333 484 516 540 ἄλλους
546 484 760 540 ἅπαντας
795 490 893 540 τοῖς
926 484 1119 537 τέλεσιν
1146 488 1345 549 ὑποθεὶς,
1374 488 1435 540 ὡς
1471 485 1752 552 ἀλλοτρίους
1785 482 1923 535 ὄντας

333 567 453 618 κατὰ
478 567 565 632 τὴν
592 568 742 637 φύσιν
768 574 851 619 τοῦ
877 570 1203 634 δασμολογεῖν
1228 569 1520 636 ὀφείλοντος,
1547 571 1623 619 καὶ
1658 568 1706 617 ἐν
1732 569 1921 616 οἰκετῶν
1941 581 1964 620 5

332 649 465 718 τάξει
499 650 746 714 κειμένους,
773 648 903 719 μόνῳ
939 649 1026 714 τὴν
1055 651 1324 716 ἐλευθερίαν
1354 651 1707 717 μεμαρτύρηκεν
1732 650 1880 716 ἑαυτῷ
1904 668 1916 708 ;

293 754 314 780 ο
334 736 724 798 καταχρηστικῶς
757 731 843 796 μὲν
869 731 965 798 γὰρ
1001 733 1073 800 ἐφ’
1102 732 1213 796 ἡμῖν
1244 731 1304 783 τὰ
1338 733 1505 799 κυρίως
1537 755 1588 783 τε
1621 733 1698 782 καὶ
1731 732 1923 794 ἀληθῶς

330 812 453 881 μόνῃ
479 814 723 879 πρέποντα
746 817 804 882 τῇ
832 812 1017 878 θεότητι
1044 812 1247 883 φέρεται,
1274 814 1525 883 ἐνυπάρχει
1560 813 1608 865 δὲ
1643 814 1768 881 αὐτῷ
1802 810 1922 862 κατὰ

331 895 570 959 ἀλήθειαν,
609 893 734 947 ὥστε
778 894 866 959 τὴν
903 900 998 947 τῶν
1037 901 1248 961 γενητῶν
1283 896 1326 948 εἴ
1364 920 1434 951 τις
1477 898 1682 962 ἀκριβῶς
1726 893 1916 945 διασκέ-

330 999 496 1028 πτοιτο
523 976 692 1046 φύσιν,
721 977 961 1044 θεωρήσαι
986 977 1176 1032 πάντως
1203 980 1320 1046 αὐτῇ
1345 977 1399 1030 τὸ
1427 981 1510 1043 τῆς
1536 977 1747 1030 δουλείας
1773 974 1923 1039 ὄνομα
1945 997 1993 1023 10

330 1082 381 1110 τε
415 1062 490 1110 καὶ
523 1064 724 1125 πρᾶγμα
757 1060 1173 1126 πρεπωδέστατον.
1229 1065 1265 1111 εἱ
1300 1060 1358 1112 δε’
1383 1084 1504 1115 τινες
1537 1064 1631 1111 τῶν
1657 1061 1705 1110 ἐν
1729 1058 1840 1122 ἡμῖν
1862 1061 1921 1125 τῇ

329 1143 414 1204 τῆς
452 1142 720 1207 ἐλευθερίας
757 1142 1027 1205 τετίμηνται
1068 1140 1200 1210 δόξῃ,
1236 1147 1626 1210 καταχρηστικῶς
1665 1142 1829 1208 ε”χουσι
1866 1138 1921 1191 τὸ

329 1223 459 1293 μόνῳ
498 1227 607 1292 Θεῷ
645 1223 1047 1290 χρεωστούμενον.

403 1305 588 1359 “Ηδε’ως
639 1306 683 1356 δ’
737 1304 796 1356 ἂν
845 1304 1042 1374 σφόδρα
1093 1308 1276 1358 κάκεῖνο
1326 1306 1444 1373 πρὸς
1494 1306 1675 1359 τούτοις
1730 1304 1922 1372 ἐροίμην

330 1386 496 1441 αὐτούς
520 1385 650 1453 ςΑρα
688 1385 921 1456 θεοφόρον
951 1389 1111 1454 ἐροῦσι
1150 1387 1233 1439 τὸν
1261 1393 1474 1451 Παῦλον,
1501 1393 1719 1455 Χριστοῦ
1758 1409 1914 1438 κατοι-
1941 1401 1990 1441 15

283 1474 523 1522 ᾶκοῦντος
561 1467 636 1519 διὰ
675 1474 759 1519 τοῦ
798 1469 914 1520 ἰδίου
956 1471 1246 1530 Πνεύματος·
1304 1470 1332 1536 ἢ
1373 1473 1448 1522 καὶ
1489 1477 1627 1522 τοῦτο
1668 1474 1920 1535 ληροῦντες

331 1549 636 1616 ἀρνήσονται.
708 1554 745 1600 εἷ
789 1549 876 1613 μὲν
913 1551 1006 1618 γὰρ
1052 1553 1213 1618 ἐροῦσι
1257 1552 1490 1620 θεοφόρον
1535 1554 1618 1603 οὐκ
1658 1550 1772 1602 εἶναι
1816 1551 1916 1602 κατ’

328 1631 569 1696 ἀλήθειαν,
621 1632 811 1697 ἀρκέσει
862 1631 918 1696 δὴ
971 1639 1112 1684 τοῦτο
1161 1634 1277 1701 πρὸς
1327 1635 1382 1685 τὸ
1432 1634 1612 1688 πάντας
1667 1636 1918 1685 ἀναπεῖσαι

327 1714 499 1765 λοιπὸν
536 1713 621 1767 τὰς
662 1716 771 1779 παρ’
814 1715 969 1766 αὐτῶν
1009 1716 1321 1768 ἀποσείεσθαι
1364 1717 1601 1786 φλυαρίας
1643 1718 1719 1767 καὶ
1759 1720 1918 1780 μισεῖν

326 1800 389 1849 εἷς
427 1796 588 1862 ἄκρον,
617 1797 679 1850 ὡς
717 1796 850 1847 οὐδὲν
885 1801 1029 1848 εἰπεῖν
1063 1802 1158 1848 τῶν
1189 1798 1378 1849 ἀτόπων
1409 1797 1823 1866 παραιτουμένους.
1878 1800 1915 1848 εἷ
1938 1821 1987 1847 20
2028 1818 2033 1831 ⁴

327 1878 382 1928 δέ
414 1901 469 1943 γε
507 1883 646 1928 τοῦτο
686 1878 939 1944 φεύγοντες
982 1878 1101 1945 πρός
1141 1903 1195 1945 γε
1235 1880 1289 1931 τὸ
1331 1883 1499 1947 χρῆναι
1539 1881 1696 1945 λέγειν
1732 1879 1913 1945 τραπή-

325 1982 493 2010 σονται
521 1958 737 2023 τάληθὲς,
764 1962 840 2010 καὶ
869 1960 1103 2028 θεοφόρον
1130 1964 1319 2026 ἀληθως
1345 1962 1736 2027 ὁμολογήσουσιν
1760 1960 1916 2023 αὐτὸν,

326 2041 402 2091 διὰ
447 2041 501 2092 τὸ
545 2041 628 2092 τὸν
669 2041 887 2108 Χριστὸν
933 2045 982 2093 ἐν
1027 2045 1152 2111 αὐτῷ
1198 2050 1438 2106 κατοικεῖν,
1480 2049 1581 2098 πῶς
1626 2045 1679 2095 οὐ
1722 2042 1916 2111 σφόδρα

287 2126 581 2184 εδυσσεβῶς
626 2124 901 2174 ἁλώσονται
952 2128 1035 2189 τῆς
1086 2131 1168 2176 τοῦ
1211 2131 1336 2177 Θεοῦ
1387 2129 1462 2177 καὶ
1509 2125 1700 2191 Πατρός
1752 2126 1916 2178 οὐσίας

325 2204 584 2271 ἀλλότριον
612 2204 727 2256 εῖναι
759 2206 983 2270 λε’γοντες
1014 2205 1096 2257 τὸν
1122 2207 1269 2269 Υἱόν;
1313 2208 1462 2258 οὐκέτι
1498 2207 1591 2273 γάρ
1625 2207 1854 2275 θεοφόρος
1890 2208 1983 2265 (525
2034 2228 2037 2241 ⁴

327 2289 538 2348 Παῦλος,
572 2290 609 2336 εἰ
647 2285 712 2349 μὴ
753 2285 873 2340 Θεὸς
913 2287 1033 2338 κατὰ
1073 2289 1223 2355 φύσιν
1256 2290 1386 2339 ἐστὶν
1420 2290 1444 2339 ὁ
1480 2289 1606 2342 Υἱός.
1671 2289 1784 2339 ἀλλ’
1811 2290 1913 2354 ε’ρυ-
2035 2280 2037 2288 ¹

324 2371 543 2432 θριῶντες
578 2367 683 2418 ἔσθ’
713 2367 806 2418 ὅτε·
856 2368 1093 2434 πρόσεστι
1132 2369 1226 2435 γὰρ
1266 2372 1341 2420 καὶ
1375 2370 1429 2420 τὸ
1463 2377 1731 2436 πανοῦργον
1757 2371 1913 2423 αὐτοῖς

323 2451 400 2499 καὶ
445 2447 669 2514 κακόηθες
714 2453 776 2502 εἷς
821 2448 1012 2515 λόγους·
1072 2450 1196 2501 Θεὸν
1237 2452 1322 2515 μὲν
1367 2453 1556 2518 ἐροῦσιν
1596 2455 1787 2516 ἀληθῶς
1830 2451 1913 2502 τὸν

323 2531 455 2593 Υἱὸν,
480 2530 545 2594 μὴ
570 2530 663 2594 μὴν
687 2532 735 2580 ἐκ
763 2534 888 2581 Θεοῦ
915 2536 1227 2598 γεγεννῆσθαι
1255 2532 1373 2584 κατὰ
1400 2534 1562 2602 φύσιν.
1610 2539 1686 2585 καὶ
1721 2534 1793 2585 ὅτι
1825 2533 1912 2598 μὲν

322 2613 628 2664 ἁπαστισοῦν
653 2613 806 2663 αὐτῶν
833 2615 920 2664 κάν
947 2614 1096 2684 τούτῳ
1125 2615 1479 2680 καταβοήσειεν,
1507 2617 1591 2667 οὐκ
1616 2617 1904 2684 ἀμφίλογον·
1929 2637 1981 2673 3ο

369 2761 401 2791 4.
429 2750 473 2785 ὡς
491 2750 532 2784 Ε.
551 2751 595 2786 ὡς
612 2751 671 2785 οὐκ
691 2751 800 2795 (“οὺκ
819 2751 915 2787 deest
933 2753 969 2786 in
992 2753 1031 2787 V.
1051 2753 1181 2795 codice,
1201 2753 1262 2788 sed
1285 2760 1324 2789 ut
1341 2754 1480 2790 videtur
1502 2755 1696 2790 necessario
1718 2754 1907 2789 addenda”

321 2794 466 2830 adnotat
483 2796 594 2840 Aub.)
616 2797 682 2831 Ed.
807 2810 839 2843 9.
864 2803 1032 2843 γεννητῶν
1051 2800 1092 2834 Ε.
1220 2811 1272 2835 11.
1300 2802 1584 2846 πρεπωδέστερον
1603 2802 1644 2836 Ε.
1767 2813 1820 2835 12.
1846 2800 1903 2847 τὸ]

320 2843 367 2886 τῷ
388 2843 428 2876 Ε.
585 2853 636 2888 17.
665 2845 747 2878 κατὰ
766 2845 807 2879 Ε.
957 2857 1009 2890 19.
1034 2847 1093 2882 τὰς
1111 2858 1180 2881 om.
1201 2848 1336 2892 Migne.
1411 2849 1512 2882 αὐτὸν
1530 2849 1570 2882 Ε.
1715 2859 1771 2883 21.
1796 2851 1842 2894 τῷ
1862 2848 1904 2882 Ε.

323 2887 377 2921 26.
404 2889 479 2923 ἐστι
497 2890 579 2923 κατὰ
596 2889 705 2933 φύσιν
724 2891 765 2925 Ε.
926 2903 980 2936 29.
1005 2893 1246 2938 γεγεννῆσθαι]
1273 2898 1308 2934 —l—
1330 2895 1383 2929 καὶ
1401 2897 1439 2929 τὸ
1456 2894 1829 2939 πανοῦργον-ἀληθῶς
1845 2895 1904 2929 τὸν

320 2935 392 2967 υἱὸν
410 2935 443 2977 (e
462 2942 582 2980 supra)
603 2937 643 2970 E.
711 2938 837 2972 Statim
855 2939 909 2972 καὶ
926 2939 964 2973 οὐ
982 2945 1062 2974 ante
1080 2941 1163 2974 κατὰ
1180 2940 1276 2974 addit
1295 2941 1336 2976 E.
