2037 3266
95 2123 201 2164 Supra

93 2167 157 2198 860
170 2178 196 2198 c.

312 118 396 156 544
716 121 764 162 B.
799 122 1075 163 CYRILLI
1118 123 1501 164 ALEXANDR.
1773 139 1841 165 xv.
1864 134 1899 161 1.

313 231 652 295 καταφλυαρεΐ,
698 231 854 297 λέγων
899 234 960 286 ὡς
1005 233 1192 299 ἐπείπερ
1236 235 1289 284 οὐ
1332 237 1615 296 σωματικῶς
1661 235 1740 295 τῆς
1784 232 1902 298 πρὸς

313 307 455 359 αὐτὸν
494 313 734 367 κοινωνίας
772 313 1027 382 ἐξήμμεθα,
1065 315 1224 365 πίστει
1264 314 1311 365 δὲ
1350 320 1542 378 μᾶλλον
1581 318 1657 366 καὶ
1695 315 1902 366 διαθέσει

312 392 395 453 τῆς
434 391 554 442 κατὰ
584 393 667 444 τὸν
692 393 835 458 νόμον
867 394 1068 461 ἀγάπης,
1096 397 1149 447 οὐ
1185 396 1270 461 τὴν
1303 396 1474 462 σάρκα,
1503 399 1639 466 φησὶ,
1667 395 1753 461 τὴν
1785 396 1903 446 ἰδίαν

314 471 530 535 ἄμπελον
569 475 802 540 ὠνόμασε,
841 483 1032 539 μᾶλλον
1071 478 1120 529 δὲ
1160 478 1246 543 τὴν
1285 478 1496 543 θεότητα.
1566 480 1715 530 καίτοι
1756 479 1805 529 τί
1845 476 1901 541 δή

313 577 441 617 ποτε,
483 558 601 623 φαίη
646 559 713 611 τίς
758 558 828 621 ἂν,
864 558 946 609 τὸν
983 560 1375 627 πρεπωδέστερόν
1413 584 1461 612 τε
1509 563 1583 612 καὶ
1628 559 1944 626 οἷκειότερονὸ

315 642 411 691 τοῖς
462 638 736 705 θεωρήμασι
786 640 963 706 τρόπον
1007 644 1156 710 ἀφεὶς,
1202 645 1276 694 ἐπὶ
1321 642 1375 694 τὸ
1421 643 1548 695 πολὺ
1598 642 1904 709 διωρισμένον

270 719 511 787 ὒέπείγῃς
565 719 593 784 ἢ
645 721 739 788 γὰρ
791 723 894 790 οὐχὶ
946 724 1335 790 πρεπωδέστερον
1387 727 1461 776 καὶ
1518 724 1637 776 κατὰ
1684 724 1771 789 τὴν
1821 726 1904 787 τῆς

315 801 494 866 σαρκὸς
533 805 789 867 κοινωνίαν,
816 805 1032 868 ἄμπελον
1062 806 1148 870 μὲν
1180 805 1295 858 εἶναι
1335 807 1552 871 δώσομεν
1582 805 1665 858 τὸν
1689 808 1899 870 Ἰησοῦν,

314 881 505 937 ἑαυτοὺς
554 884 603 935 δὲ
656 885 877 950 κλήματα
936 888 1012 939 διὰ
1063 888 1116 939 τὸ
1167 890 1401 958 ὁμοφυές;
1461 891 1650 958 ὁμοφυῆ
1700 888 1794 955 γὰρ
1845 892 1904 956 τῇ

314 962 513 1034 ἀμπέλῳ
547 966 607 1017 τὰ
641 968 698 1036 ἐξ
728 970 885 1033 αὐτῆς.
940 973 1016 1021 καὶ
1053 970 1201 1022 ταῦτά
1236 978 1406 1039 φαμεν,
1445 973 1527 1023 οὐκ
1566 973 1903 1039 ἐπιχειροῦντες·

314 1047 516 1113 ἀναιρεῖν
567 1047 620 1099 τὸ
677 1055 993 1102 συνενοῦσθαι
1051 1053 1284 1104 δύνασθαι
1340 1057 1407 1123 τῷ
1457 1057 1671 1122 Χριστῷ,
1724 1052 1801 1103 διά
1854 1075 1904 1102 τε

313 1129 518 1183 πίστεως
569 1132 711 1196 ὀρθῆς
763 1135 838 1183 καὶ
890 1134 1077 1199 ἀγάπης
1122 1140 1410 1201 εἰλικρινοῦς,
1456 1135 1804 1188 ἀποδεικνύντες
1856 1133 1904 1184 δὲ

312 1215 503 1274 μᾶλλον
542 1212 612 1263 ὅτι
648 1215 723 1263 καὶ
761 1221 1082 1278 πνευματικῶς
1122 1218 1197 1267 καὶ
1235 1222 1528 1281 σωματικῶς,
1568 1216 1782 1286 ἄμπελος
1819 1214 1905 1280 μὲν

315 1294 340 1343 ὁ
374 1293 604 1358 Χριστὸς,
640 1295 863 1359 κλήματα
896 1297 944 1348 δὲ
982 1299 1123 1362 ἡμεῖς.

387 1374 550 1426 Ἀλλὰ
589 1377 682 1443 γὰρ
719 1380 742 1428 ὁ
778 1379 862 1441 μὲν
893 1383 977 1444 τῆς
1016 1381 1238 1445 ἀληθείας
1278 1380 1423 1447 λόγος
1463 1383 1646 1434 ἁπλοῦς
1684 1381 1760 1430 καὶ
1798 1382 1898 1429 δια-

273 1479 294 1505 ο
314 1457 480 1524 φανὴς,
507 1459 789 1526 πανούργως
817 1462 865 1512 δὲ
903 1463 926 1512 ὁ
964 1464 1017 1513 δι’
1048 1464 1256 1517 ἐναντίας
1291 1469 1580 1530 παραιτεῖται
1611 1461 1695 1527 μὲν
1723 1462 1899 1524 ὁμολο-

313 1543 425 1603 γεῖν,
453 1539 523 1590 ὅτι
557 1543 632 1591 καὶ
665 1548 946 1605 σωματικῶς
982 1544 1193 1607 ἄμπελος
1230 1544 1286 1609 ἧν
1314 1547 1338 1595 ὁ
1365 1545 1593 1611 Χριστὸς,
1619 1543 1700 1594 ἅτε
1736 1543 1793 1607 δὴ
1827 1546 1903 1593 καὶ

314 1620 401 1684 τὴν
437 1622 556 1673 ἰδίαν
592 1628 689 1677 τοῖς
727 1625 956 1689 κλήμασι,
988 1627 1233 1678 τουτέστιν
1272 1629 1397 1691 ἡμῖν,
1426 1627 1725 1695 χαριζόμενος
1764 1626 1900 1692 ζωήν·

316 1701 527 1770 καθάπερ
554 1705 636 1755 οὖν
662 1711 756 1759 τοῖς
783 1707 1109 1777 ἐμπεφυκόσιν
1135 1711 1252 1777 αὐτῇ
1285 1709 1526 1774 κλήμασιν
1551 1711 1579 1773 ἡ
1616 1707 1820 1772 αἰσθητή
1856 1730 1904 1758 τε

317 1788 393 1835 καὶ
437 1787 510 1836 ἐπὶ
555 1790 642 1851 γῆς
686 1788 915 1852 ἄμπελος,
955 1792 1218 1857 περιτρέπει
1256 1791 1302 1842 δὲ
1342 1794 1416 1842 καὶ
1455 1790 1663 1858 βιάζεται
1700 1789 1786 1854 τὴν
1820 1796 1903 1841 τοῦ

318 1866 548 1931 νοήματος
587 1869 782 1934 δύναμιν
817 1873 890 1923 ἐπὶ
929 1873 1078 1936 μόνην
1110 1874 1253 1924 αὐτοῦ
1291 1873 1377 1937 τὴν
1409 1873 1619 1937 θεότητα.
1673 1871 1904 1923 δύνασθαι

315 1948 409 2015 γὰρ
446 1951 567 2001 οὕτω
606 1957 924 2020 συκοφαντεῖν
962 1954 1107 2019 αὐτὴν
1143 1955 1272 2024 ᾠήθη
1312 1955 1368 2019 δὴ
1409 1954 1569 2016 πάλιν,
1608 1956 1749 2005 ἐκεῖνο
1787 1977 1904 2019 προ-

316 2032 478 2082 τείνων
517 2034 708 2096 ἀμαθῶς
749 2039 807 2086 El
851 2036 945 2102 γὰρ
984 2037 1195 2100 ἄμπελος
1232 2038 1318 2102 μέν
1357 2039 1489 2088 ἐστιν
1527 2039 1552 2087 ὁ
1589 2036 1717 2099 Υἱὸς,
1757 2038 1899 2105 φησὶ,

272 2113 525 2180 ἅγεωργὸς
561 2115 609 2166 δὲ
648 2117 672 2166 ὁ
708 2117 889 2183 Πατὴρ,
923 2119 1175 2188 ἑτεροφυὴς
1211 2118 1257 2169 δὲ
1293 2119 1441 2171 πάλιν
1477 2120 1502 2169 ὁ
1534 2117 1648 2171 Υἱὸς
1687 2121 1750 2172 ὡς
1787 2116 1904 2184 πρὸς

316 2194 401 2259 τὴν
428 2196 657 2260 ἄμπελον,
684 2199 770 2265 οὐχ
797 2199 1048 2262 ὁμοούσιος
1074 2200 1207 2250 ἔσται
1235 2205 1301 2270 τῷ
1331 2204 1484 2266 Πατρὶ
1512 2202 1536 2250 ὁ
1565 2200 1695 2261 Υἱὸς,
1725 2199 1863 2268 φησί.

392 2281 487 2328 Καὶ
514 2278 641 2340 βαθὺ
666 2280 751 2342 μέν
778 2303 821 2331 τι
855 2283 930 2331 καὶ
967 2281 1135 2347 πικρὸν
1162 2286 1236 2333 καὶ
1268 2283 1488 2348 θεώρημα
1521 2282 1906 2347 δυσανάτρεπτον

315 2360 595 2426 ἐπιτειχῖσαι
622 2362 792 2428 νομίζει
818 2367 915 2416 τοῖς
950 2366 1032 2426 τῆς
1059 2364 1353 2428 Ἐκκλησίας
1384 2363 1636 2429 δόγμασιν,
1664 2364 1905 2415 ἁλώσεται

317 2439 366 2490 δὲ
391 2441 522 2492 οὐδὲν
548 2442 689 2506 ἧττον
716 2445 964 2496 κάντεῦθεν
991 2450 1166 2511 ληρῶν.
1220 2451 1410 2512 πρῶτον
1435 2446 1520 2509 μὲν
1546 2445 1639 2512 γὰρ
1665 2448 1903 2510 ἀλλογενῆ

317 2522 435 2574 κατὰ
480 2523 628 2593 φύσιν
668 2525 1080 2589 διαβεβαιούμενος
1127 2525 1241 2578 εἶναι
1283 2527 1367 2579 τὸν
1405 2528 1536 2590 Υἱὸν,
1576 2531 1651 2578 καὶ
1695 2531 1777 2591 τῆς
1821 2533 1904 2578 τοῦ

1926 992 1974 1017 10

1925 1812 1974 1836 20

1925 2212 1974 2250 25

317 2604 531 2659 τεκόντος
571 2608 734 2661 οὐσίας
773 2608 865 2677 ἔξω
901 2612 1053 2672 τιθεὶς,
1081 2614 1180 2664 πῶς
1213 2610 1272 2661 ἂν
1303 2611 1368 2661 ἔτι
1402 2610 1582 2676 πατέρα
1618 2610 1786 2673 καλοίη
1821 2609 1904 2660 τὸν
1923 2630 1974 2665 30

319 2687 458 2749 Θεὸν,
487 2687 585 2739 υἱὸν
611 2689 659 2740 δὲ
686 2689 810 2743 ὅλως
835 2689 918 2741 τὸν
945 2691 1093 2754 Υὶόν;
1137 2696 1173 2742 εἰ
1197 2692 1291 2758 γὰρ
1318 2691 1382 2755 μὴ
1409 2692 1729 2757 γεγεννῆσθαί
1752 2695 1904 2759 φησιν

319 2767 474 2831 αὐτὸν,
524 2771 755 2834 τουτέστι,
806 2777 1057 2839 προελθεῖν
1107 2776 1156 2824 ἐκ
1206 2778 1287 2838 τῆς
1339 2775 1503 2827 οὐσίας
1551 2779 1635 2824 τοῦ
1689 2772 1900 2839 Πατρὸς,

345 2880 422 2948 611.
450 2870 486 2949 (ἒξ
505 2882 566 2915 pro
584 2872 680 2951 ἓεῘΕ,
819 2884 874 2914 24.
901 2872 994 2918 Υἱὸς]
1016 2874 1223 2919 Legendum
1241 2881 1281 2908 ut
1298 2874 1368 2909 vid.
1387 2875 1547 2919 γεωργός.
1685 2881 1739 2918 ²5·
1765 2873 1841 2907 ἔστι
1860 2872 1902 2907 Ε.

321 2926 339 2948 2
370 2941 376 2948 .
403 2930 434 2949 τι
488 2943 495 2951 .
514 2932 565 2950 τοι
598 2926 626 2951 ⁴(
643 2945 649 2952 .
