1971 3272
98 108 151 150 ix.
172 112 241 165 36,
261 122 327 166 37.
377 113 450 153 IN
494 113 535 153 S.
571 113 907 154 JOANNEM.
973 113 1096 152 LIB.
1122 113 1200 152 vl.
1264 113 1396 153 CAP.
1433 113 1465 152 Ι.
1611 112 1691 150 199

98 219 293 288 φράσας
329 222 564 290 καταδέχῃ
600 221 686 286 τὴν
710 222 889 273 πίστιν.
940 220 994 272 τὸ
1028 222 1121 288 γάρ
1150 220 1211 275 Σῖ)
1237 220 1456 284 τοιαύτην
1483 220 1691 288 εἰσφέρει

97 300 201 353 τινὰ
228 301 313 367 τὴν
339 306 401 357 ὡς
427 303 545 370 πρὸς
572 304 753 370 ἑτέρους
780 303 1165 367 ἀντιδιαστολήν.

235 485 309 526 Καὶ
347 486 409 529 τίς
445 488 535 529 ἐστι
577 487 713 545 Κύριε,
751 488 895 543 φΗσίν,
932 487 1001 529 ἵνα
1040 488 1257 529 Πιστεύσω
1295 484 1354 527 εἰς
1394 485 1551 536 αὐτόν·

171 600 237 652 H
265 601 484 670 σώφρονι
511 606 737 672 λογισμῷ
772 624 1217 668 προκατηρτισμενη
1253 597 1404 668 ψυχὴ,
1432 596 1692 662 ἐλευθέροις

57 695 78 733 5
98 705 146 733 τε
182 685 265 747 τῆς
300 684 556 738 διανοίας
539 683 724 747 ὄμμασι
760 707 843 734 τον
868 686 951 747 τῆς
983 683 1207 747 ἀληθειας
1234 685 1517 747 διερευνῶσα
1544 679 1693 745 λόγον

98 766 501 831 ἀπαραποδίστως
542 767 611 817 ἐπ’
648 767 765 833 αὐτῇ
804 765 1017 831 καθάπερ
1056 770 1118 819 εἷς
1158 764 1326 827 λιμενα
1366 763 1584 828 καταίρει,
1618 784 1693 811 και

98 848 433 913 ἀταλαίπωρον
474 848 565 916 ε”χει
606 847 692 912 τὴν
732 854 816 899 τοῦ
857 847 1186 916 συμφέροντος
1231 845 1395 911 θήραν.
1464 845 1599 895 ε”σται
1645 843 1693 893 δὲ

97 927 246 979 πάλιν
272 929 510 999 ἀπόδειξις
536 936 631 981 τῶν
657 929 908 997 εἰρημένων
935 932 959 980 ὁ
986 929 1099 980 ποτὲ
1127 927 1326 998 τυφλός.
1383 927 1459 977 διὰ
1492 930 1694 978 πολλῶν

97 1010 190 1078 γὰρ
217 1012 305 1077 ἤδη
337 1017 590 1078 λογισμῶν
616 1036 665 1064 τε
700 1015 776 1064 καὶ
811 1014 999 1062 ἐννοιῶν
1024 1011 1079 1062 τὸ
1112 1013 1187 1063 ἐπὶ
1214 1013 1415 1079 Χριστῷ
1442 1008 1694 1073 θαυμάσας

33 1113 80 1138 10
97 1092 372 1160 μυστήριον,
400 1094 531 1145 ἀλλὰ
570 1098 646 1146 καὶ
686 1094 773 1159 τὴν
809 1094 1014 1162 ἄῤῥητον
1051 1095 1194 1144 αὑτοῦ
1234 1091 1692 1157 καταπεπληγμένος

98 1175 253 1243 ἰσχὺν,
281 1176 338 1245 ἐξ
370 1175 450 1240 ῶν,
483 1178 571 1245 οὐχ
610 1176 765 1244 ἕτερός
803 1200 888 1240 τις,
915 1175 1027 1227 ἀλλ’
1062 1175 1203 1229 αὐτὸς
1238 1176 1310 1243 ἐφ’
1345 1175 1495 1243 ἑαυτῷ
1533 1174 1693 1225 πεπεί-

95 1279 247 1323 ραται,
293 1257 541 1327 πρόχειρος
592 1260 739 1314 οὕτως
791 1263 852 1313 εἱς
901 1258 955 1309 τὸ
1004 1257 1244 1309 πιστεύειν
1291 1257 1570 1323 εὑρίσκεται,
1617 1257 1693 1305 καὶ

96 1340 331 1405 ἀμελλητὶ
368 1340 488 1408 πρὸς
526 1347 665 1393 τοῦτο
703 1340 922 1407 βαδίζων.
987 1339 1087 1391 ἰδοὺ
1125 1339 1219 1406 γὰρ
1258 1338 1357 1390 ἰδοὺ
1395 1341 1484 1391 τίνι
1525 1337 1693 1401 δεήσαι

96 1423 362 1489 προσάγειν
411 1424 498 1487 τὴν
549 1424 638 1488 ἤδη
696 1426 1186 1490 προοικοδομηθεΐσαν
1235 1423 1283 1473 ἐν
1341 1421 1468 1491 αὐτῷ
1527 1421 1692 1472 πίστιν

31 1515 77 1554 15
97 1507 306 1575 διερωτᾷ.
376 1508 527 1558 λείπει
571 1506 666 1574 γὰρ
709 1508 835 1576 αὐτῷ
875 1512 1014 1557 τοῦτο
1056 1505 1202 1569 μόνον
1239 1503 1691 1572 προηυτρεπισμένῳ

95 1586 214 1654 πρὸς
252 1590 396 1639 ἐκεῖνο
435 1588 647 1655 καθάπερ
686 1588 948 1656 εἰρήκαμεν.

129 1771 204 1813 Καὶ
241 1767 358 1814 εἶπεν
397 1772 420 1814 ὁ
451 1773 618 1815 ἸΗσοῡε
659 1772 734 1814 Καὶ
769 1771 973 1830 ἑώρακας
1011 1772 1155 1824 αὑτὸν,
1194 1771 1262 1813 καὶ
1299 1770 1322 1814 ὁ
1360 1769 1507 1811 λαλῶν
1544 1767 1651 1818 μετὰ

671 1860 746 1897 σοῦ
783 1853 949 1899 ἐκεῖνος
987 1856 1115 1898 ἐστιν.

171 1971 254 2021 Εἷς
292 1969 395 2018 τίνα
432 1966 669 2034 προσήκοι
702 1974 962 2020 πιστεῦσαι
999 1967 1356 2034 διερωτώμενος,
1383 1964 1549 2016 ἑαυτὸν
1579 1965 1682 2015 ε’πι-

28 2070 77 2095 20
96 2049 302 2113 δεικνύει,
335 2052 410 2100 καὶ
451 2052 536 2118 οὐχ
579 2051 745 2104 ἁπλῶς·
769 2050 900 2116 Ἐγώ
939 2054 1030 2112 εἶμι
1071 2049 1237 2115 λέγων,
1271 2047 1403 2099 ἀλλὰ
1441 2046 1524 2098 τὸν
1559 2046 1682 2113 ὁρώ-

93 2131 236 2195 μενόν
263 2155 313 2183 τε
346 2134 422 2183 καὶ
456 2132 835 2198 προσλαλοῦντά
870 2136 994 2201 φησι
1028 2132 1112 2183 τὸν
1138 2131 1257 2182 Υὶὸν
1284 2128 1399 2181 εἶναι
1424 2134 1508 2180 τοῦ
1535 2133 1681 2191 Θεοῦ,

94 2214 325 2283 ὠφελείας
352 2217 434 2278 τῆς
460 2213 686 2280 ἡμετέρας
711 2219 933 2282 πανταχῇ
960 2218 1193 2281 προνοῶν,
1219 2215 1295 2264 καὶ
1329 2211 1389 2263 τὰ
1423 2215 1485 2265 εἷς
1519 2210 1685 2263 πίστιν

93 2295 375 2361 βοηθήματα
426 2295 513 2361 τὴν
563 2298 756 2360 ἀπλανῆ
806 2320 857 2348 τε
906 2299 983 2348 καὶ
1040 2296 1368 2364 ἀδιάστροφον
1417 2293 1686 2362 ἐξυφαίνων

93 2379 332 2442 ποικίλως,
358 2379 432 2430 ἵνα
467 2378 532 2443 μὴ
568 2382 811 2434 δοκοῦντες
846 2379 1060 2442 εὐσεβεῖν
1085 2383 1147 2432 εἷς
1177 2377 1382 2446 βρόχους
1414 2379 1490 2428 καὶ
1523 2375 1684 2443 πάγην

144 2558 173 2581 Ι.
200 2547 366 2592 καταδέχῃ
385 2559 416 2582 a.
436 2548 556 2582 Holst.
574 2547 750 2592 καταδέχει
769 2547 811 2582 Β.
829 2547 1016 2592 καταδέχου
1034 2559 1052 2581 e
1072 2547 1149 2582 Cat.
1171 2548 1271 2582 Harl.
1289 2546 1384 2580 Aub.
1551 2557 1581 2580 2.
1609 2546 1680 2579 δια-

94 2594 223 2638 στολὴν
243 2594 285 2628 Β.
307 2595 371 2628 Ht.
391 2594 652 2637 ἀντιδιαστολὴν
669 2606 686 2628 e
705 2594 782 2627 Cat.
804 2594 905 2628 Harl.
924 2594 1020 2629 A.ub
1249 2605 1283 2637 3.
1310 2594 1363 2627 καὶ
1381 2593 1430 2627 τίς
1449 2592 1525 2626 ἐστι’
1542 2594 1632 2636 φησι
1650 2603 1681 2626 a.

92 2649 126 2685 5.
153 2641 349 2686 διερευνῶσι
369 2641 410 2674 Β.
432 2641 494 2674 Ht.
513 2640 711 2674 emendavit
728 2641 823 2675 Aub.
1066 2640 1098 2673 6.
1126 2639 1176 2674 ἐπ’
1195 2641 1277 2683 αυτῇ
1303 2640 1341 2673 Β.
1360 2638 1411 2673 ἐπ’
1430 2639 1533 2682 αὐτὴν
1550 2651 1579 2672 a.
1601 2638 1678 2672 Cat.

95 2688 195 2721 Harl.
215 2689 249 2722 ἐν
266 2689 349 2730 αὐτῇ
372 2687 434 2721 Ht.
454 2686 519 2721 Ed.
624 2696 654 2730 7.
680 2686 786 2731 θήραν
803 2699 833 2720 a.
853 2686 967 2730 θειραν
987 2686 1029 2719 Β.
1049 2686 1154 2729 θύραν
1174 2686 1236 2719 Ht.
1257 2686 1322 2719 Ed.
1435 2696 1486 2729 ¹3.
1513 2685 1679 2728 (ιμελλητι

93 2734 255 2768 emendat
282 2735 417 2779 Migne.
443 2733 585 2777 ἀμελητι
612 2732 679 2766 Ed.
704 2733 956 2776 ἀμεταστρεπτὶ
984 2732 1060 2766 Cat.
1085 2732 1185 2766 Harl.
1258 2731 1377 2775 δεήσαι
1405 2731 1448 2765 Β.
1454 2710 1537 2765 O.Ht
1564 2730 1681 2774 δεήσει

92 2779 187 2814 Aub.
300 2792 353 2825 19.
379 2780 548 2825 προσήκοι
569 2779 610 2812 Β.
629 2778 796 2823 προσήκει
817 2779 880 2813 Ht.
896 2778 963 2814 Ed.
1071 2790 1125 2812 20.
1152 2780 1321 2822 ὁρώμενόν
1338 2777 1391 2823 τε]
1413 2778 1627 2822 ἐρωτώμενόν
1644 2793 1680 2811 τε

91 2826 186 2860 haud
205 2828 293 2860 male
311 2839 341 2860 a.
646 2836 701 2859 22.
727 2827 902 2870 πανταχοῦ
920 2837 950 2859 a.
1039 2826 1098 2860 τὰς
1118 2825 1159 2858 Β.
1177 2826 1217 2858 τὰ
1235 2824 1432 2858 emendavit
1453 2824 1516 2858 Ht.
1535 2830 1568 2858 et
1585 2825 1632 2858 ita
1650 2836 1681 2859 a

94 2883 148 2918 23.
173 2872 389 2918 βοηθήματα]
416 2879 446 2912 -1-
471 2873 512 2906 τὰ
540 2872 603 2906 Ht.
630 2872 696 2906 Ed.
778 2872 968 2915 ἐξυφαινων
993 2871 1034 2906 Β.
1039 2883 1069 2906 a.
1094 2872 1173 2906 ὁδὸν
1198 2871 1373 2916 ἐξυφαινει
1402 2871 1464 2905 Ht.
1490 2871 1585 2905 unde
1612 2871 1680 2905 Ed.

93 2929 149 2962 24.
174 2921 285 2964 πάγην
305 2920 380 2955 B.a.
398 2920 544 2964 παγίδας
564 2919 627 2953 Ht.
646 2918 773 2963 παγίδα
791 2918 887 2953 Aub.

1710 311 1731 336 C

1713 476 1760 520 36

1711 1115 1732 1137 a
1770 1105 1849 1139 631
1862 1104 1916 1139 A.

1709 1772 1756 1811 37

1706 1855 1734 1896 b
