2016 3246
300 109 381 149 132
696 108 746 148 Β.
779 108 1056 148 CYRILLI
1098 108 1474 149 ALEXANDR.
1710 104 1795 145 viii.
1814 103 1882 158 58.

300 219 362 270 ὡς
400 216 545 280 μηδὲν
579 216 633 267 τὸ
671 216 897 283 παράπαν
929 217 1162 267 δύνασθαι
1201 215 1266 267 ὧν
1302 217 1444 283 ἐχρῆν
1479 219 1663 266 ἐννοεῖν.
1719 213 1885 277 μυρίας

299 297 394 364 γὰρ
434 297 594 363 λόγων
631 297 958 367 περιστροφάς
1003 300 1296 351 ἐπινοοῦντος
1342 298 1497 351 αὐτοῖς
1542 302 1624 348 τοῦ
1667 297 1886 359 Σωτῆρος

299 379 433 443 ἡμῶν
471 383 700 446 Χριστοῦ,
743 379 840 429 ἄνω
884 402 933 430 τε
980 381 1055 429 καὶ
1107 378 1235 430 κάτω
1283 378 1359 430 διὰ
1403 383 1497 430 τῶν
1540 379 1694 429 αὐτῶν
1737 376 1887 427 ἰόντος

299 460 536 527 ῥημάτων,
562 462 638 511 καὶ
663 459 749 524 τὴν
775 461 896 511 ἰδίαν
923 461 1078 514 αὐτοῖς
1113 460 1355 524 ἀϊδιότητα
1390 459 1704 526 πολυτρόπως
1738 478 1883 508 κατα·-

300 543 630 606 σημαίνοντος,
658 541 790 592 οὐδὲν
817 542 942 595 ὅλως
974 540 1320 607 διαλογίζονται
1354 541 1502 592 πλέον
1527 539 1592 592 ὧν
1618 542 1767 606 ὁρῶσι
1792 541 1889 591 τοῖς
1909 549 1932 589 5

300 629 383 675 τοῦ
422 623 645 686 σώματος
684 624 967 691 ὀφθαλμοῖς,
1007 621 1171 688 ὥσπερ
1211 622 1260 673 δὲ
1299 627 1546 676 παντελῶς
1584 619 1888 691 ἐξεστηκότες

260 706 377 756 Οκαὶ
412 704 818 770 παρακεκομμένοι
853 710 936 755 τοῦ
973 709 1054 754 νοῦ
1090 704 1175 768 τὴν
1201 703 1449 770 ἐνέργειαν,
1477 705 1560 754 οὐκ
1595 703 1890 754 ἀνατείνουσι

300 786 386 851 τὴν
411 787 604 853 καρδίαν
631 790 692 840 εἷς
718 785 777 836 τὰ
802 785 1045 852 πρέποντα
1073 789 1194 855 Θεῷ,
1220 785 1369 836 πάλιν
1396 785 1444 837 δὲ
1471 787 1532 839 ὡς
1559 787 1625 836 ἑνὶ
1655 789 1751 836 τῶν
1777 782 1886 834 καθ’

300 869 422 932 ἡμᾶς
457 867 720 934 ἀνθρώπων
751 866 857 918 τότε
895 866 1036 931 μόλις
1075 867 1324 937 ἀρξαμένῳ
1363 866 1417 918 τὸ
1452 865 1566 918 εἶναι
1603 868 1678 917 καὶ
1714 866 1763 915 ἐν
1794 868 1890 918 τοῖς

301 950 410 999 οὖσι
449 954 614 1011 τελεῖν,
654 948 729 999 ὅτε
768 951 843 999 καὶ
883 948 1171 1014 γεγέννηται,
1209 948 1498 1015 παραλόγως
1540 950 1799 1014 ἐγκαλοῦσι
1836 944 1890 996 τὸ
1914 963 1963 989 10

301 1034 490 1099 ψεῦδος,
527 1030 632 1081 οὐδὲ
671 1031 787 1096 ὅπερ
826 1030 1039 1094 ἥκουσαν
1077 1029 1301 1095 λέγοντος
1339 1031 1600 1083 ἐννοοῦντες
1639 1030 1806 1096 ὀρθῶς.
1865 1028 1891 1078 ὁ

301 1111 386 1174 μὲν
417 1111 512 1177 γὰρ
551 1112 643 1180 ἔφη
678 1115 931 1162 τεθεᾶσθαι
970 1111 1053 1162 τὸν
1077 1110 1306 1177 ιΑβραάμ
1340 1110 1425 1175 τὴν
1456 1111 1633 1177 ἡμέραν
1663 1111 1821 1167 αὐτοῦ,
1849 1111 1892 1159 οἱ

302 1192 351 1243 δὲ
377 1193 652 1256 μεταθέντες
679 1191 798 1259 πρὸς
826 1192 881 1243 τὸ
908 1193 1117 1243 ἐναντίον
1143 1194 1269 1262 αὐτῷ
1294 1198 1377 1243 τοῦ
1404 1191 1552 1258 λόγου
1576 1192 1662 1256 τὴν
1682 1190 1891 1254 δύναμιν,

305 1274 424 1325 οὔπω
456 1273 548 1340 γάρ
584 1279 738 1343 φασιν
765 1274 883 1337 ἔχεις
911 1274 978 1335 ἔτη
1003 1276 1270 1335 πεντήκοντα
1307 1279 1385 1325 καὶ
1420 1278 1519 1327 πῶς
1558 1273 1776 1325 τεθέασαι
1809 1269 1893 1322 τὸν

257 1356 554 1427 (ΓΑβροιοίμς
597 1356 794 1409 ἐλεεινὸς
829 1361 1080 1422 τοιγαροῦν
1111 1357 1136 1406 ὁ
1171 1355 1439 1424 παράφρων
1463 1357 1701 1418 Ἰουδαῖος,
1727 1359 1891 1420 πολλῇ
1915 1369 1964 1410 15

304 1437 389 1502 μὲν
415 1439 484 1488 ἀεὶ
518 1437 733 1504 συζήσας
767 1438 1062 1506 ἀπαιδευσίᾳ,
1090 1438 1263 1501 μανίαν
1294 1436 1342 1487 δὲ
1377 1436 1463 1501 τὴν
1495 1436 1724 1488 ἀτίθασον
1749 1457 1888 1499 ποιη-

305 1518 511 1583 σάμενος
538 1519 830 1588 σύντροφον.

239 1690 287 1735 58
327 1680 454 1727 Εἶπεν
494 1682 639 1726 αὐτοῖς
677 1686 699 1727 ὁ
732 1685 895 1727 ἸΗσοῦε
927 1686 1063 1734 Ἀμήν
1102 1685 1214 1734 ἀμήν
1254 1686 1368 1733 λὲΓω
1404 1683 1512 1736 ὑμῖν,
1551 1685 1648 1742 Πρὶν
1678 1685 1875 1741 Ἅβραὰμ

877 1769 1072 1815 Γενέσθαι
1108 1768 1194 1816 &sch
1231 1767 1329 1817 εἰμι.

386 1875 546 1926 Πάλιν
572 1877 646 1926 ἐπὶ
673 1874 726 1926 τὸ
754 1875 958 1940 σύνηθες
985 1876 1111 1945 αὐτῷ
1137 1878 1212 1926 καὶ
1240 1877 1385 1944 φίλον
1411 1875 1693 1940 ἐπιτήδευμα
1717 1873 1891 1940 βαδίζει
1915 1895 1965 1920 20

309 1956 539 2023 Χριστός.
597 1962 743 2007 λαλεῖ
763 1956 850 2021 μὲν
875 1957 967 2024 γὰρ
993 1957 1102 2008 ἔσθ’
1133 1958 1207 2008 ὅτε
1233 1957 1360 2009 πολὺ
1386 1958 1496 2007 λίαν
1521 1959 1891 2022 αἰνιγματωδῶς,

309 2041 384 2089 καὶ
435 2038 679 2106 διαφόροις
728 2038 1046 2108 ἐπικρύψεσιν
1098 2038 1381 2104 ἐπισκιάζων
1431 2038 1516 2102 τὴν
1563 2037 1792 2107 ἐξήγησιν
1841 2037 1896 2087 οὐ

270 2123 459 2170 επᾶσιν
485 2121 537 2187 ἐᾷ
572 2120 794 2185 γενέσθαι
829 2123 1095 2188 καταφανῆ.
1151 2120 1268 2171 ἐπὰν
1300 2119 1348 2170 δὲ
1384 2120 1610 2173 συνέντας
1643 2119 1718 2186 ’ίδῃ
1750 2116 1896 2182 μηδὲν

309 2200 416 2254 τοὺς
442 2202 776 2266 ἀκροωμένους,
796 2201 902 2252 τότε
929 2204 1009 2265 τῆς
1038 2203 1271 2270 ἀσαφείας
1299 2200 1617 2269 ἀπαμφιάσας
1641 2200 1723 2252 τὸν
1746 2198 1895 2265 λόγον

309 2282 600 2348 παρατίθησι
639 2282 820 2348 γυμνὸν
852 2285 927 2333 καὶ
966 2286 1119 2350 σαφῆ,
1154 2281 1178 2333 ὃ
1218 2281 1274 2346 δὴ
1313 2284 1389 2332 καὶ
1428 2285 1543 2348 δρᾶν
1572 2283 1646 2332 ἐπὶ
1683 2287 1766 2332 τοῦ
1803 2303 1894 2332 πα-
1916 2301 1966 2341 25

310 2363 475 2429 ρόντος
503 2364 746 2428 ἐπείγεται.
800 2364 956 2427 ἐπειδὴ
983 2363 1076 2430 γὰρ
1102 2362 1233 2414 οὐδὲν
1259 2363 1462 2429 εὑρίσκει
1488 2363 1726 2424 συνέντας,
1747 2363 1896 2413 καίτοι

311 2450 493 2510 μακροῦ
537 2444 902 2498 διιππεύσαντος
948 2445 1110 2510 λόγου,
1152 2443 1256 2495 οὐδὲ
1296 2444 1575 2508 δυνηθέντας
1615 2446 1784 2494 ἐννοεῖν
1824 2443 1895 2495 ὅτι

312 2528 388 2576 καὶ
427 2524 572 2580 ἀίδιός
609 2527 741 2577 ἐστιν
778 2529 840 2580 ὡς
877 2526 934 2595 ἐξ
969 2526 1118 2577 ἀϊδίου
1155 2524 1359 2591 Πατρὸς,
1392 2528 1467 2576 καὶ
1508 2525 1579 2576 ὅτι
1617 2524 1782 2591 μείζων
1811 2531 1895 2577 τοῦ

311 2606 538 2673 Ἀβραὰμ
575 2608 872 2673 ἀσυγκρίτως
907 2609 969 2661 ὡς
996 2607 1132 2670 Θεὸς,
1159 2605 1434 2676 ἀναφανδὸν
1460 2607 1549 2671 ἤδη
1585 2609 1736 2676 φησὶν
1761 2609 1823 2661 ὡς
1848 2608 1897 2658 ἐν

366 2762 394 2784 1.
421 2750 481 2796 ὧν]
503 2753 589 2785 νοεῖν
606 2752 651 2785 ὧν
669 2752 711 2786 B.
731 2751 930 2786 emendavit
951 2752 1070 2786 Holst.
1198 2763 1249 2797 13.
1278 2752 1312 2786 δέ
1330 2752 1530 2795 μεταθέντες
1547 2764 1565 2785 e
1584 2751 1660 2785 Cat.
1683 2751 1782 2785 Harl.
1800 2751 1896 2787 Aub.

315 2803 350 2829 et
367 2797 414 2830 ita
431 2809 461 2830 a.
479 2798 679 2840 μεταθέντες
697 2799 737 2842 δὴ
758 2799 799 2832 Β.
821 2799 884 2833 Ht.
943 2798 1045 2843 πρὸς]
1062 2800 1108 2834 εἷς
1126 2811 1157 2832 a.
1214 2800 1302 2846 αὐτῷ
1321 2798 1425 2834 edidi.
1443 2799 1524 2833 αὐτὸ
1545 2799 1587 2833 Β.
1605 2798 1666 2832 Ht.
1716 2797 1895 2833 Neutrum

316 2842 444 2875 habent
463 2856 493 2877 a.
513 2844 604 2878 Aub.
795 2845 847 2879 18.
873 2845 960 2888 ἀμὴν
976 2846 1034 2878 alt.
1053 2850 1276 2890 assumptum
1294 2857 1335 2879 ex
1355 2845 1397 2880 Β.
1590 2855 1645 2889 23.
1673 2843 1846 2880 συνιέντας
1863 2857 1893 2879 a.

319 2899 373 2930 242
399 2889 624 2933 ἀπαμφιάσας
644 2891 672 2924 Β
692 2903 733 2925 ex
751 2902 839 2926 corr.
859 2891 1080 2937 ἀπαμφιέσας
1098 2903 1127 2926 a.
1147 2892 1214 2926 Ed.
