1971 3272
82 156 121 181 x.
148 156 206 194 14,
230 154 293 196 15.
346 143 419 183 IN
462 144 504 183 S.
539 142 873 183 JOANNEM.
943 141 1062 181 12113.
1091 142 1165 181 VI.
1228 142 1362 181 (JAl'.
1399 141 1432 180 l.
1584 139 1667 179 233

82 251 141 301 τὰ
167 257 398 303 τοσοῦτον
425 253 723 322 διωκισμένα,
752 254 827 302 καὶ
854 250 1142 302 συνάπτεται
1168 250 1252 314 μὲν
1280 253 1341 304 ὡς
1374 249 1518 318 φύσει
1547 248 1668 301 Θεὸς

82 337 149 402 τῷ
184 337 291 402 Θεῷ
330 337 405 386 καὶ
446 337 613 400 Πατρῖ,
647 335 911 400 ἀνθρώποις
951 331 997 383 δὲ
1035 333 1182 384 πάλιν
1215 335 1276 386 ὡς
1314 333 1414 382 κατ’
1442 331 1668 395 ἀλήθειαν

84 415 344 481 ἅνθρωπος.

157 498 298 547 Ἀλλ’
327 497 443 551 ἴσως
478 499 571 564 ἐρεῖ
598 522 667 553 τις
694 500 803 566 Οὐχ
840 500 966 567 ὁρᾷς,
995 495 1031 548 ὦ
1057 498 1204 559 οὗτος,
1233 496 1338 548 ὅποι
1373 494 1486 546 ποτὲ
1520 493 1668 545 πάλιν

43 592 65 630 5
85 579 110 628 ὁ
136 578 223 632 σὸς
255 579 600 630 ἀποκινδυνεύει
634 580 808 646 λόγος;
849 585 885 632 εὶ
925 579 1017 646 γὰρ
1054 578 1171 630 καθὸ
1206 579 1396 644 γέγονεν
1423 577 1668 643 ἅνθρωπος

84 661 333 725 γινώσκειν
371 661 513 713 αὐτὸν
551 662 811 726 οἰησόμεθα
848 662 908 713 τὰ
946 663 1100 723 αὐτοῦ,
1135 661 1394 721 τουτέστιν,
1420 661 1572 709 ἐλθεῖν
1607 661 1670 711 εἰς

85 743 343 807 οἰκειότητα
369 749 462 794 τῶν
488 744 745 809 προβάτων
771 746 927 807 αὐτοῦ,
955 745 1022 797 τίς
1053 743 1144 812 ἔξω
1177 743 1299 806 με’νει
1334 745 1416 805 τῆς
1451 739 1628 805 ἀγέλης
1653 762 1663 802 3

84 825 275 876 ἔσονται
302 825 396 891 γὰρ
421 830 575 877 οἰκεῖοι
611 827 884 889 σύμπαντες
920 825 1036 877 καθὸ
1071 830 1146 875 καὶ
1182 825 1422 891 ἄνθρωποι
1459 822 1710 887 καθαπερεὶ
1739 832 1826 866 654
1840 831 1894 866 A·

86 904 239 960 αὐτός.
295 908 343 957 τί
373 909 454 958 οὖν
481 910 528 958 ἐν
553 912 620 977 τῷ
655 909 810 974 λέγειν
836 909 902 959 ε”τι
927 907 981 958 τὸ
1013 906 1250 973 περισσόν
1277 906 1349 957 Tb,
1381 906 1502 973 ἐμάς
1543 905 1592 955 τί
1622 904 1670 955 δὲ

8 1001 67 1034 Ἰο
85 994 181 1042 τοῖς
220 988 365 1044 ὅντως
405 991 546 1041 αὐτοῦ
583 990 637 1040 τὸ
676 990 943 1059 ἐξαίρετον5
989 994 1026 1040 εἰ
1068 988 1158 1055 γὰρ
1197 987 1368 1041 πάντες
1407 992 1559 1038 οἰκεῖοι
1596 985 1671 1037 διὰ

85 1069 171 1134 τὴν
209 1070 298 1135 ἤδη
337 1071 674 1138 προειρημένην
713 1073 877 1134 αἰτίαν,
916 1073 966 1122 τί
1004 1074 1100 1124 τοῖς
1145 1072 1397 1136 γνωρίμοις
1440 1070 1574 1120 ἔσται
1618 1068 1671 1119 τὸ

84 1158 250 1203 πλεῖον
274 1175 285 1215 ;

160 1237 293 1303 Πρὸς
327 1236 465 1288 τοῦτό
502 1242 672 1305 φαμεν,
701 1238 771 1289 ὅτι
797 1237 948 1291 κοινὸς
984 1237 1068 1299 μὲν
1094 1235 1248 1288 ἅπασι
1282 1236 1357 1286 καὶ
1392 1238 1487 1288 τοῖς
1520 1235 1667 1298 ε’γνω-

87 1317 224 1369 κόσιν
252 1319 394 1370 αὑτὸν
425 1323 500 1370 καὶ
534 1325 628 1374 τοῖς
664 1320 1014 1385 ἀγνοήσασινὸ
1049 1322 1133 1382 τῆς
1168 1316 1446 1380 οἰκειότητος
1479 1315 1669 1381 τρόπος·

21 1415 67 1464 15
87 1401 254 1466 γέγονε
289 1400 382 1468 γὰρ
417 1402 677 1468 ἅνθρωπος,
704 1403 758 1452 οὐ
796 1399 1097 1470 χαριζόμενος
1136 1399 1225 1451 ἀνὰ
1261 1399 1398 1465 μέρος
1437 1400 1550 1459 τισὶ,
1576 1400 1675 1448 τισὶ

87 1482 136 1533 δὲ
186 1483 350 1546 οὐκέτι,
400 1485 511 1534 ἀλλ’
564 1483 683 1549 ὅλην
733 1489 984 1536 πεσοῦσαν
1034 1482 1319 1548 ἐποικτείρας
1369 1480 1454 1544 τὴν
1506 1480 1668 1549 φύσιν.

87 1564 246 1629 ὀνήσει
292 1564 342 1616 δὲ
387 1566 518 1617 οὐδὲν
562 1568 586 1617 ὁ
632 1570 714 1630 τῆς
766 1565 1043 1630 οἰκειότητος
1087 1564 1260 1631 τρόπος
1311 1562 1419 1617 τοὺς
1471 1561 1546 1612 διὰ
1591 1565 1718 1626 Τῆςῖ)

89 1647 325 1701 ἀπειθείας
370 1649 654 1714 ὑβρίζοντας,
695 1648 1104 1712 ἀπονεμηθήσεται
1146 1646 1195 1697 δὲ
1235 1650 1426 1708 μᾶλλον
1463 1643 1675 1709 καθάπερ

88 1729 230 1795 γε’ρας
257 1729 494 1798 ἐξαίρετον
520 1736 616 1784 τοῖς
649 1732 904 1795 ἀγαπῶσιν
931 1729 1086 1780 αὐτόν.
1142 1727 1285 1794 ὅνπερ
1319 1726 1412 1793 γὰρ
1447 1725 1624 1792 τρόπον
1651 1726 1675 1775 ὁ

22 1830 72 1856 20
89 1814 172 1875 τῆς
212 1812 522 1865 ἀναστάσεως
557 1811 702 1878 λόγος
739 1811 882 1876 διήκει
917 1810 1003 1874 μὲν
1031 1812 1106 1862 ἐπὶ
1141 1809 1338 1868 πάντας,
1367 1808 1443 1859 διὰ
1477 1807 1561 1872 τὴν
1592 1813 1674 1858 τοῦ
1737 1812 1891 1893 ῗξῖῑῑὲη

91 1896 311 1959 Σωτῆρος
353 1893 635 1956 ἀνάστασιν,
678 1893 797 1957 ὅλην
842 1896 990 1962 ἑαυτῷ
1031 1896 1414 1944 συνανιστῶντος
1459 1890 1544 1954 τὴν
1587 1891 1672 1940 ἀν·
1738 1884 1878 1928 θ’ῡᾶῑῑῐῖῗ-

91 1975 283 2041 θρώπου
329 1975 493 2043 φύσιν,
533 1975 776 2044 ὠφελήσει
818 1975 866 2025 δὲ
909 1974 1040 2025 οὐδὲν
1078 1973 1185 2027 τοὺς
1230 1971 1674 2040 φιλαμαρτήμονας·

92 2056 461 2123 κατοιχήσονται
517 2057 610 2124 γὰρ
662 2061 724 2111 εἰς
775 2057 856 2107 τὸν
905 2055 1038 2125 ᾅδην,
1090 2058 1164 2107 ἐπὶ
1215 2055 1343 2124 μόνῳ
1394 2058 1460 2124 τῷ
1510 2057 1679 2121 χρῆναι

93 2138 378 2204 κολάζεσθαι
417 2139 470 2190 τὸ
509 2141 768 2200 ἀναβιῶναι
807 2137 1061 2206 δεχόμενοι·
1107 2143 1203 2191 τοῖς
1241 2136 1390 2203 γεμὴν
1427 2135 1510 2186 τὸν
1548 2135 1673 2204 ἐξαί-

26 2237 74 2276 25
93 2242 227 2286 ρετον
254 2221 492 2285 ἠσκηκόσι
519 2222 625 2282 βίον
649 2219 768 2288 πρὸς
794 2220 1022 2289 ὠφελείας
1052 2219 1186 2270 ἔσται
1218 2221 1426 2282 πολλῆς·
1473 2219 1547 2269 ἐπὶ
1583 2217 1678 2282 γὰρ

93 2304 323 2372 μετουσίᾳ
356 2309 451 2355 τῶν
484 2302 596 2370 ὑπὲρ
632 2309 740 2354 νοῦν
771 2305 964 2367 ἀγαθῶν
995 2301 1237 2371 λήψονται
1272 2300 1358 2365 τὴν
1388 2300 1674 2351 ἀνάστασιν·
1695 2321 1717 2349 e

95 2385 214 2436 κατὰ
259 2391 426 2437 τοῦτον
464 2383 591 2449 οἶμαι
628 2385 711 2436 τὸν
748 2385 925 2451 τρόπον
963 2383 1046 2435 τὸν
1084 2386 1167 2448 τῆς
1211 2382 1490 2447 οἰκειότητος
1531 2382 1679 2447 λόγον

96 2467 224 2531 ἥκειν
255 2466 340 2530 μὲν
370 2470 444 2519 ἐπὶ
476 2467 657 2521 πάντας
689 2467 924 2533 πονηρούς
962 2489 1009 2516 τε
1050 2468 1124 2516 καὶ
1164 2464 1382 2531 ἀγαθοὺς,
1410 2464 1474 2529 μὴ
1509 2463 1603 2528 μὴν
1631 2466 1680 2514 ἐν

96 2548 187 2618 ἴσῳ
225 2554 375 2600 πᾶσιν
407 2548 643 2616 ὑπάρχειν,
677 2548 807 2599 ἀλλὰ
846 2553 942 2602 τοῖς
979 2547 1063 2610 μὲν
1094 2547 1403 2599 πιστεύουσιν
1438 2551 1500 2599 εἰς
1538 2545 1680 2596 αὐτὸν

9 2654 81 2691 ι3ο
98 2631 376 2695 συγγενείας
415 2633 621 2693 ἀληθοῦς
661 2631 735 2680 καὶ
774 2634 868 2680 τῶν
901 2629 1048 2696 ταύτῃ
1086 2628 1485 2695 χρεωστουμένων
1523 2629 1676 2694 ἀφόρ-

98 2710 205 2775 μὴν,
244 2717 339 2766 τοῖς
378 2711 425 2762 δὲ
466 2711 530 2776 μὴ
572 2711 796 2764 τοιούτοις
840 2711 1119 2778 ἀχαριστίας
1162 2733 1211 2760 τε
1256 2711 1331 2759 καὶ
1376 2706 1681 2772 ἀνοσιότητος

152 2866 203 2902 17.
230 2857 289 2900 τὴν
306 2857 476 2891 ἀπείθειαν
496 2856 572 2890 Cat.
594 2855 706 2895 Harl„
726 2854 786 2889 Sed
804 2856 862 2898 τῆς
878 2853 1047 2888 ἀπειθείας
1064 2853 1170 2887 habet
1188 2865 1218 2887 a.
1395 2863 1449 2895 24.
1478 2852 1681 2895 κολάζεσθαι

101 2904 292 2948 assumpsit
309 2916 326 2937 e
346 2903 422 2937 Cat.
444 2904 544 2937 Harl.
562 2902 656 2936 Aub.
817 2911 872 2946 27.
899 2898 989 2944 οἶμαι
1009 2907 1231 2944 assumptum
1251 2911 1291 2933 ex
1310 2911 1338 2933 a.
1496 2910 1550 2944 29.
1576 2901 1683 2933 πᾶσιν

100 2949 264 2994 ὑπάρχειν
281 2951 347 2985 hoc
365 2950 486 2984 ordine
507 2950 581 2983 ss.a.
726 2959 782 2993 30.
808 2948 974 2993 εὐγενείας
991 2959 1021 2981 a.
1042 2947 1118 2981 Cat.
1140 2947 1239 2980 Harl.

157 3016 249 3044 VOL.
272 3017 319 3045 11.
860 3015 889 3041 H
911 3001 938 3041 h
