2037 3266
338 163 419 201 706
738 164 788 204 B.
822 164 1094 206 CYRILLI
1136 165 1519 206 ALEXANDR.
1735 164 1916 218 xvii.13.

332 273 428 319 τῶν
457 271 628 322 ἀδικεῖν
661 272 891 324 εἰωθότων
924 271 976 324 τὸ
1015 277 1139 325 θεῖον
1178 274 1426 339 ἀσύνηθες,
1466 275 1534 324 ἀεὶ
1573 270 1845 337 διαλάμπον
1870 274 1918 322 ἐν

333 352 674 417 ἀκαταλήκτοις
700 360 796 409 τοῖς
821 357 1008 406 ἐνοῦσιν
1033 356 1159 425 αὐτῷ
1184 354 1583 420 πλεονεκτήμασι.

407 435 668 500 Λελάληκα
703 438 858 488 τοίνυν
894 438 931 488 ἐν
967 443 1027 507 τῷ
1067 440 1223 507 κόσμῳ
1258 436 1318 488 τὰ
1350 443 1556 500 τοιαῦτα,
1590 436 1849 505 φησὶν,’ίνοι
1875 437 1917 486 οἱ

332 515 545 582 ἡμέτεροι
593 520 799 582 μαθηταὶ
849 517 920 577 τὴν
959 518 1060 586 ἐμὴν
1109 518 1247 581 ἔχωσι
1300 517 1446 588 χοιρέιν
1492 516 1827 587 πεπληρωμένην
1880 517 1919 567 ἐν

294 601 499 652 οοιύτοῖς·
552 604 652 653 πῶς
690 599 740 650 δὲ
775 598 804 663 ἢ
842 600 946 650 τίνα
984 598 1174 665 τρόπον,
1213 601 1405 665 ἐροῦμεν
1439 604 1661 661 εἰσαῦθις,
1693 604 1793 653 ταῖς
1823 602 1960 654 τῶν5

332 680 494 745 λόγων
534 682 786 750 ἀσαφείαις
833 685 1114 749 φιλονεικεῖν
1159 683 1241 732 οὐκ
1286 682 1589 746 ὀκνήσαντες·
1641 680 1790 751 ᾤοντο
1834 679 1919 743 μὲν

332 761 426 829 γὰρ
464 767 505 813 οἱ
549 762 766 829 μακάριοι
809 766 1028 828 μαθηταὶ,
1068 762 1297 818 συνόντος
1338 765 1494 819 αὐτοῖς
1532 766 1609 815 καὶ
1646 763 1920 828 συνδιατρί-

329 850 499 905 βοντος
549 850 631 895 τοῦ
677 849 907 910 Χριστοῦ,
955 847 1103 909 δῆλον
1154 845 1203 896 δὲ
1255 845 1326 897 ὅτι
1377 846 1497 897 κατὰ
1540 845 1699 912 σάρκα
1745 844 1917 911 φαμὲν,

328 925 491 990 πάσης
527 926 612 990 μὲν
650 926 852 981 εὐκόλως
890 927 1363 995 ἀπαλλαχθήσεσθαι
1402 932 1672 996 συμφορᾶς,
1706 929 1782 978 καὶ
1821 949 1918 977 κιν-

330 1007 495 1062 δύνους
528 1008 634 1062 τοὺς
669 1010 725 1078 ἐξ
755 1010 995 1060 Ἰουδαίων
1020 1013 1436 1076 παραδραμεῖσθαι
1470 1011 1655 1079 ῥᾳδίως,
1681 1008 1923 1060 ἀνάλωτοί
1942 1032 1990 1056 10

330 1113 378 1140 τε
415 1092 644 1154 διαμένειν
669 1096 766 1145 τοῖς
800 1091 1018 1142 ἐθέλουσι
1051 1098 1239 1142 κακοῦν·
1292 1092 1641 1159 κεχωρισμένου
1667 1089 1816 1156 γεμὴν
1842 1091 1918 1140 καὶ

328 1172 447 1238 πρὸς
473 1171 528 1222 τὸ
563 1173 659 1224 ἅνω
696 1172 1019 1240 χωρήσαντος,
1044 1176 1186 1225 παντὶ
1220 1173 1304 1238 μὲν
1330 1175 1524 1237 ἑτοίμως
1556 1176 1919 1239 περιπεσεῖσθαι

328 1254 539 1322 κινδύνῳ,
579 1255 662 1305 τὸν
700 1255 749 1306 δὲ
787 1256 860 1306 ἐπὶ
899 1260 995 1309 τοῖς
1033 1254 1254 1323 ἐσχάτοις
1296 1258 1540 1320 ὑπομεῖναι
1578 1256 1811 1317 κίνδυνον,
1855 1256 1918 1308 ὡς

327 1335 514 1390 οὐδενὸς
554 1335 688 1390 ὄντος
729 1337 795 1387 ε”τι
837 1343 919 1388 τοῦ
966 1340 1167 1403 διαρκῶς
1211 1337 1530 1401 ἐπαμύνοντος
1576 1339 1652 1388 καὶ
1694 1335 1780 1400 τὴν
1824 1340 1919 1387 τῶν

283 1427 309 1468 d
329 1423 607 1483 πειρασμῶν
642 1421 977 1474 διαπτοοῦντος
1003 1419 1188 1488 ἔφοδον.
1240 1419 1316 1470 διὰ
1343 1419 1518 1484 ταύτην
1547 1420 1628 1470 οῦν
1654 1418 1740 1482 τὴν
1767 1418 1918 1469 αἰτίαν
1941 1437 1988 1476 15

329 1499 421 1564 ἄρα
448 1501 473 1549 ὁ
504 1501 674 1565 Κύριος
703 1501 835 1564 ἡμῶν
859 1503 1048 1564 Ἰησοῦς
1073 1502 1097 1551 ὁ
1124 1500 1351 1567 Χριστὸς,
1377 1503 1482 1552 οὕτε
1515 1501 1601 1564 τὴν
1628 1498 1764 1569 ἅπαξ
1786 1503 1916 1568 ληφ-

329 1584 493 1631 θεῖσαν
532 1582 813 1647 ἀρνούμενος
847 1582 1203 1649 ἀνθρωπότητα,
1243 1585 1347 1634 οὔτε
1383 1583 1476 1647 μὴν
1513 1586 1596 1646 τῆς
1633 1586 1918 1648 θεοπρεποῦς

328 1663 547 1731 ἐξουσίας
572 1665 620 1714 ἐν
640 1664 787 1732 ἐνδείᾳ
813 1663 1043 1729 γεγονότα
1069 1664 1246 1718 δεικνὺς
1272 1664 1448 1727 ἑαυτὸν,
1466 1671 1605 1715 τοῦτο
1633 1666 1814 1715 κάκεῖνο
1842 1661 1918 1714 διὰ

327 1749 422 1795 τῶν
442 1744 603 1810 λόγων
629 1746 861 1814 ἐφαίνετο,
879 1747 1101 1797 δεδόσθαι
1125 1745 1210 1810 μὲν
1235 1748 1296 1801 ὡς
1323 1746 1557 1816 ἀνθρώπῳ
1577 1747 1733 1811 λέγων
1752 1745 1807 1796 τὸ
1833 1748 1917 1810 τῆς

327 1825 543 1890 θεότητος
582 1826 742 1890 ὄνομα,
775 1829 1111 1879 ἀποτελεῖσθαι
1151 1827 1299 1894 γεμὴν
1324 1830 1372 1878 ἐν
1410 1830 1535 1897 αὐτῷ
1575 1829 1649 1878 καὶ
1689 1828 1744 1877 δι’
1773 1828 1916 1879 αὐτοῦ
1939 1850 1989 1876 20

325 1908 456 1974 παρὰ
493 1908 686 1976 Πατρὸς
720 1908 806 1973 τὴν
842 1910 917 1961 ἐπὶ
951 1915 1047 1964 τοῖς
1080 1910 1355 1973 σεβομένοις
1389 1909 1532 1960 αὐτὸν
1567 1910 1712 1978 φειδώ
1751 1932 1800 1959 τε
1840 1911 1917 1960 καὶ

325 1989 539 2055 τήρησιν.
591 1993 640 2043 τί
675 1990 723 2042 δὲ
761 1991 854 2057 ὀίρα
888 1990 942 2042 τὸ
977 1996 1146 2060 σοφῶς
1180 1991 1237 2057 ἧν
1272 1994 1320 2042 ἐν
1352 1992 1533 2046 τούτοις
1567 1992 1912 2061 ἐξηρτυμε’νον;

325 2073 401 2122 ἵνα
440 2072 497 2137 δὴ
533 2073 725 2136 μάθοιεν
760 2077 802 2124 οὶ
840 2073 1061 2138 μακάριοι
1100 2076 1308 2138 μαθηταὶ
1346 2076 1421 2125 καὶ
1460 2078 1643 2124 συνεῖεν
1680 2074 1729 2123 εὖ
1766 2072 1915 2136 μάλα,

325 2154 503 2206 λεπτὸν
528 2155 874 2219 ἐπιστήσαντες
906 2159 973 2224 τῷ
1006 2155 1248 2224 λεγομένῳ
1274 2154 1358 2206 τὸν
1384 2161 1508 2218 νοῦν,
1536 2155 1607 2206 ὅτι
1644 2158 1718 2205 καὶ
1756 2154 1915 2206 συνὼν

323 2235 443 2299 μετὰ
476 2236 669 2303 σαρκὸς,
695 2238 748 2288 οὐ
775 2237 851 2288 διὰ
884 2237 1056 2301 ταύτης
1091 2238 1248 2290 αὐτοῖς
1281 2236 1340 2288 τὰ
1379 2241 1441 2290 εἰς
1476 2235 1717 2301 σωτηρίαν
1752 2236 1909 2303 εἱργά-
1936 2257 1985 2295 25

326 2317 441 2383 ζετο,
468 2317 579 2369 ἀλλ’
607 2320 655 2368 ἐν
692 2323 751 2386 τῇ
791 2321 874 2382 τῆς
913 2317 1133 2382 θεότητος
1171 2318 1288 2386 δόξῃ
1329 2320 1403 2369 καὶ
1435 2319 1626 2382 δυνάμει
1659 2321 1718 2384 τῇ
1757 2341 1910 2369 παντ-

328 2402 499 2468 ουργῷ.
565 2399 697 2451 οὐδὲν
734 2401 816 2450 οῦν
859 2400 965 2466 ἄρα,
1005 2401 1170 2466 φησὶν,
1210 2399 1422 2465 ἀδικήσει
1459 2399 1566 2453 τοὺς
1604 2398 1818 2463 μαθητὰς
1858 2398 1914 2450 τὸ

108 2492 194 2528 979
209 2490 263 2527 A·
289 2478 393 2544 apa)
429 2485 644 2547 παρεῖναι
681 2481 799 2545 μετὰ
836 2479 1028 2548 σαρκὸς,
1067 2484 1150 2545 τῆς
1185 2484 1338 2546 θεϊκῆς
1377 2481 1598 2550 ἐξουσίας
1630 2486 1714 2531 τοῦ
1742 2484 1911 2532 Μονο-

326 2568 491 2628 γενοῦς
540 2563 783 2629 διασώζειν
834 2561 1038 2617 εὐκόλως
1089 2563 1345 2627 δυναμένης
1396 2562 1576 2624 αὐτοὺς,
1621 2561 1709 2614 κᾶν
1752 2566 1791 2613 εἰ
1843 2560 1911 2626 μὴ

328 2644 542 2712 φαίνοιτο
572 2651 795 2711 παροῦσα
825 2643 969 2712 τυχὸν
1004 2645 1031 2709 ἡ
1063 2644 1210 2714 σάρξ.
1933 2666 1983 2702 30

403 2728 497 2777 Καὶ
531 2727 678 2778 ταῦτά
718 2731 887 2795 φαμεν,
924 2727 1008 2777 οὐκ
1050 2728 1097 2777 ἐν
1135 2728 1201 2796 τῷ
1243 2729 1403 2791 μηδενὶ
1445 2725 1643 2779 τιθέντες
1683 2724 1737 2776 τὸ
1777 2725 1912 2792 ἅγιον

328 2811 470 2870 σῶμα
494 2814 578 2859 τοῦ
600 2812 831 2876 Χριστοῦ,
857 2808 921 2873 μὴ
949 2808 1145 2875 γένοιτο,
1173 2809 1283 2859 ἀλλ’
1312 2807 1384 2859 ὅτι
1409 2807 1495 2871 τὴν
1519 2808 1593 2859 ἐπὶ
1620 2811 1716 2861 τοῖς
1740 2815 1906 2859 τελου-

562 2971 593 3003 3.
621 2959 659 2993 ἵν’
680 2959 721 2994 E.
1080 2971 1132 3004 19.
1159 2959 1317 3006 ἐφαίνετο
1334 2965 1557 3005 assumptum
1575 2971 1616 2993 ex
1635 2959 1676 2993 E.
