2011 3266
285 134 368 173 266
686 135 736 174 B.
770 134 1049 175 CYRILLI
1088 135 1470 177 ALEXANDR.
1700 137 1754 177 xi.
1774 136 1870 176 6-8.

241 277 363 319 6‘Qc
400 276 474 320 οὖν
513 279 694 322 ἄκουσεν
731 282 796 323 ὅτι
834 279 1017 333 ἀσθενεῖ,
1054 283 1152 324 τότε
1190 283 1266 331 μὲν
1304 283 1471 332 ἔμεινεν
1509 283 1553 324 ὲν
1592 280 1628 337 ᾧ
1665 279 1714 323 ἦν
1751 282 1872 334 τόπῳ

932 365 1007 406 δύο
1046 365 1223 422 ἡμέρας.

360 474 455 523 Καὶ
482 471 744 533 ἀνεβάλετο
770 472 856 536 τὴν
882 472 1061 542 ἄφιξιν,
1089 474 1164 524 ἵνα
1197 471 1262 537 μὴ
1300 479 1535 525 νοσοῦντα
1561 471 1703 524 αὐτὸν
1728 475 1867 537 θερα-

282 553 453 622 πεύσῃ,
493 554 625 605 ἀλλὰ
663 555 1016 618 τελευτήσαντα
1055 555 1323 624 ἀναστήσῃ·
1372 555 1486 622 ὅπερ
1525 557 1628 606 ἐστὶ
1666 555 1873 621 μείζονος

283 635 533 700 δυνάμεως,
560 637 636 687 ἵνα
662 638 737 686 καὶ
764 636 984 702 μειζόνως
1011 636 1290 706 δοξάσηται.

243 725 265 752 e

242 818 406 862 7ΛΛετὰ
456 819 501 861 δὲ
553 822 677 861 τοῦτο
727 821 839 867 λέπει
888 817 976 861 τοῖς
1025 818 1237 868 μαΘΗταῖε
1281 820 1410 862 αὐτοῦ
1453 820 1648 869 ’ΆΓωμε-ῑν
1692 818 1752 860 εἰς
1794 818 1872 860 τέιν

239 898 261 932 8
344 902 559 944 Ἰουδαίαν
586 904 728 944 Πάλιν.
787 904 980 950 λέΓουσιν
1009 904 1126 958 αὐτῷ
1161 902 1198 945 οἷ
1233 904 1420 953 μαΘΗταί
1454 904 1583 945 αὐτοῦ
1610 903 1772 954 “Ραββί,
1799 905 1871 944 νῦν

349 986 524 1043 ἐζήτουν
563 1002 610 1028 σε
646 984 684 1027 οἷ
715 984 920 1027 Ἰουδαῖοι
958 988 1144 1040 λιθάσαι,
1184 988 1253 1029 καὶ
1290 989 1418 1029 Πάλιν
1456 988 1631 1034 ὑπάγεις
1667 984 1783 1038 ἑκάς

356 1098 520 1150 Εἰπὼν
560 1099 607 1150 δὲ
648 1101 672 1150 ὁ
715 1099 888 1166 Κύριος
926 1101 980 1152 τό
1010 1100 1224 1168 ’Ἄγωμεν
1260 1106 1319 1156 εἷς
1358 1100 1426 1161 τὴν
1458 1098 1674 1152 Ἰουδαίαν
1713 1100 1871 1163 πάλιν,

280 1183 408 1232 δοκεῖ
431 1183 754 1250 ὑπεμφαίνειν,
783 1182 854 1232 ὅτι
882 1187 918 1233 εί
944 1185 1019 1233 καὶ
1046 1183 1233 1251 ἀνάξιοί
1255 1187 1375 1233 εἰσιν
1403 1183 1564 1233 ἐκεῖνοι
1589 1182 1871 1248 εὐεργεσίας,

280 1262 412 1313 ἀλλὰ
451 1269 614 1330 καιροῦ
654 1269 915 1318 καλοῦντος
957 1270 1040 1315 τοῦ
1079 1266 1382 1328 ἐμποιοῦντος
1420 1266 1577 1318 αὐτοῖς
1616 1262 1869 1333 ὠφέλειαν,

280 1343 565 1408 ἀπέλθωμεν
603 1345 722 1412 πρὸς
764 1345 950 1400 αὐτούς·
1011 1350 1052 1397 οἱ
1092 1345 1139 1397 δὲ
1183 1348 1388 1411 μαθηταὶ
1435 1349 1627 1397 δοκοῦσι
1673 1345 1747 1397 διὰ
1787 1345 1873 1409 τὴν

281 1427 474 1493 ἀγάπην
503 1427 589 1491 τὴν
622 1427 742 1494 πρὸς
781 1427 924 1479 αὐτὸν
957 1428 1156 1479 κωλύειν
1192 1429 1349 1490 αὐτὸν,
1376 1428 1505 1492 πλὴν
1532 1431 1592 1482 ὡς
1632 1429 1872 1494 ἄνθρωποι

281 1509 456 1560 οἴονται
495 1509 566 1560 ὅτι
605 1511 681 1560 καὶ
721 1510 847 1560 ἄκων
887 1509 1141 1561 ἐκινδύνευε
1179 1516 1274 1564 τοῖς
1310 1511 1549 1564 Ἰουδαίοις
1587 1509 1867 1577 περιτυχών.

59 1605 145 1641 678
160 1604 210 1639 Α.
239 1592 351 1643 ειδιὸ
392 1595 467 1642 καὶ
506 1592 952 1655 ἀναμιμνήσκουσιν
991 1592 1133 1643 αὐτὸν
1171 1595 1254 1657 τῆς
1291 1593 1531 1644 Ἰουδαίων
1570 1592 1690 1644 κατὰ
1729 1593 1870 1643 αὑτοῦ

280 1674 461 1738 μανίας,
489 1676 742 1740 μονονουχὶ
769 1673 988 1739 λέγοντες
1015 1675 1082 1725 Τί
1102 1673 1252 1726 πάλιν
1279 1675 1424 1741 ζητεῖς
1460 1674 1578 1738 μετὰ
1613 1680 1707 1725 τῶν
1734 1677 1868 1725 ἀπει-

281 1760 378 1807 θῶν
418 1756 642 1821 γενέσθαι
686 1757 762 1806 καὶ
807 1758 1084 1823 ἀχαρίστων
1118 1761 1214 1807 τῶν
1251 1756 1316 1821 μὴ
1359 1755 1524 1822 λόγοις
1564 1756 1681 1820 μηδὲ
1721 1758 1873 1822 ἔργοις

281 1838 708 1902 μαλασσομένωνς
763 1837 806 1888 οἳ
845 1839 919 1889 καὶ
959 1838 1024 1889 ε”τι
1064 1843 1251 1907 φονῶσι
1290 1838 1411 1889 κατὰ
1451 1844 1555 1901 σοῦ,
1595 1842 1670 1889 καὶ
1713 1839 1872 1905 ζεόντα

281 1918 364 1971 τὸν
390 1919 539 1983 θυμὸν
565 1919 769 1987 ἔχουσιν.
820 1919 967 1986 ἤγουν
993 1920 1132 1971 τοῦτό
1160 1924 1326 1988 φασιν,
1354 1919 1382 1985 ἦ
1419 1926 1558 1971 τοῦτο
1593 1922 1812 1986 σημαίνει
1847 1922 1871 1972 ὁ

332 2071 362 2094 1.
390 2061 433 2095 ὡς
450 2059 617 2104 οὖν-μὲν
634 2066 858 2105 assumptum
877 2073 919 2095 ex
938 2073 966 2094 a.
970 2061 1006 2095 k.
1103 2072 1135 2106 3.
1164 2061 1226 2095 Καὶ
1245 2066 1467 2105 assumptum
1486 2073 1524 2095 ex
1544 2072 1574 2096 a.
1577 2061 1612 2095 k.
1616 2073 1662 2094 tn.
1759 2073 1793 2103 4.
1818 2076 1871 2095 τε-

281 2105 511 2151 λευτήσαντα]
537 2112 573 2147 -}-
595 2107 697 2141 αὐτὸν
716 2119 761 2141 m.
893 2118 926 2152 5.
954 2123 1007 2141 και
1025 2108 1462 2151 ΟῐΠ.Αι1ἲ).δοξιὶσηται
1481 2120 1511 2143 a.
1514 2108 1548 2142 k.
1553 2120 1599 2141 m.
1619 2107 1872 2151 δοξασθήσεται

285 2153 362 2188 Cat.
384 2153 429 2186 Η
422 2154 483 2187 ιιι.1
502 2154 596 2187 Aub.
641 2153 709 2187 Hic
728 2153 854 2188 desinit
873 2154 982 2188 schol
1001 2154 1035 2188 in
1055 2167 1085 2188 a.
1089 2155 1123 2188 k.
1128 2167 1175 2188 m.
1222 2155 1321 2191 Quae
1341 2154 1602 2205 sequebantur
1594 2166 1629 2188 1n
1651 2154 1728 2197 Ed„
1746 2166 1872 2199 nempe

283 2200 418 2235 εἰκότως
438 2199 483 2244 [δ
502 2212 573 2234 om.
594 2198 742 2244 Aubff]
729 2216 768 2234 αν
784 2216 834 2236 τις
857 2200 944 2235 ε’ίποι
967 2216 1026 2244 την
1044 2202 1178 2245 Μαρίαν
1198 2200 1377 2244 σύμβολον
1397 2204 1478 2235 εἰναι
1502 2205 1568 2235 τῶν
1585 2201 1651 2235 απὸ
1677 2201 1792 2241 ἐθνῶν,
1812 2201 1872 2244 τὴν

283 2246 319 2280 δὲ
339 2247 483 2290 Μάρθαν
499 2250 564 2280 τῶν
582 2261 617 2280 εκ
639 2249 833 2290 περιτομῆς,
852 2248 909 2280 τὸν
927 2247 962 2280 δέ
986 2247 1022 2280 ἐκ
1048 2251 1172 2291 νεκρῶν
1193 2247 1416 2290 ἀνιστάμενον
1433 2248 1587 2292 ἀδελφὸν
1603 2248 1723 2287 αὐτῶν,
1741 2249 1800 2281 τὸν
1817 2248 1871 2281 διά

283 2307 356 2326 τινα
374 2292 594 2336 ἁμαρτήματα
612 2293 658 2328 εἷς
674 2292 758 2337 ᾄδοι
777 2295 1045 2336 καταβεβηκότα,
1064 2308 1146 2326 κατα
1163 2295 1202 2327 τό
1235 2293 1603 2338 ί’.Α.ποστρα(1,’)ν’]τωσαν
1620 2295 1651 2327 οἱ
1676 2294 1871 2337 ἁμαρτωλοι

284 2339 331 2373 εἷς
356 2340 413 2372 τὸν
437 2338 556 2383 ᾅδην.”
593 2354 645 2372 και
673 2354 731 2373 οικ
758 2340 927 2375 απιθιὶνως
953 2341 1007 2373 δια
1032 2341 1092 2383 τὴν
1117 2341 1152 2373 ἐν
1176 2343 1222 2385 τῷ
1250 2339 1422 2375 Μωυσεως
1448 2342 1537 2386 νόμῳ
1562 2342 1736 2374 πολιτείαν
1761 2341 1871 2385 φησιν

285 2385 440 2429 εἷρῆσθαι
459 2401 497 2429 τῃ
519 2386 683 2430 Μάρθᾳ“
700 2386 822 2429 Μάρθα
842 2386 965 2430 Μάρθα
982 2389 1143 2430 μεριμνᾷς
1160 2388 1213 2420 καὶ
1229 2388 1378 2430 τυρβιιζῃ
1395 2387 1473 2431 περὶ
1496 2388 1622 2420 πολλά·
1649 2388 1722 2422 ἑνὸς
1739 2387 1777 2420 δέ
1794 2388 1870 2421 ε’στι

284 2430 395 2476 χρεία,
413 2434 486 2476 r'J'rcn
509 2432 644 2476 ὀλίγων
651 2432 672 2447 ”
699 2433 745 2468 εἷς
772 2433 941 2475 σωτηρίαν
957 2434 1034 2478 γὰρ,
1053 2433 1091 2466 οὐ
1114 2436 1180 2467 τῶν
1196 2435 1336 2467 πολλῶν
1353 2433 1501 2468 ἐντολῶν
1517 2434 1615 2477 χρεία
1640 2434 1723 2467 κατὰ
1748 2435 1786 2467 τὸ
1811 2436 1871 2467 τοῦ

285 2480 388 2521 νόμου
404 2493 542 2523 γραμμα
563 2478 784 2537 [πρόσταγμα
803 2480 897 2513 Aub.
901 2478 916 2524 ]
936 2479 1013 2513 αλλ’
1034 2479 1161 2525 ὀλίγων
1177 2484 1243 2514 τῶν
1258 2480 1336 2524 περὶ
1353 2480 1484 2525 ἀγάπης
1501 2480 1821 2523 νενομοθετημένων,
1836 2481 1872 2514 ἐν

285 2528 336 2560 οἱς
358 2540 516 2568 κρεμαται
543 2526 657 2560 ὅλος(
649 2527 666 2559 ὁ
693 2528 792 2569 νόμος
818 2541 871 2559 και
897 2527 927 2559 οἱ
951 2528 1136 2573 προφῆται,
1154 2528 1256 2571 plane
1276 2538 1347 2560 non
1367 2533 1449 2560 sunt
1469 2527 1514 2560 D.
1533 2527 1665 2571 Cyrilli‚
1684 2533 1717 2560 et
1737 2527 1772 2560 in
1793 2526 1869 2561 Cat.

287 2571 501 2605 Corde1iana
519 2573 569 2616 (p.
589 2573 670 2617 278)
689 2584 718 2607 c.
740 2572 886 2617 Origeni
903 2573 1121 2613 tribuuntur,
1141 2574 1241 2618 cujus
1265 2574 1512 2607 commentalia
1535 2585 1640 2617 supel
1662 2573 1746 2607 haec
1764 2573 1871 2607 verba

286 2618 422 2652 desidel
425 2624 539 2652 Μιηῖιιι·
692 2619 724 2653 6.
751 2620 997 2653 Μετὰ-αὐτοῦ
1015 2626 1237 2664 assumptum
1256 2632 1297 2653 ex
1311 2632 1341 2653 a.
1346 2620 1381 2654 k.
1509 2620 1569 2660 ,8.
1591 2620 1670 2653 Ver.
1690 2620 1722 2653 8.
1742 2632 1809 2653 ass.
1829 2632 1870 2654 ex

285 2665 334 2705 k.‚
353 2665 490 2698 favente
508 2677 538 2698 a.
664 2678 696 2710 9.
725 2666 759 2699 δέ
778 2678 825 2700 m.
843 2681 957 2710 μεντοι
977 2667 1061 2701 Nik.
1082 2666 1148 2700 Ed.
1208 2665 1366 2711 ”Αγωμεν
1382 2666 1429 2702 εἷς
1445 2667 1505 2710 τὴν
1521 2665 1686 2700 Ἰουδαίαν
1701 2667 1805 2700 πάλιν
1821 2679 1870 2700 m.

284 2712 388 2744 πάλιν
406 2711 539 2756 ι’ίγωμεν
558 2711 641 2746 Nik.
662 2712 728 2746 Ed.
908 2724 962 2747 ΙΙ.
986 2715 1175 2748 λαλοῦντος
1195 2712 1274 2757 (sic)
1294 2724 1341 2747 m.
1513 2723 1567 2757 13.
1595 2712 1765 2756 ἅνθρωποι
1782 2713 1817 2747 k.
1821 2725 1868 2747 m.

285 2757 462 2801 ἄνθρωπον
481 2758 558 2792 Cat.
580 2759 680 2792 Harl.
700 2758 766 2792 Ed.
906 2770 958 2801 14.
986 2759 1169 2793 ἐκινδύνευε
1188 2760 1222 2793 k.
1226 2771 1272 2793 m.
1291 2759 1500 2793 εκινδινευσε
1519 2771 1548 2793 a.
1567 2758 1772 2792 κινδυνεύσει
1792 2758 1868 2793 Cat.

289 2803 388 2838 Harl.
406 2803 472 2838 Ed.
620 2815 672 2847 15.
699 2804 770 2839 κατ’
789 2817 836 2839 m.
969 2814 1021 2851 17.
1046 2821 1090 2850 μη
1073 2805 1130 2849 ήτε
1147 2807 1264 2863 λόγοις
1282 2806 1503 2840 διδασκαλίας
1519 2804 1593 2848 μήτ’
1613 2806 1725 2849 ἔργοις
1742 2805 1868 2848 θαυμα-

285 2863 344 2882 τοι
346 2850 443 2893 ργίας
461 2863 508 2884 m.
706 2852 759 2886 18.
785 2850 834 2897 οι]
854 2853 886 2885 οἱ
904 2852 999 2888 Aub.
1086 2851 1164 2886 ἀλλ’
1182 2853 1231 2886 ἔτι
1249 2854 1439 2896 φωνώντων
1458 2852 1538 2896 (Sic)
1558 2852 1611 2885 καὶ
1629 2851 1711 2884 κατὰ
1729 2853 1794 2885 σοῦ
1811 2853 1870 2884 τὸν

286 2895 424 2937 θυμον’
409 2911 488 2940 εχοι
490 2912 555 2930 των
573 2909 620 2930 m.
830 2909 882 2942 19.
908 2901 1011 2943 ἤγουν
1028 2910 1075 2933 m.
1094 2898 1111 2942 ἢ
1130 2898 1188 2933 οὖν
1207 2898 1275 2933 Ed.
1363 2896 1558 2943 ἢ-ἶιγειῖ,
1543 2913 1560 2940 η
1579 2897 1629 2930 ὅτι
1647 2912 1693 2932 εις
1709 2899 1868 2943 προφανη

286 2940 467 2975 κίνδυνον’
453 2943 525 2987 α’γει
544 2959 584 2977 αι
587 2959 664 2979 τοις
681 2944 822 2979 θέλουσι
841 2945 966 2988 δηλουν
984 2957 1030 2979 m.

1892 651 1914 689 5

1894 1209 1942 1234 10
