2022 3272
124 110 206 151 xvi.
228 110 352 150 8-11.
404 109 475 151 IN
522 111 564 150 S.
598 109 936 150 JOANNEM.
1000 109 1124 149 LIB.
1160 109 1212 149 X.
1274 108 1409 149 CAP.
1444 107 1505 148 II.
1626 107 1705 147 621

124 228 151 249 “
177 220 348 275 πάντες
408 220 836 289 ἀνακεκαλυμμένῳ
893 219 1142 288 προσώπῳ
1193 218 1279 282 τὴν
1332 218 1478 286 δόξαν
1534 217 1711 283 Κυρίου

124 311 150 332 “
177 302 599 369 κατοπτριζόμενοι,
636 301 722 366 τὴν
764 301 910 365 αὐτὴν
947 299 1100 351 εἰκόνα
1142 300 1575 369 μεταμορφούμεθα
1616 298 1710 350 ἀπὸ

123 392 150 414 “
177 384 318 454 δόξης
358 389 418 439 εἰς
459 383 620 452 δόξαν,
662 382 874 449 καθάπερ
912 381 1006 434 ἀπὸ
1037 383 1213 449 Κυρίου
1255 383 1544 445 Πνεύματος·
1599 383 1622 432 ὀ
1663 379 1711 431 δὲ

123 475 150 498 “
180 467 355 534 Κύριος
402 466 457 518 τὸ
511 464 708 529 Πνεῦμά
760 465 936 517 ἐστιν.”
997 465 1109 533 ὁρᾷς
1162 464 1233 515 ὅτι
1290 463 1607 527 μεταπλάττει
1657 462 1711 513 τὸ

83 565 105 604 5
126 553 325 613 Πνεῦμα
357 548 475 616 πρὸς
511 549 670 615 ἑτέραν
697 546 858 613 ὥσπερ
889 545 1042 598 εἰκόνα
1078 547 1184 600 τοὺς
1222 549 1270 597 ἐν
1302 545 1367 599 οἷς
1405 545 1464 597 ἂν
1497 547 1711 614 φαίνοιτο

125 631 476 694 καταυλισθε’ν;
536 632 795 694 μεθίστησι
844 628 937 696 γὰρ
989 629 1195 683 εὐκόλως
1240 629 1334 680 ἀπὸ
1384 633 1467 679 τοῦ
1520 631 1758 696 φρονεῖνὶ)

125 712 302 764 ἐθέλειν
327 712 386 763 τὰ
421 715 496 765 ἐπὶ
527 716 608 776 τῆς
635 715 723 778 γῆς
750 715 812 766 εἶς
837 712 891 762 τὸ
926 709 1048 776 μόνα
1083 711 1279 772 βλέπειν
1315 709 1375 761 τὰ
1412 713 1460 761 ἐν
1487 711 1712 776 οὐρανοῖς,

125 797 202 846 καὶ
233 795 290 864 ἐξ
321 794 553 861 ἀνάνδρου
589 795 765 848 δειλίας
797 798 859 848 εἷς
894 792 1246 858 εὐτολμοτάτην
1283 791 1508 843 διάνοιαν.
1556 791 1628 842 ὅτι
1664 790 1713 842 δὲ

125 880 200 929 καὶ
228 876 336 931 τοὺς
361 876 576 942 μαθητὰς
600 882 739 927 τοῦτο
764 875 1005 930 παθόντας
1038 876 1315 943 εὑρήσομεν,
1344 877 1420 926 καὶ
1453 881 1712 942 κεχαλκευ-

59 981 107 1006 10
124 960 290 1023 μένους
331 959 406 1011 διὰ
443 965 526 1010 τοῦ
570 958 845 1022 Πνεύματος
877 962 938 1012 εἰς
971 958 1025 1009 τὸ
1058 956 1174 1022 μήτε
1206 957 1290 1011 τὰς
1324 961 1419 1007 τῶν
1450 955 1715 1007 διωκόντων

124 1041 475 1095 ἐπαναστάσεις
514 1045 827 1107 καταναρκᾶν,
854 1039 985 1090 ἀλλά
1024 1043 1100 1091 καὶ
1139 1043 1221 1103 τῆς
1256 1044 1317 1094 εἰς
1344 1038 1562 1105 Χριστὸν
1588 1038 1709 1103 ἀγά-

125 1149 218 1189 πης
248 1124 443 1193 ἀπριξ’
421 1146 682 1192 εχομενους,
708 1121 968 1186 οὐδαμόθεν
997 1123 1286 1190 ἀμφιβολον.
1341 1122 1506 1172 οὐκοῦν
1533 1119 1716 1184 ἀληθὴς

127 1213 210 1258 τοῦ
233 1209 454 1272 Σωτῆρος
484 1207 508 1256 ὁ
536 1204 680 1271 λόγος
707 1204 926 1273 Συμφερει
953 1207 1050 1273 ὑμιν
1077 1203 1299 1269 λέγοντος
1326 1226 1380 1254 το
1407 1202 1722 1266 ἀποδημῆσαί

127 1312 185 1352 με
230 1293 291 1343 εἰς
330 1286 567 1355 ουρανούς·
621 1288 791 1340 ἐκεῖνος
827 1309 921 1354 γαρ
946 1285 1003 1350 ἦν
1030 1286 1054 1336 ὁ
1087 1285 1245 1352 καιρὸς
1276 1288 1359 1349 τῆς
1391 1283 1593 1336 καθόδου
1632 1289 1718 1335 τοῦ

63 1390 107 1427 15
131 1371 421 1435 Πνεύματος.
1735 1376 1758 1404 0

132 1550 206 1591 Καὶ
243 1550 383 1592 ἐλθὼν
424 1547 588 1591 ἐκεῖνος
626 1549 790 1597 ἐλέΓξει
827 1548 900 1590 τὸν
942 1549 1098 1598 κόσμον
1134 1548 1231 1604 Περὶ
1269 1547 1481 1604 ἁμαρτίας
1515 1546 1584 1586 καὶ
1618 1544 1760 1601 Περὶ8

197 1634 467 1676 ὃικαιοσύνΗς
511 1633 581 1674 καὶ
623 1634 722 1690 Περὶ
766 1632 960 1689 κρίσεως·
1023 1631 1121 1688 Περὶ
1165 1630 1378 1687 ἁμαρτίας
1424 1629 1515 1680 μὲν,
1558 1630 1624 1670 ὅτι
1670 1628 1759 1683 οὐ9

197 1718 464 1759 Πιστεύουσιν
515 1714 575 1757 e'tc
629 1716 718 1765 ἐμὲ·
794 1715 892 1773 Περὶ
941 1715 1216 1757 ὃικαιοσύνΗε
1266 1714 1326 1765 δὲ,
1375 1715 1440 1755 ὅτι
1487 1713 1596 1769 Πρὸς
1644 1711 1717 1753 τὸν
1742 1730 1789 1754 10

196 1800 369 1856 Πατέρα
407 1802 558 1847 ὑΠάΓω
586 1799 654 1840 καὶ
691 1799 834 1840 οὐκέτι
873 1796 1077 1855 Θεωρεῖτε
1114 1813 1178 1846 με·
1225 1797 1323 1853 Περὶ
1351 1795 1533 1852 κρίσεως
1567 1794 1626 1845 δὲ,
1654 1796 1718 1837 ὅτι
1743 1812 1786 1837 11

62 1905 112 1929 20
198 1883 221 1925 ὁ
259 1883 402 1940 ἅρχων
440 1887 513 1924 τοῦ
554 1883 712 1931 κόσμου
750 1882 903 1924 τούτου
943 1883 1147 1939 κέκριται.

208 1996 388 2062 Καιρὸν
423 1995 656 2064 ἐπιδείξας
690 1994 773 2046 τὸν
800 1994 963 2045 δέοντα
989 1997 1072 2058 τῆς
1098 1999 1181 2044 τοῦ
1209 1992 1487 2056 Πνεύματος
1517 1989 1721 2042 καθόδου
1739 1999 1767 2040 d

131 2081 207 2130 καὶ
245 2080 539 2141 ἀποστολῆς,
579 2077 634 2129 τὸ
675 2078 981 2140 ἀποδημῆσαι
1019 2075 1138 2142 πρὸς
1177 2074 1260 2125 τὸν
1289 2074 1495 2140 Πατέρα,
1523 2078 1598 2124 καὶ
1637 2072 1723 2136 τὴν

131 2163 179 2212 ἐν
219 2165 315 2214 τοῖς
361 2161 510 2226 ἁγίοις
549 2163 781 2224 μαθηταῖς
826 2158 1166 2225 ἀγριαίνουσαν
1207 2157 1364 2221 λύπην
1405 2155 1724 2223 ἀποχρώντως

134 2243 209 2294 διὰ
252 2243 419 2294 τούτου
459 2240 821 2309 τεθεραπευκὼς,
874 2242 951 2292 καὶ
1001 2240 1140 2301 τίνων
1183 2239 1318 2290 ἔσται
1369 2235 1653 2304 δημιουργὸς
1699 2237 1724 2287 ὁ

67 2340 116 2377 25
137 2324 452 2392 Παράκλητος
487 2325 732 2391 χρησίμως
762 2322 1225 2390 προσεπιδείκνυσιν.
1282 2320 1412 2372 ἐλθὼν
1445 2321 1538 2387 γάρ
1574 2325 1726 2388 φησιν

135 2407 306 2476 ἐλέγξει
348 2407 414 2457 τὶν
459 2408 620 2473 κόσμον
659 2411 756 2474 περὶ
797 2407 1029 2473 ἁμαρτίας
1072 2410 1148 2456 καὶ
1192 2410 1287 2472 περὶ
1329 2400 1604 2462 δικαιοσύνης
1647 2406 1724 2452 καὶ

134 2493 230 2556 περὶ
273 2491 467 2557 κρίσεως.
525 2489 601 2538 καὶ
639 2488 743 2538 τίνα
780 2485 866 2550 μὲν
897 2486 1074 2552 τρόπον
1101 2487 1126 2536 ὁ
1153 2487 1225 2553 ἐφ’
1255 2484 1442 2553 ἑκάστῳ
1474 2488 1569 2534 τῶν
1595 2487 1721 2549 εἰρη-

133 2571 285 2634 μένων
317 2568 512 2637 ἔλεγχος
545 2570 695 2631 ἔσται,
729 2568 1067 2632 διαμεμήνυκεν
1106 2570 1329 2634 ἀκριβῶς·
1377 2565 1508 2630 πλὴν
1535 2567 1724 2632 ἐπείπερ

135 2653 189 2702 οὐ
230 2652 340 2702 λίαν
380 2651 584 2704 εὐκόλως
626 2649 962 2717 προσβάλλειν
1004 2649 1123 2703 εἰκὸς
1167 2652 1234 2718 τῷ
1279 2647 1547 2714 θεωρήματί
1579 2670 1765 2711 uzlaze

186 2831 217 2854 2.
244 2820 304 2863 τὴν
321 2820 362 2853 Ε.
382 2820 429 2855 εἷς
445 2819 505 2862 τὴν
522 2819 589 2854 Ed,
753 2830 765 2852 1
777 2830 806 2852 1.
833 2820 1040 2863 καταναρκᾶν
1058 2818 1098 2851 Ε.
1118 2824 1151 2851 et
1170 2818 1217 2851 ita
1229 2817 1303 2862 jam
1321 2816 1490 2851 emendav
1484 2823 1566 2851 erat
1586 2817 1727 2861 (Migne

138 2866 182 2901 ad
199 2867 282 2910 loc.)
302 2865 496 2901 Cotelerius
514 2866 680 2900 Monum.
700 2865 795 2899 Eccl.
814 2865 876 2899 Gr.
895 2877 930 2899 11.
949 2865 1030 2909 653.
1048 2866 1225 2898 κατανικᾶν
1244 2863 1337 2897 Aub.
1508 2875 1561 2909 19.
1589 2861 1723 2909 ὑπάγω]

138 2912 325 2957 πορεύομαι
344 2912 386 2947 Ε.
625 2923 681 2958 23.
708 2912 927 2957 ἀποχρόντως
946 2911 1012 2946 Ed.
1032 2910 1215 2946 emendavi
1233 2922 1274 2944 ex
1294 2910 1335 2944 E.
