2037 3266
323 146 407 184 556
725 145 775 186 B.
808 145 1079 186 CYRILLI
1121 146 1500 186 ALEXANDR.
1782 160 1849 185 xv.
1869 157 1907 198 3.

321 258 442 316 μεθα
488 253 658 306 λοιπὸν
697 257 745 306 ἐν
783 256 913 325 τάξει
954 256 1037 320 μὲν
1076 255 1191 307 εἶναι
1235 260 1293 324 τῇ
1339 256 1446 307 καθ’
1489 256 1608 320 ἡμᾶς
1653 254 1736 305 τὸν
1768 253 1906 316 Υἱὸν,

322 338 507 388 δεῖσθαι
542 336 590 388 δὲ
622 339 727 402 μεθ’
757 338 889 402 ἡμῶν
919 341 1002 402 τῆς
1037 338 1168 404 παρὰ
1201 337 1391 404 Πατρὸς
1431 338 1710 402 ἐπιμελείας,
1736 337 1812 387 ἵνα
1845 335 1910 400 μὴ

320 420 398 468 καὶ
436 417 575 473 αὐτὸς
614 423 676 473 εἰς
715 420 870 486 ἔτερόν
909 442 953 471 τι
990 419 1100 485 παρ’
1143 419 1257 487 ὅπερ
1304 422 1406 470 ἐστὶ
1450 419 1794 485 περιτρέπηται,
1835 419 1911 468 καὶ

321 503 549 570 διαπίπτῃ
587 505 669 566 τῆς
704 503 869 555 οἰκείας
905 501 1098 570 τάξεως,
1131 501 1232 566 ἤτοι
1266 505 1349 566 τῆς
1384 502 1581 566 ἐνούσης
1619 500 1911 567 ἑδραιότητος

320 584 460 652 αὐτῷ.
527 583 724 648 συνάγει
763 583 856 650 γὰρ
896 588 957 637 εἰς
997 589 1135 635 τοῦτο
1175 583 1346 635 λοιπὸν
1384 589 1479 635 τῶν
1518 587 1765 650 θεομαχεῖν
1803 586 1902 633 εἰω-
1930 601 1953 638 5

321 664 473 717 θότων
507 666 534 729 ἡ
566 666 874 732 μειρακιώδης
910 665 1148 719 ἔνστασις.

391 749 533 798 Ἀλλ’
553 748 758 815 οἰχέσθω
784 748 869 811 μὲν
895 754 1056 810 ταῦτα,
1077 747 1268 811 πολλὴν
1293 753 1528 799 νοσοῦντα
1553 747 1639 811 τὴν
1666 746 1910 809 ἀβουλίαν,

320 830 479 880 εἰσίτω
506 829 656 895 γεμὴν
681 832 787 896 περὶ
814 835 909 881 τῶν
936 831 1084 895 ἁγίων
1112 832 1404 881 ἀποστόλων
1429 831 1538 895 ἡμῖν
1565 832 1588 881 ὁ
1616 827 1777 895 λόγος.
1837 826 1910 889 ἤδη

319 911 412 979 γάρ
439 916 592 981 φησιν
618 915 740 979 ὑμεῖς
774 911 957 980 καθαροί
981 913 1080 963 ἐστε
1107 909 1183 963 9ιᾶ
1208 910 1274 963 τὶν
1300 913 1429 978 λόγον
1455 914 1494 963 ἓν
1521 913 1769 971 λελάληκα,
1795 912 1908 978 ὑμῖν.

44 1040 47 1041 ⁷
99 1007 183 1044 873
199 1005 247 1041 Α.
280 995 482 1057 εὸμοιον
521 995 635 1044 ὡσεὶ
681 993 814 1059 λε’γοι
856 996 1136 1060 Πέπρακται
1174 993 1305 1060 παρὰ
1346 993 1539 1060 Πατρὸς
1580 991 1656 1044 διαὶ
1694 992 1761 1044 τὶν
1799 990 1912 1055 ε’μόν
1935 1016 1982 1041 10

320 1078 452 1142 λόγον
487 1078 560 1127 ἐπὶ
599 1076 815 1142 πρώτους
854 1078 972 1139 ὑμᾶς
1012 1078 1036 1127 ὁ
1076 1079 1158 1139 τῆς
1197 1079 1365 1140 νοητῆς
1405 1078 1480 1126 καὶ
1521 1074 1596 1126 διὰ
1636 1073 1912 1136 Πνεύματος

320 1160 395 1208 καὶ
422 1160 470 1209 ἐν
498 1157 739 1218 Πνεύματι
771 1159 1021 1223 νοουμένης
1057 1158 1411 1225 διακαθάρσεως
1445 1157 1635 1224 τρόπος·
1694 1154 1792 1207 ἰδοὺ
1817 1159 1912 1206 τῶν

319 1242 503 1292 εἰκαίων
547 1242 666 1292 ἐθῶν
711 1244 786 1292 καὶ
837 1240 1113 1308 νεκρότητος
1163 1243 1396 1304 κοσμικῆς
1448 1238 1776 1300 ἀποβαλόντες
1826 1236 1912 1302 τὴν

320 1323 542 1390 ὄχλησιν,
569 1323 742 1387 ἕτοιμοι
777 1322 897 1390 πρὸς
933 1324 1263 1390 καρποφοριάν
1289 1321 1396 1373 ἐστὲ
1430 1321 1517 1386 τὴν
1545 1324 1762 1390 θεοφιλῆ·
1813 1319 1912 1371 ἰδοὺ

320 1409 512 1470 νομικῆς
562 1405 908 1474 ἀπηλλάχθητε
961 1408 1036 1456 καὶ
1088 1405 1315 1469 ἀνονήτου
1366 1407 1443 1456 καὶ
1488 1402 1774 1467 εἰκαιοτάτης
1818 1407 1912 1454 τῶν
1936 1420 1981 1459 15

318 1489 559 1540 Ἰουδαίων
595 1487 930 1554 ἐπιτηρήσεως.
991 1487 1244 1556 ἐξεκάθαρε
1283 1486 1428 1552 λόγος
1467 1487 1586 1549 ὑμᾶς
1625 1488 1650 1537 ὀ
1688 1486 1812 1548 ἐμός·
1858 1487 1912 1536 οὑ

318 1570 413 1636 γὰρ
443 1570 508 1621 ἔτι
540 1569 851 1622 πολιτεύεσθε
880 1573 1199 1632 Μωυσαϊκῶς,
1228 1568 1330 1632 ἤτοι
1358 1567 1477 1619 κατὰ
1501 1567 1583 1618 τὸν
1609 1573 1692 1618 τοῦ
1719 1573 1910 1630 νομικοῦ

273 1670 300 1711 b
320 1652 599 1718 γράμματος
627 1651 819 1718 τρόπον·
864 1653 969 1702 οὔτε
995 1651 1088 1717 γὰρ
1114 1653 1162 1701 ἐν
1187 1650 1414 1717 βρώμασι
1442 1653 1515 1701 καὶ
1543 1648 1776 1711 πόμασιν,
1807 1650 1911 1699 οὕτε

320 1734 414 1799 μὴν
459 1736 507 1785 ἐν
551 1736 762 1801 διδαχαῖς
808 1737 1113 1797 βαπτισμῶν,
1152 1734 1262 1783 ἀλλ’
1304 1732 1408 1783 οὐδὲ
1454 1737 1554 1785 ταῖς
1603 1732 1658 1782 δι’
1701 1730 1911 1794 αἱμάτων

318 1821 663 1883 προσαγωγαῖς
719 1815 995 1882 ἐκζητήσετε
1052 1814 1135 1866 τὸν
1185 1814 1441 1880 ἁγιασμὸν,
1492 1815 1601 1865 ἀλλ’
1655 1815 1703 1864 ἐν
1751 1814 1910 1864 πίστει
1933 1838 1983 1863 20

319 1900 493 1967 βεβαίᾳ
530 1902 837 1963 πληροῦσθαι
871 1896 1133 1959 πιστεύετε,
1165 1899 1240 1947 καὶ
1281 1895 1357 1947 διὰ
1396 1894 1557 1960 πάσης
1595 1896 1912 1961 ἀγαθουργίας

321 1982 588 2047 εὐαρεστεῖν
622 1983 689 2048 τῷ
731 1983 840 2048 Θεῷ
880 1978 1184 2045 σπουδάζετε.
1241 1983 1478 2044 θεωρεῖται
1517 1977 1611 2043 γὰρ
1649 1980 1696 2028 ἐν
1731 1978 1911 2032 τούτοις

320 2066 404 2126 τῆς
437 2065 752 2126 πνευματικῆς
789 2062 1008 2127 λατρείας
1042 2061 1069 2124 ἡ
1105 2061 1315 2124 δύναμις.
1371 2063 1413 2110 οὶ
1446 2061 1603 2110 τοίνυν
1633 2061 1906 2125 ἀποκαθαρ-

323 2144 560 2208 θήσεσθαι
605 2142 864 2206 μέλλοντες
906 2143 1108 2204 ἔσονται,
1149 2146 1287 2210 φησὶ,
1324 2144 1430 2192 καθ’
1470 2143 1603 2204 ὑμᾶς·
1654 2141 1905 2205 παιδευθή-

323 2249 491 2277 σονται
518 2226 611 2292 γὰρ
638 2229 679 2276 οἱ
706 2225 790 2286 μὲν
816 2226 921 2291 ἄρτι
955 2228 1037 2288 τῆς
1074 2230 1158 2274 τοῦ
1194 2225 1423 2284 διαβόλου
1454 2224 1669 2289 σαγήνης
1695 2224 1906 2290 ἐκδιδρά-
1933 2245 1982 2284 25

285 2330 534 2369 ρσκοντες,
570 2309 645 2357 καὶ
684 2305 792 2359 τοὺς
830 2310 912 2369 τῆς
951 2305 1341 2370 εἰδωλολατρείας
1381 2305 1648 2370 διαδράντες
1686 2303 1906 2372 βρόχους,

325 2389 475 2439 οὐκέτι
500 2388 584 2451 μὲν
609 2393 704 2441 τοῖς
741 2389 912 2438 ἐκείνου
948 2388 1285 2438 πολιτεύεσθαι
1324 2387 1493 2449 νόμοις,
1520 2386 1910 2455 ἀποτιναξάμενοι

325 2470 373 2521 δὲ
412 2469 623 2536 καθάπερ
661 2473 832 2520 εἰκαῖον
868 2469 1125 2538 συρφετὸν,
1152 2468 1236 2533 τὴν
1274 2473 1369 2520 τῶν
1405 2469 1614 2536 ἀρχαίων
1647 2470 1765 2519 ἐθῶν
1798 2469 1911 2519 ἀκα-

325 2554 547 2618 θαρσίαν,
602 2553 722 2602 οὕτω
779 2574 827 2602 τε
882 2549 1052 2602 λοιπὸν
1102 2549 1349 2614 ἐπιτήδειοι
1408 2550 1526 2615 πρὸς
1576 2549 1629 2600 τὸ
1681 2551 1912 2602 δύνασθαι

326 2639 644 2701 καρποφορεῖν
683 2634 742 2684 τὰ
780 2637 862 2697 τῆς
902 2637 1155 2701 θεοφιλοῦς
1194 2635 1359 2697 ἀρετῆς
1397 2632 1513 2698 ἔργα
1554 2631 1628 2682 διὰ
1666 2635 1747 2695 τῆς
1787 2633 1912 2686 θείας
1932 2654 1983 2690 30

327 2716 678 2785 ἀποδειχθέντες
730 2714 934 2782 χάριτος,
984 2713 1240 2778 κλημάτων
1288 2715 1420 2777 δίκην
1462 2715 1562 2776 ἐμοὶ
1613 2713 1907 2781 προσαφθή-

376 2916 454 2948 2-4.
481 2906 712 2950 τῆς-τάξεως
730 2917 799 2940 om.
821 2906 860 2939 E.
973 2917 1006 2948 0.
1034 2904 1127 2948 ἡμεῖς
1145 2903 1239 2937 Aub.
1356 2912 1409 2947 15.
1437 2902 1597 2947 ἀνονήτου
1615 2903 1667 2935 καὶ
1685 2907 1907 2947 assumptum

328 2964 367 2986 ex
388 2952 429 2985 E.
552 2963 604 2986 20.
633 2952 830 2996 ἐκζητήσετε
852 2952 934 2987 E.F.
956 2952 1021 2986 Ed.
1041 2963 1112 2996 mg.
1132 2950 1349 2993 ἐκζητήσεται
1370 2949 1434 2983 Ed.
1554 2960 1610 2994 30.
1636 2949 1762 2992 ἀρετῶν
1782 2949 1822 2983 Ε.
