1971 3272
105 148 187 190 viii.
211 151 275 193 28.
362 151 430 191 IN
478 151 520 191 S.
555 151 892 192 JOANNEM.
958 152 1156 192 LIB.V.
1220 155 1352 194 CAP.
1383 157 1428 195 V.
1634 159 1686 197 [1¹5

103 262 246 311 ἐκεῖνο
284 260 338 311 τὸ
375 260 687 326 παράδειγμα,
722 260 851 324 πλὴν
889 261 996 329 ε”χον
1031 260 1185 311 εἰκόνα
1224 265 1304 325 τῆς
1345 265 1565 324 ἀληθείας
1605 265 1686 313 οὐκ

104 341 330 408 ἀμυδράν.
384 344 457 392 καὶ
490 342 653 408 ὥσπερ
685 343 712 406 ἡ
746 343 941 396 σύνεσις
974 344 1000 407 ἡ
1036 346 1084 394 ἐν
1118 345 1228 408 ἡμῖν
1262 345 1348 411 οὐχ
1386 344 1542 410 ἕτερον
1573 343 1685 394 εἶναι
1706 355 1731 394 d

102 424 212 489 παρ’
254 424 373 487 ἡμᾶς
413 446 457 474 τι
497 424 796 488 λελόγισται·
850 424 932 475 τὸν
971 423 1112 475 αὑτὸν
1153 424 1279 488 οἶμαι
1320 424 1499 491 τρόπον
1538 429 1613 475 καὶ
1659 427 1686 489 ἡ

101 505 253 573 σοφία
279 510 362 556 τοῦ
389 509 514 556 Θεοῦ
542 506 615 555 καὶ
644 504 846 571 Πατρὸς,
874 507 1119 557 τουτέστιν
1147 508 1171 557 ὁ
1198 507 1326 569 Υἱὸς,
1348 508 1433 574 οὐχ
1459 506 1615 572 ἕτερόν
1642 530 1686 556 τι

60 588 210 653 5παρ’
257 586 399 637 αὐτόν
442 588 573 637 ἐστιν
617 586 735 637 ὅσον
784 591 846 641 εἰς
897 589 1061 641 οὐσίας
1111 587 1374 653 ταυτότητα
1425 589 1565 653 λέγω,
1611 591 1686 638 καὶ

102 668 293 736 φύσεως
343 668 717 734 ἀπαράλλακτον
767 669 1033 733 ὁμοιότητα·
1105 670 1275 737 Πατὴρ
1330 671 1423 736 γάρ
1479 672 1609 721 ἐστιν
1661 673 1685 721 ὀ

103 749 284 816 Πατὴρ,
313 753 387 800 καὶ
415 750 528 804 Υἱὸς
555 752 580 801 ὁ
605 750 720 805 Υἱὸς
747 750 1104 805 Ζδιοσυστάτως.

173 831 366 897 Ἐπειδὴ
408 833 456 883 δὲ
496 833 614 898 πρὸς
654 833 793 883 τοῦτό
839 838 991 901 φησιν
1029 833 1100 884 ὅτι
1145 832 1301 888 Καθὼς
1343 831 1530 903 ἑὸι’ὃαξε’
1563 858 1623 902 με
1665 841 1683 886 ὁ

102 912 252 983 Ποιτῆρ
296 916 440 966 ταῦτα,
481 913 631 977 λαλεῖ,
672 915 890 981 νομιζέτω
933 918 1094 979 μηδεὶς
1138 915 1390 980 μαθήσεως
1435 916 1559 970 ὅλως
1601 919 1685 979 τῆς

35 1018 82 1043 10
100 995 220 1046 κατά
257 1018 301 1046 τι
339 1002 455 1062 γοῦν
489 998 648 1047 ἐπιδεᾶ
686 996 971 1048 καθεστάναι
1009 998 1092 1048 τὸν
1119 1001 1252 1049 Υἱόν·
1302 998 1463 1063 πολλὴ
1502 998 1596 1064 γὰρ
1635 1001 1684 1049 ἐν

98 1078 279 1132 τούτοις
314 1079 341 1142 ἡ
377 1083 471 1130 τῶν
496 1083 748 1144 λογισμῶν
775 1080 960 1131 ἀτοπία·
1004 1081 1222 1144 σημαίνει
1259 1081 1313 1132 δέ
1340 1104 1385 1131 τι
1420 1087 1628 1131 τοιοῦτον
1656 1082 1721 1145 ήο

98 1165 181 1211 τοῦ
231 1159 381 1226 λόγου
431 1161 640 1223 δύναμις.
715 1162 931 1212 Ἰουδαῖοι
980 1161 1066 1224 μὲν
1110 1162 1204 1229 γὰρ
1250 1167 1291 1213 οὶ
1337 1163 1543 1213 συνιέναι
1587 1167 1683 1213 τῶν

99 1244 292 1307 ἀγαθῶν
318 1266 362 1293 τι
397 1244 479 1294 οὐκ
516 1241 773 1310 ἰσχύοντες,
800 1244 854 1294 οὐ
879 1243 1023 1306 μόνον
1049 1246 1121 1312 ἐφ’
1151 1244 1218 1298 οἶς
1254 1243 1488 1311 εἰργάζετο
1522 1267 1677 1311 παρα-

99 1322 249 1393 δόξως
299 1325 706 1391 ἐσκανδαλίζοντο,
751 1324 883 1375 ἀλλὰ
934 1327 1009 1376 καὶ
1054 1326 1129 1376 ὅτε
1180 1349 1225 1377 τι
1272 1331 1366 1377 τῶν
1411 1331 1718 1393 θεοπρεπῶν-

33 1423 80 1463 15
98 1406 321 1473 ῥημάτων
355 1407 612 1475 ἐφθέγγετο
650 1412 788 1458 τοῦτο
826 1406 1066 1461 παθόντας
1104 1407 1192 1458 ’ίδοι
1231 1431 1301 1462 τις
1338 1409 1411 1459 ἄν·
1454 1411 1530 1459 καὶ
1570 1415 1683 1475 γοῦν

97 1488 322 1554 λέγοντός
348 1512 398 1540 τε
433 1490 509 1540 καὶ
545 1487 858 1552 ἀληθεύοντος
883 1489 1012 1555 Ἐγώ
1039 1493 1128 1554 εἶμι
1155 1489 1209 1541 τὸ
1236 1495 1339 1558 φῶς
1365 1495 1448 1541 τοῦ
1475 1490 1678 1555 κόσμου,

97 1569 357 1636 διεπρίοντό
384 1593 432 1622 τε
463 1572 538 1621 καὶ
572 1569 630 1621 τὰ
665 1570 888 1622 πάνδεινα
923 1574 1092 1639 χρῆναι
1118 1577 1302 1636 τολμᾶν
1329 1572 1677 1624 διεσκέπτοντο.

97 1651 123 1701 ὁ
162 1650 211 1701 δὲ
248 1652 422 1719 Κύριος
456 1652 589 1716 ἡμῶν
613 1653 803 1717 Ἰησοῦς
837 1653 1066 1719 Χριστὸς,
1100 1654 1174 1705 ἵνα
1212 1655 1366 1719 μάτην
1401 1653 1568 1708 αὐτοὺς
1607 1656 1681 1706 ἐπὶ

96 1732 248 1803 τούτῳ
283 1733 630 1798 λελυττηκότας
667 1735 854 1803 ἐλέγξῃ,
881 1733 988 1790 τοὺς
1027 1737 1192 1787 ἑαυτοῦ
1231 1736 1405 1802 λόγους
1443 1743 1526 1788 τοῦ
1557 1741 1680 1788 Θεοῦ
1700 1760 1721 1783 a
1751 1751 1835 1784 526
1851 1750 1904 1786 A.

31 1837 80 1863 20
98 1817 173 1865 καὶ
205 1816 396 1883 Πατρὸς
435 1815 552 1867 εἶναι’
587 1820 753 1885 φησιν,
779 1818 1195 1885 ἀνθρωπινώτερον
1228 1816 1312 1883 μὲν
1346 1817 1400 1870 τό
1434 1818 1680 1888 Ἐδίδαξεν

96 1896 256 1948 εἰπών.
309 1898 439 1963 πλὴν
467 1900 548 1949 οὑκ
582 1899 674 1968 ἔξω
709 1900 902 1965 θεωρίας
938 1902 1116 1963 λεπτῆς
1151 1899 1236 1964 τὴν
1263 1900 1356 1952 ἀπὸ
1390 1904 1474 1964 τῆς
1507 1900 1680 1970 λέξεως

96 1979 353 2045 εὑρήσομεν
379 1980 588 2044 δύναμιν·
629 1982 706 2031 καὶ
740 1984 777 2031 εὶ
811 1980 876 2045 μὴ
913 1981 1093 2048 δέχοιτο
1130 1981 1274 2049 τυχὸν
1300 1984 1324 2033 ὁ
1349 1985 1431 2046 τῆς
1459 1984 1679 2047 ἀληθείας

95 2061 264 2129 ἐχθρὸς
298 2062 357 2114 τὰ
389 2062 673 2128 ἀνθρώπινα,
700 2062 916 2126 μάλιστα
941 2062 1026 2127 μὲν
1052 2065 1201 2114 ἀδικεῖ
1230 2066 1312 2128 τῆς
1349 2063 1466 2127 μετὰ
1500 2064 1678 2130 σαρκὸς

97 2145 360 2208 οἰκονομίας
385 2143 467 2196 τὸν
493 2143 657 2210 λόγον.
710 2145 994 2196 ἐταπείνωσε
1028 2143 1122 2211 γὰρ
1157 2145 1321 2196 ἑαυτὸν
1347 2147 1371 2196 ὁ
1401 2146 1679 2211 Μονογενὴς

30 2239 78 2278 25
97 2226 343 2292 ἄνθρωπος
391 2226 612 2293 γεγονὼς,
664 2229 739 2277 καὶ
790 2225 866 2277 διὰ
916 2231 1055 2278 τοῦτο
1105 2228 1343 2281 πολλάκις
1398 2232 1564 2278 λαλῶν
1616 2231 1678 2282 ὡς

96 2307 356 2374 ἄνθρωπος.
405 2307 536 2372 πλὴν
562 2307 681 2359 ’ίστω
707 2307 855 2360 πάλιν
882 2310 944 2361 ὡς
970 2306 1100 2359 οὐδὲν
1126 2308 1338 2373 ἀδικήσει
1364 2308 1447 2360 τὸν
1473 2308 1590 2360 Υὶὸν
1614 2314 1679 2364 εἷς

96 2390 283 2458 ἀξίωμα
320 2389 374 2441 τὸ
414 2389 667 2457 θεοπρεπὲς
704 2388 758 2440 τὸ
797 2393 939 2441 εἰπεῖν
972 2388 1130 2446 Καθῶς
1166 2388 1351 2460 ἐδίδαξε]
1377 2415 1436 2459 με
1472 2398 1489 2443 ὁ
1526 2390 1677 2460 Παιτῆρ
1698 2402 1723 2443 b

98 2472 201 2523 οὕτω
239 2471 392 2523 λαλῶ·
442 2471 740 2539 πανταχόθεν
776 2470 869 2537 γὰρ
908 2473 1048 2537 ὑγιῶς
1087 2472 1255 2539 ἔχοντα
1292 2474 1366 2524 καὶ
1406 2478 1563 2526 καλῶς
1601 2474 1678 2522 καὶ

96 2559 262 2605 τοῦτον
289 2554 430 2605 αὐτοῦ
464 2553 547 2604 τὸν
576 2552 726 2619 λόγον
753 2553 1056 2622 ἐπιδείξομεν.
1110 2554 1447 2621 ἀποκρινάσθω
1485 2553 1533 2604 δὲ
1569 2554 1677 2617 ἡμῖν

148 2720 177 2743 1.
203 2709 304 2754 ἐχρῆν
324 2709 364 2743 Β.
386 2709 504 2743 Holst.
523 2710 604 2754 ἕχον
620 2722 637 2743 e
657 2709 732 2744 Cat.
754 2710 854 2744 Harl.
874 2709 1071 2744 emendavit
1090 2710 1184 2744 Aub.
1340 2721 1371 2743 2.
1397 2707 1479 2744 εἶναι
1496 2708 1574 2754 παρ’
1594 2708 1678 2753 ἡμᾶς

95 2770 127 2790 τι
151 2757 354 2800 λελόγισται
381 2756 423 2790 Β.
443 2757 507 2790 Ht.
530 2770 562 2789 τι
587 2755 664 2800 παρ’
684 2755 768 2800 ἡμᾶς
793 2754 874 2790 εἶναι
898 2758 1099 2801 λελόγισται
1125 2757 1264 2790 inverso
1289 2756 1410 2790 Ordine
1435 2768 1465 2790 a.
1490 2755 1572 2790 εἶναι
1597 2755 1677 2800 παρ’

94 2803 197 2837 αὐτόν
214 2803 308 2837 ἐστιν
328 2802 407 2847 (sic)
428 2802 520 2836 Aub.
644 2814 677 2844 4.
703 2817 735 2836 τι
752 2808 974 2847 assumptum
993 2814 1033 2835 ex
1054 2802 1130 2836 B.a.
1253 2814 1305 2836 10.
1334 2804 1530 2838 καθιστάναι
1550 2803 1592 2836 Β.
1613 2803 1677 2837 Ht.

95 2849 296 2884 καθεστάναι
315 2862 332 2883 e
354 2849 430 2883 Cat.
452 2849 551 2883 Harl.
571 2848 665 2882 Aub.
990 2859 1042 2892 13.
1069 2863 1100 2882 τι
1118 2852 1184 2883 τῶν
1200 2849 1334 2895 ἀγαθῶν
1351 2850 1489 2884 inverso
1507 2849 1628 2883 ordine
1647 2861 1677 2884 a.

99 2905 153 2939 17.
180 2898 300 2941 χρῆναι
320 2896 360 2929 Β.
380 2896 449 2929 δεῖν
468 2895 531 2929 Ht.
552 2895 618 2929 Ed.
685 2895 800 2930 Pauca
818 2894 946 2928 desunt
963 2894 999 2928 in
1017 2906 1047 2928 a.
1304 2908 1353 2942 [9.
1380 2897 1628 2941 λελυττηκότας
1646 2908 1676 2930 a.

98 2941 174 2977 Cat.
196 2941 294 2977 Harl.
314 2943 547 2985 λελυττηκότας
566 2941 632 2975 Ed.
776 2952 832 2987 25.
859 2940 991 2987 λαλῶν]
1011 2941 1105 2987 λέγει
1123 2953 1153 2977 a.
