1971 3272
125 140 294 195 viii.51.
505 147 573 186 IN
616 148 1033 194 S.1()ANN1‹3M
1102 156 1705 204 14113.v1.115

122 250 332 316 καθαπερ
365 253 498 307 οὗτος
534 257 559 305 ὁ
594 259 700 307 καθ
734 282 864 322 ημας,
892 263 974 312 οὐκ
1010 264 1221 332 ὀψεσθαι
1259 267 1306 318 δὲ
1334 291 1416 318 τον
1442 269 1620 322 θαικτον
1648 281 1705 327 εἰς

121 330 289 382 εκεῖνόν
309 337 432 401 φησι
459 361 524 387 τον
546 339 694 402 alim,
713 341 820 395 τοὺς
847 343 930 393 τὸν
951 349 1073 396 θεῖον
1096 349 1238 399 αὐτοῦ
1263 375 1533 420 τηρνσαντας
1559 357 1745 420 Myous:

120 413 207 480 οὐχ
245 416 307 468 ὡς
345 419 699 487 τεθνηξομένων
731 429 870 474 τινῶν
904 426 1022 488 μετὰ
1062 451 1148 492 την
1182 432 1467 484 ἀνάστασιν·
1510 437 1707 488 λέλυται

119 493 211 561 γὰρ
239 496 263 545 ὁ
288 497 480 549 πάντων
500 503 743 557 θάνατος
721 528 769 555 εν
787 507 976 559 θανάτω
998 514 1229 576 Χριστοῦ,
1247 517 1321 565 καὶ
1344 516 1397 566 τὸ
1418 521 1500 581 τῆς
1524 524 1707 586 φθορᾶς

77 589 98 627 5
120 575 380 644 ηφάνισται
408 581 591 648 κράτος·
635 587 768 638 ἀλλὰ
795 589 1000 641 θάνατον
1027 593 1241 660 ὀνομάζει
1276 598 1394 648 κατὰ
1421 600 1474 649 τὸ
1501 600 1620 655 εἰκος
1652 602 1706 652 τὸ

119 657 175 707 δι’
208 663 374 716 αιῶνος
413 665 713 733 κολάζεσθαι.
779 677 919 722 τοῦτο
965 673 1012 724 δὲ
1058 674 1116 725 ἂν
1154 677 1389 741 μάθοις,
1375 680 1491 748 όπερ
1528 683 1707 749 εἰρηκεν

118 740 257 796 αὐτὸς
281 744 329 793 ἐν
354 751 450 800 τοῖς
477 749 694 815 ἀνωτερω
723 754 1142 819 διασκοπούμενος”
1197 767 1222 789 “
1241 762 1396 825 Ἀμην
1423 764 1530 830 γὰρ,
1558 770 1702 832 φησὶ,
1767 766 1883 847 &¹¹36

118 829 144 851 ‘⁶
170 823 297 889 λεγω
337 829 454 891 ὑμῖν,
483 831 507 880 ὁ
544 833 783 884 πιστεύων
807 858 871 890 εις
906 836 988 887 τὸν
1015 839 1183 890 Υἱὸν’
1165 841 1256 909 ἔχει
1292 844 1412 910 ζωὴν
1444 847 1648 912 αἰώνιον,
1680 851 1704 900 ὁ

118 911 143 932 “
170 904 219 955 δε
263 909 469 962 ἀπειθῶν
511 917 576 963 τῶ
617 918 718 965 Υἱῶ
765 917 848 967 οὐκ
900 918 1072 988 ὄψεται
1117 920 1279 987 ζωήν.”
1340 928 1489 979 καίτοι
1532 930 1704 986 πάντες

50 1006 97 1031 10
116 987 478 1057 ἀναβιώσονται,
507 997 581 1046 καὶ
617 1001 680 1050 εἰς
718 997 839 1064 ζωὴν
876 1005 1085 1058 εἰσαῦθις
1119 1007 1510 1072 ἀναδραμοῦνται,
1540 1014 1709 1064 πιστοί

114 1091 163 1120 τε
189 1072 265 1121 καὶ
289 1072 497 1127 ἁπιστοι.
556 1079 720 1144 μερικὴ
747 1079 840 1147 γὰρ
867 1086 942 1134 καὶ
969 1086 1237 1149 οὐδαμῶς
1213 1112 1239 1152 η
1271 1090 1556 1155 ἀνάστασις,
1589 1097 1700 1146 ἀλλ’
1721 1105 1748 1145 d

114 1150 196 1215 ι’ση
222 1158 319 1208 τοῖς
346 1155 489 1222 ὅλοις,
518 1161 638 1211 κατά
664 1184 718 1227 γε
745 1162 828 1214 τὸν
855 1166 904 1215 ἐν
930 1171 995 1236 τῷ
1021 1171 1191 1235 χρῆναι
1227 1171 1408 1227 πάντας
1444 1178 1702 1237 ἀναβιῶναι

114 1233 278 1300 λόγον.

190 1320 304 1372 Πῶς
342 1320 424 1371 οὐν
460 1323 485 1373 ὁ
522 1349 588 1388 μη
623 1327 862 1380 πιστεύων
894 1333 960 1399 τῷ
993 1334 1094 1382 Υιῶ
1129 1332 1215 1396 τὴν
1241 1333 1362 1400 ζωὴν
1388 1339 1471 1389 οὐκ
1507 1340 1696 1408 ὄψεται,

47 1413 92 1450 15
113 1399 261 1450 καίτοι
301 1402 492 1455 πάντων
529 1408 895 1474 ἀναστήσεσθαι
932 1416 1376 1481 προσδοκωμε’νων;
1435 1424 1582 1485 δηλον
1620 1426 1703 1475 οὖν

113 1479 204 1546 ἀρα
238 1506 380 1535 παντι
414 1509 480 1556 τῳ
518 1490 733 1541 λοιπὸν
719 1492 789 1543 ότι
815 1493 937 1560 ζωὴν
963 1495 1067 1549 εθος
1103 1499 1363 1551 ἀποκαλεῖν
1388 1507 1454 1572 τῷ
1480 1507 1698 1576 Χριστῶ,

112 1585 166 1613 το
204 1566 252 1615 ἐν
282 1567 476 1638 εὐθυμια
516 1594 591 1622 και
627 1571 744 1642 δόξῃ
783 1580 951 1636 βιῶναι
986 1579 1174 1675 μακρὰν
1209 1603 1284 1632 και
1320 1586 1608 1652 καταλήγειν
1639 1593 1701 1644 εἰς

109 1667 254 1711 περας
279 1671 642 1751 παραιτουμενῃ,
671 1655 788 1722 όπερ
820 1659 952 1709 ἐστιν
976 1661 1024 1710 ἐν
1051 1662 1208 1713 ε”λπιδι
1242 1670 1338 1718 τοῖς
1373 1667 1521 1733 ἁγιοις
1556 1675 1695 1735 τεθη-

110 1749 447 1793 σαυρισμενον.
524 1734 689 1803 ὥσπερ
735 1739 816 1789 οὐν
860 1742 1143 1793 ἀπειθοῦντα
1193 1749 1260 1795 τῶ
1305 1751 1405 1818 Υἱῷ
1449 1750 1535 1814 τὴν
1578 1751 1698 1818 ζωὴν

43 1829 92 1853 20
109 1809 307 1862 ἀθέατον
343 1813 464 1882 ἕξειν
504 1820 642 1885 φησι,
683 1821 831 1871 καίτοι
871 1823 1064 1874 πάντων
1106 1827 1369 1888 αποβιῶναι
1410 1837 1691 1898 προσδοκω-
1716 1859 1738 1885 e

108 1913 270 1954 μενων,
300 1896 353 1945 οὐ
387 1895 473 1961 τὴν
499 1905 583 1949 τοῦ
619 1901 843 1965 σώματος
878 1909 1248 1971 κατασημαίνων
1272 1912 1321 1961 ἐν
1347 1914 1528 1969 τούτοις
1554 1916 1692 1982 ζωὴν,

109 1973 240 2024 ἀλλά
275 1998 360 2040 την
393 1984 489 2033 τοῖς
525 1981 675 2046 ἁγιοις
713 1984 1093 2051 ηὐτρεπισμενην
1127 1991 1363 2056 εὐθυμίαν,
1392 1998 1538 2051 οὕτως
1573 2001 1692 2050 ἀπο-

109 2059 284 2106 καλῶν·
335 2081 420 2109 τον
452 2062 596 2113 αὐτον
633 2062 760 2125 οἶμαι
799 2066 975 2132 τρόπον
1010 2092 1092 2120 τον
1126 2079 1338 2136 γενναῖον
1374 2100 1449 2128 και
1489 2080 1699 2131 νεανικὸν

107 2141 202 2187 τῶν
239 2138 376 2190 θείων
413 2143 557 2194 αὐτοῦ
594 2146 818 2212 ῥημάτων
858 2148 1087 2213 ἐσόμενον
1125 2154 1333 2221 φύλακα,
1372 2159 1576 2211 θάνατον
1615 2164 1698 2213 οὐκ

41 2226 87 2262 25
107 2217 323 2286 ὄψεσθαι
361 2227 513 2292 φησιν
557 2250 620 2280 εις
664 2227 747 2279 τὸν
786 2233 946 2294 αιῶνα,
986 2256 1061 2284 και
1107 2236 1211 2302 οὐχι
1255 2238 1443 2294 πάντως
1487 2241 1569 2293 τὸν
1613 2250 1697 2296 τοῦ

106 2302 329 2363 σώματος
367 2305 570 2358 θάνατον
605 2309 680 2360 διὰ
719 2311 888 2363 τούτου
926 2317 1102 2378 δηλῶν,
1130 2318 1262 2369 ἀλλὰ
1296 2343 1382 2418 7771)
1414 2346 1510 2377 τοις
1545 2327 1696 2393 ἁμαρ-

106 2372 275 2438 τωλοῖς
326 2387 702 2455 ηὐτρεπισμενην
753 2393 976 2446 κόλασιν.
1057 2400 1120 2452 ὡς
1175 2400 1269 2468 γὰρ
1327 2405 1373 2454 ἐν
1424 2407 1611 2461 ἐκείνοις
1666 2410 1733 2474 ήιῑ
1768 2423 1920 2459 574Α.

105 2465 299 2528 εὐθυμία
343 2468 419 2519 διὰ
463 2473 546 2534 τῆς
591 2472 707 2538 ζωῆς
754 2498 1048 2541 σημαινεται,
1089 2482 1209 2532 οὕτω
1248 2485 1448 2537 κάνθάδε
1490 2488 1566 2538 διὰ
1610 2496 1693 2541 τοῦ

107 2544 310 2598 θάνατον
348 2553 489 2602 εἰπεῖν
528 2553 556 2616 ἡ
595 2554 807 2609 κόλασις.

154 2715 184 2737 1.
211 2703 298 2738 οὕτω
319 2705 360 2740 Β.
382 2705 499 2741 Holst.
518 2707 615 2744 οὗτος
633 2711 832 2746 emendavit
851 2714 944 2747 Aub.
965 2714 1024 2749 des
1010 2724 1093 2750 unt
1111 2717 1195 2752 haec
1214 2720 1344 2753 xerba
1337 2733 1372 2754 1n
1391 2733 1421 2755 a.
1507 2723 1543 2756 δε
1562 2725 1620 2758 τὸν
1637 2736 1692 2759 as-

106 2757 287 2795 sumptum
307 2763 347 2785 ex
366 2764 396 2786 a.
654 2767 707 2799 14.
735 2758 836 2803 ζωὴν]
862 2764 898 2800 -f-
919 2762 1026 2805 λόγον
1043 2774 1061 2795 e
1080 2775 1186 2808 supxa
1202 2772 1243 2799 ut
1261 2766 1329 2800 vid.
1351 2767 1392 2801 B.
1411 2769 1609 2804 emendavit
1628 2771 1692 2806 Ht.

110 2806 164 2840 19.
189 2797 249 2841 τὴν
267 2799 352 2842 ζωὴν
369 2799 547 2834 ἀθέατον”
529 2816 621 2846 εχειν
639 2803 698 2846 τὴν
717 2805 802 2847 ζωὴν
820 2805 908 2849 ἕξειν
926 2808 1037 2851 φησιν
1056 2809 1097 2843 B.
1116 2811 1314 2846 emendavit
1334 2813 1399 2848 Ht.
1545 2827 1599 2860 24.
1627 2821 1693 2852 τῶν

107 2841 204 2878 θείων
220 2844 322 2878 αὐτου
342 2845 383 2879 Β.
403 2846 506 2881 αὐτοῦ
525 2847 623 2882 θείων
643 2849 706 2884 Ht.
726 2850 792 2885 Ed.
936 2864 992 2898 27.
1018 2855 1179 2902 κόλασιν]
1199 2859 1361 2903 τιμωρίαν
1378 2873 1408 2895 a.

858 3025 932 3063 QZ
