2037 3266
342 129 424 170 402
742 136 794 176 B.
827 136 1101 178 CYRILLI
1143 137 1524 178 ALEXANDR.
1727 135 1811 176 xiv.
1831 146 1869 183 2,
1888 146 1925 187 3·

122 240 217 270 Rom.
238 250 268 270 x.

121 284 216 314 840.
345 240 655 306 ἐγηγερμένον
694 245 744 294 ἐκ
783 250 972 311 νεκρῶν.
1044 249 1093 297 τί
1127 246 1219 312 γάρ
1259 251 1441 314 φησιν;
1482 254 1508 276 “
1528 244 1706 311 Ἐγγύς
1744 266 1836 294 σου
1874 239 1928 291 τὸ

345 328 372 350 “
398 323 526 388 ῥῆμά
565 325 709 388 ἐστιν,
749 328 797 376 ἐν
835 330 901 396 τῴ
940 329 1150 390 στόματί
1184 351 1278 378 σου
1316 330 1392 379 καὶ
1429 330 1478 378 ἐν
1515 332 1574 394 τῇ
1613 326 1779 392 καρδίᾳ
1817 340 1924 373 σου·

346 410 373 432 “
399 405 617 456 τουτέστι
656 406 709 458 τὸ
747 410 874 474 ῥῆμα
913 413 996 472 τῆς
1033 410 1240 464 πίστεως
1279 408 1303 460 ὅ
1343 408 1662 476 κηρύσσομεν,
1696 405 1812 457 διότι
1851 403 1930 455 ἐὰν

345 492 371 513 “
399 486 530 554 εἴπῃς
592 490 640 538 ἐν
693 494 761 558 τῷ
816 490 1025 553 στόματί
1081 514 1172 542 σου
1235 491 1304 542 ὅτι
1368 492 1541 557 Κύριος
1599 492 1800 553 Ἰησοῦς,
1854 487 1930 537 Καὶ

305 574 372 608 θές
398 570 662 638 πιστεύσῃς
701 573 748 621 ἐν
786 576 844 638 τῇ
884 574 1053 641 καρδίᾳ
1097 596 1189 623 σου
1231 573 1303 624 ὅτι
1341 574 1365 623 ὁ
1407 573 1528 626 Θεὸς
1566 573 1750 638 ἤγειρεν
1788 567 1971 620 αὐτὸν5

344 656 371 677 “
398 651 448 700 ἐκ
487 657 674 717 νεκρῶν,
713 653 934 721 σωθήσῃ.
999 655 1167 723 καρδίᾳ
1206 654 1299 721 γὰρ
1337 655 1608 706 πιστεύεται
1647 658 1710 707 εἷς
1748 655 1926 703 δικαιο-

344 731 562 796 “σύνην,
609 733 814 797 στόματι
866 735 915 785 δὲ
967 736 1271 801 ὁμολογεῖται
1322 741 1384 790 εἰς
1433 736 1718 802 σωτηριάν.”
1785 738 1823 785 εὶ
1880 732 1930 784 δὲ

344 813 632 878 πιστεύομεν
658 819 721 869 εἷς
747 815 877 879 Υἱὸν,
905 819 968 871 ὡς
994 818 1321 884 ἐγηγερμένον,
1347 819 1416 872 τίς
1454 819 1478 868 ὁ
1513 817 1720 879 τεθνεὼς,
1745 817 1821 866 ἵνα
1854 817 1929 866 καὶ

343 896 564 965 duam-333
621 900 732 949 ἀλλ’
766 899 869 949 ε”στι
909 903 1071 963 δῆλον,
1111 900 1182 951 ὅτι
1221 900 1440 952 τεθνάναι
1479 905 1648 951 νοεῖται
1689 898 1807 950 κατὰ
1845 897 1931 962 τὴν

343 977 515 1043 σάρκα.
568 981 882 1046 κατεκλείσθη
916 980 1009 1047 γὰρ
1045 985 1107 1035 εἷς
1143 981 1348 1034 θάνατον
1375 982 1429 1033 τὸ
1456 982 1573 1033 ’ίδιον
1599 983 1739 1032 αὐτοῦ
1765 985 1927 1043 σῶμα,
1952 997 2000 1021 10

345 1062 421 1110 καὶ
461 1062 634 1121 ἀνεβίω
676 1063 842 1113 πάλιν·
895 1068 1040 1127 σῶμα
1080 1064 1175 1131 γὰρ
1219 1064 1277 1129 ἧν
1315 1068 1399 1128 τῆς
1439 1063 1559 1115 κατὰ
1600 1063 1750 1132 φύσιν
1789 1062 1925 1128 ζωῆς,

345 1140 465 1205 ὅλην
492 1149 574 1193 τοῦ
601 1146 648 1193 ἐν
675 1146 802 1212 αὐτῷ
828 1146 1202 1209 κατοικήσαντος
1237 1148 1313 1197 καὶ
1345 1144 1557 1213 ἀρῥήτως
1583 1144 1820 1209 ἡνωμένον
1844 1142 1931 1207 τὴν

121 1237 268 1275 763Α.
306 1224 553 1288 αἷδιότητα
593 1230 787 1293 φοροῦν,
829 1228 1086 1290 τουτέστιν,
1127 1227 1357 1293 ἐνέργειαν
1394 1227 1480 1291 τὴν
1519 1226 1761 1294 ζωοποιόν.
1818 1226 1930 1276 ὅταν

344 1307 425 1357 οὖν
464 1330 532 1360 τις
571 1306 705 1376 διὲλῃ
745 1311 834 1371 καὶ,
875 1311 968 1363 θεὶς
1006 1309 1095 1360 ἀνὰ
1135 1311 1274 1376 μέρος
1313 1309 1399 1374 τήν
1438 1332 1487 1360 τε
1526 1310 1684 1375 σάρκα
1729 1311 1802 1360 καὶ
1847 1307 1930 1358 τὸν

344 1388 653 1454 ἐνοικήσαντα
687 1396 971 1454 σωματικῶς
1007 1393 1056 1442 ἐν
1083 1393 1214 1459 αὐτῇ,
1244 1391 1326 1442 δύο
1351 1390 1577 1459 τολμήσῃ
1603 1391 1758 1456 λέγειν
1784 1388 1925 1451 υἱοὺς,
1952 1407 1999 1445 15

342 1473 617 1537 γινωσκέτω
655 1474 896 1523 πιστεύειν
931 1477 994 1527 εἰς
1033 1473 1183 1538 μόνην
1216 1473 1300 1538 τὴν
1334 1472 1507 1540 σάρκα.
1566 1473 1803 1524 πιστεύειν
1839 1473 1930 1539 γὰρ

343 1553 465 1616 ἡμᾶς
503 1557 548 1603 αἱ
589 1558 705 1604 θεῖαι
744 1553 1027 1605 διδάσκουσι
1067 1557 1250 1622 γραφαὶ
1289 1560 1351 1608 εἷς
1388 1554 1471 1605 τὸν
1509 1555 1843 1621 σταυρωθέντα
1881 1577 1930 1604 τε

343 1636 418 1685 καὶ
457 1635 772 1697 ἀποθανόντα,
799 1639 874 1686 καὶ
909 1638 1222 1702 ἐγηγερμένον
1254 1639 1304 1687 ἐκ
1342 1641 1532 1702 νεκρῶν,
1559 1639 1646 1704 οὐχ
1679 1639 1741 1690 ὡς
1776 1637 1932 1703 ἕτερον

343 1715 457 1767 ὅντα
494 1717 625 1783 παρὰ
665 1717 747 1768 τὸν
781 1720 830 1769 ἐν
865 1721 983 1786 αὐτῇ
1021 1719 1145 1770 Θεὸν
1175 1718 1350 1784 Λόγον,
1388 1720 1475 1785 οὐχ
1514 1718 1632 1768 ὅσον
1665 1722 1727 1771 εἷς
1766 1719 1931 1771 οὐσίας

343 1797 607 1862 ταυτότητά
634 1803 773 1867 φημι·
817 1805 959 1863 σῶμα
994 1800 1088 1866 γὰρ
1125 1801 1179 1851 τὸ
1215 1805 1375 1864 σῶμα,
1400 1803 1476 1850 καὶ
1512 1801 1566 1850 οὐ
1593 1798 1766 1865 Λόγος,
1793 1804 1830 1850 εἰ
1856 1802 1931 1850 καὶ
1952 1821 2002 1861 29

302 1884 489 1944 ὺσῶμα
523 1887 606 1931 τοῦ
633 1882 810 1947 Λόγου·
854 1882 965 1932 ἀλλ’
1000 1882 1118 1933 ὅσον
1158 1886 1220 1936 εἰς
1259 1881 1313 1932 τὸ
1351 1885 1433 1946 τῆς
1473 1883 1681 1946 ἀληθοῦς
1720 1881 1932 1946 υἱότητος

345 1965 522 2029 χρῆμα.
579 1967 617 2013 εἷ
653 1963 708 2013 δέ
734 1987 799 2032 τῳ
836 1963 1081 2028 δοκοίημεν
1112 1966 1194 2015 οὐκ
1230 1964 1406 2030 ἄριστα
1440 1964 1608 2029 λέγειν,
1635 1963 1932 2014 ἐπιδεικνύτω

345 2043 601 2111 παρελθὼν
636 2045 719 2095 τὸν
755 2047 804 2095 ἐκ
829 2049 955 2096 Θεοῦ
989 2050 1222 2096 τεθνεῶτα
1250 2045 1411 2111 Λόγον
1439 2044 1556 2096 καθὸ
1593 2050 1760 2095 νοεῖται
1788 2045 1928 2109 Θεὸς,

347 2125 462 2191 ὅπερ
502 2128 632 2178 ἐστὶν
663 2125 906 2189 ἀδύνατον,
938 2132 1131 2190 μᾶλλον
1170 2127 1218 2179 δὲ
1258 2129 1333 2178 καὶ
1371 2127 1516 2192 μόνον
1554 2129 1774 2191 ἐννοῆσαι
1812 2129 1929 2178 δυσ-

346 2208 502 2268 σεβές.
1951 2228 2000 2266 25

310 2332 420 2374 2Ἐν
458 2337 508 2391 τῇ
554 2332 665 2392 οἰκία
708 2338 781 2376 τοῦ
815 2336 984 2392 Πατρός
1027 2352 1107 2384 μου
1149 2337 1275 2385 μοναὶ
1319 2336 1477 2377 Πολλαί
1520 2334 1635 2377 εἰσιν·
1693 2334 1727 2376 εἰ
1773 2336 1817 2377 δὲ
1858 2337 1930 2387 μὴ,

309 2417 330 2453 3
416 2411 536 2457 εἶπον
572 2416 621 2457 ἂν
655 2415 748 2465 ὑμῖν
786 2419 851 2459 ὅτι
888 2421 1125 2475 Πορεύομαι
1162 2420 1385 2467 ἑτοιμάσαι
1422 2420 1556 2460 τόπον
1591 2416 1696 2466 ὑμῖν·
1750 2418 1817 2459 καί
1853 2419 1929 2460 ἐὰν

418 2500 618 2556 Πορευθώ
658 2500 725 2540 καὶ
764 2502 978 2549 ἑτοιμάσω
1016 2503 1148 2544 τόπον
1180 2500 1288 2553 ὑμῖν,
1314 2503 1442 2543 Πάλιν
1473 2502 1650 2558 ἔρχομαι
1690 2502 1756 2542 καὶ
1795 2517 1933 2558 Παρα-

311 2593 334 2620 c
417 2582 613 2632 λήψομαι
639 2584 747 2632 ὑμᾶς
773 2585 856 2632 μετ’
888 2586 1082 2637 ἐμαυτοῦ,
1109 2587 1176 2627 ἵνα
1204 2588 1311 2627 ὅπου
1339 2583 1421 2634 εἰμί
1447 2585 1533 2632 &fob
1561 2585 1626 2625 καί
1655 2584 1770 2633 ὑμεῖς
1797 2583 1886 2626 ἦτε.

421 2686 716 2752 Ἀναγκαίως
756 2688 912 2741 αὐτοῖς
950 2687 1004 2739 τὸ
1046 2688 1111 2752 μὴ
1152 2692 1322 2755 χρῆναι
1363 2687 1678 2753 ταράττεσθαι
1722 2686 1927 2752 διειπὼν,
1950 2713 2000 2749 30

400 2803 510 2837 16—22
541 2805 623 2838 citat
650 2804 873 2848 Ephraimius
901 2805 1111 2838 Antioche-ni
1142 2805 1304 2849 Archiep.
1335 2817 1389 2849 ap.
1417 2805 1531 2838 Photii
1566 2804 1818 2838 Bibliothecam
1852 2806 1930 2841 cod.

351 2861 428 2895 229.
587 2851 639 2884 18.
666 2851 711 2886 ὡς
728 2851 790 2896 οὐχ
809 2852 947 2885 inverso
965 2852 1086 2885 ordine
1106 2851 1213 2896 Ephr.
1364 2862 1415 2897 19.
1442 2850 1538 2896 ὅντα]
1563 2856 1599 2891 -f—
1620 2852 1691 2884 υἱὸν
1708 2862 1769 2885 seu
1786 2853 1844 2885 τὸν
1860 2853 1932 2887 υἱὸν

350 2928 459 2973 Ephr.
526 2930 614 2975 αὐτῷ
635 2929 744 2975 Ephr.
811 2930 937 2964 Statim
956 2931 1042 2964 Θεὸν
1059 2941 1128 2964 om.
1148 2930 1259 2974 Ephr.
1389 2942 1444 2976 29.
1469 2907 1542 2974 μείἐι
1541 2930 1643 2964 ἀύτοῦ
1662 2929 1703 2964 Ε.
