2037 3266
338 125 423 166 338
738 132 790 172 Β.
823 132 1103 174 CYRILLI
1145 132 1526 174 ALEXANDR.
1677 129 1750 170 xii.
1766 142 1836 183 49,
1855 136 1923 179 50.

339 240 367 262 ‘⁶
393 235 598 300 στόματι
637 239 793 303 αὐτοῦ,
825 244 901 292 καὶ
934 241 1141 307 λαλήσει
1179 243 1334 295 αὐτοῖς
1370 239 1535 292 καθότι
1571 238 1628 290 ἂν
1651 238 1924 297 ἐντείλωμαι

341 323 367 345 “
393 318 533 387 αὐτῷ.
588 322 664 371 καὶ
700 323 724 372 ὁ
762 322 1011 389 ἄνθρωπος
1044 325 1226 386 ἐκεῖνος,
1256 322 1307 377 ὃς
1334 322 1391 374 ἂν
1419 321 1484 386 μὴ
1521 320 1703 388 ἀκούσῃ
1738 319 1833 370 ὅσα
1866 315 1925 366 ἂν

340 406 367 428 “
393 399 592 470 λαλήσῃ
619 404 643 453 ὁ
670 404 920 472 προφήτης
945 406 1019 456 ἐπὶ
1044 409 1110 473 τῷ
1137 404 1336 469 ὀνόματί
1367 427 1472 469 μου,
1500 402 1592 469 ἐγὼ
1616 401 1846 465 ἐκδικήσω
1872 397 1927 466 ἐξ

117 491 194 528 716
212 491 263 527 A·
299 487 367 526 a“
392 482 581 533 αὐτοῦ.”
641 487 688 534 ἐν
728 487 883 554 ταύτῷ
923 492 1173 552 τοιγαροῦν
1215 488 1239 537 ὁ
1283 486 1459 553 Κύριος
1503 486 1637 550 ἡμῶν
1671 485 1859 547 Ἰησοῦς
1899 480 1924 529 ὃ

113 1706 208 1738 Hier.
223 1707 267 1738 vi.

118 1759 167 1792 19.

338 563 553 628 Χριστὸς
590 564 673 615 τὸν
703 565 910 632 ἀλαζόνα
947 572 1042 617 τῶν
1066 568 1303 619 Ἰουδαίων
1341 567 1516 619 εὐθύνει
1556 569 1718 630 δῆμον,
1747 566 1808 617 ὡς
1847 561 1965 612 Καῖ5

339 645 465 714 αὐτῷ
507 646 777 714 μαχόμενον
822 652 889 717 τῷ
936 652 1046 718 Θεῷ
1090 651 1165 699 καὶ
1215 651 1383 716 Πατρῖ,
1427 651 1501 700 καὶ
1554 648 1609 699 δι’
1651 644 1715 697 ῶν
1758 641 1924 703 ἐντολὴν

339 726 580 795 εἰληφέναι
631 728 757 794 λέγει
808 730 918 796 παρ’
963 731 1105 781 αὐτοῦ
1155 733 1230 781 καὶ
1281 729 1363 799 ἀφ’
1411 732 1576 781 ἑαυτοῦ
1620 727 1685 792 μὴ
1739 729 1922 787 λαλεῖν,

338 807 503 858 ἑαυτὸν
529 808 642 860 ὄντα
667 808 750 861 τὸν
775 811 1027 880 προφήτην
1053 812 1319 863 ἐπιδεικνύει
1347 816 1533 880 σαφῶς,
1559 809 1641 861 τὸν
1667 808 1743 859 διὰ
1777 806 1921 871 νόμου

337 891 686 955 προβοώμενον,
715 895 791 943 καὶ
827 892 902 943 διὰ
937 896 1019 957 τῆς
1052 900 1135 944 τοῦ
1167 898 1292 945 Θεοῦ
1330 896 1405 944 καὶ
1441 891 1630 959 Πατρος
1671 892 1831 960 φωνῆς
1871 889 1922 938 ἐκ

336 977 537 1024 πολλῶν
581 973 758 1025 ἄνωθεν
802 974 986 1042 χρόνων
1024 975 1481 1042 προκεκηρυγμένον.
1553 978 1690 1025 καλεῖ
1729 971 1782 1023 δέ
1817 994 1919 1024 πως
1945 991 1996 1018 10

338 1053 457 1121 πρὸς
508 1054 788 1121 ἀνάμνησιν,
837 1058 984 1108 καίτοι
1036 1062 1195 1112 νωθεῖς
1245 1058 1382 1111 ὄντας
1433 1055 1613 1118 αὐτοὺς,
1659 1057 1721 1108 ὡς
1771 1055 1809 1103 εἶ
1859 1051 1925 1117 μὴ

294 1136 591 1198 ὺβούλοιντο
631 1143 727 1192 τοῖς
769 1139 879 1204 παρ’
922 1140 1065 1190 αὑτοῦ
1109 1140 1476 1190 καταπείθεσθαι
1520 1136 1696 1202 λόγοις,
1736 1134 1920 1186 ὑποκεί-

337 1241 505 1269 σονται
543 1219 731 1273 πάντως
770 1220 1046 1290 ἀδιαφύκτῳ
1083 1219 1294 1283 κολάσει,
1332 1222 1405 1270 καὶ
1448 1221 1764 1283 ὑπομενοῦσιν
1803 1214 1922 1283 ἅπερ

334 1299 426 1368 ε”φη
453 1299 589 1354 Θεός.
643 1305 685 1351 οἱ
721 1300 814 1368 γὰρ
849 1301 935 1365 τὴν
968 1303 1094 1353 θείαν
1121 1302 1320 1366 ἐντολὴν
1346 1307 1429 1352 τοῦ
1461 1305 1586 1352 Θεοῦ
1622 1302 1698 1350 καὶ
1728 1297 1919 1364 Πατρὸς

334 1382 721 1450 παρατρέχοντες,
754 1384 830 1433 καὶ
868 1383 951 1434 τὸν
983 1383 1214 1451 ζωοποιὸν
1250 1390 1333 1435 τοῦ
1370 1388 1494 1435 Θεοῦ
1534 1383 1682 1448 λόγον
1716 1379 1919 1450 ἐξωθού-
1947 1404 1994 1443 15

337 1486 466 1527 μενοι
491 1469 574 1515 τοῦ
602 1467 822 1530 Σωτῆρος
847 1466 980 1529 ἡμῶν
1005 1469 1238 1532 Χριστοῦ,
1265 1470 1365 1519 πῶς
1403 1466 1485 1516 οὐκ
1510 1466 1558 1515 ἐν
1584 1469 1681 1517 τοῖς
1706 1461 1924 1530 ἐσχάτοις

337 1544 574 1596 κείσονται
625 1552 795 1609 κακοῖς,
836 1545 863 1611 ἢ
908 1551 1009 1600 πῶς
1054 1548 1138 1598 οὐκ
1187 1547 1408 1614 ἀμέτοχοι
1448 1551 1645 1611 μενοῦσι
1686 1548 1769 1608 τῆς
1812 1543 1921 1611 παρ’

337 1627 480 1678 αὑτοῦ
518 1627 649 1693 ζωῆς,
688 1628 896 1694 εὐλόγως
935 1629 1180 1683 ἀκούοντες
1223 1628 1277 1680 τὸ
1320 1628 1395 1680 διὰ
1435 1632 1517 1692 τῆς
1556 1633 1638 1678 τοῦ
1675 1625 1925 1695 προφήτου

338 1712 498 1778 φωνῆς
542 1715 569 1737 “
597 1712 680 1773 Γῆ,
725 1712 800 1775 γῆ,
846 1711 997 1773 ἄκουε,
1043 1711 1180 1762 ἄκουε
1234 1711 1383 1777 λόγον
1428 1712 1621 1776 Κυρίου·
1686 1708 1784 1759 ἰδοὺ
1831 1707 1923 1774 ἐγὼ

338 1797 365 1820 “
390 1789 552 1855 ἐπάγω
579 1792 652 1841 ἐπὶ
683 1791 766 1842 τὸν
791 1791 912 1842 λαὸν
937 1798 1105 1844 τοῦτον
1132 1792 1265 1856 κακὰ,
1291 1791 1375 1844 τὸν
1402 1792 1585 1859 καρπὸν
1610 1792 1923 1858 ἀποστροφῆς
1945 1818 1995 1843 20

299 1890 322 1917 0
339 1878 366 1901 “
392 1872 536 1941 αὐτῷ,
567 1872 638 1922 ὅτι
663 1876 729 1942 τῷ
755 1873 883 1943 νόμῳ
909 1896 1000 1937 μου
1034 1875 1087 1925 οὐ
1116 1874 1410 1942 προσέσχον,
1438 1875 1512 1924 καὶ
1549 1872 1631 1925 τὸν
1658 1872 1807 1938 λόγον
1830 1894 1922 1934 μου

336 1960 364 1982 “
391 1953 665 2004 ἀπώσατε.”
706 1956 846 2024 διττῲ
872 1953 965 2020 γὰρ
991 1953 1180 2022 ἐνόχους
1208 1955 1351 2009 ὄντας
1383 1954 1643 2021 ἐγκλήματι
1673 1952 1781 2007 τοὺς
1805 1955 1924 2004 Ἰου-

335 2034 493 2087 δαίους
540 2034 819 2101 εὑρήσομεν·
883 2038 986 2087 οὔτε
1036 2035 1128 2102 γὰρ
1181 2036 1324 2087 αὐτὸν
1372 2038 1520 2088 καίτοι
1571 2035 1753 2088 σεπτὸν
1804 2032 1918 2086 εἶναι

337 2120 566 2167 δοκοῦντα
609 2119 684 2168 καὶ
727 2118 875 2185 φίλον
914 2119 1195 2182 τετιμήκασι
1239 2117 1322 2169 τὸν
1364 2118 1523 2181 νόμον,
1562 2117 1645 2169 τὸν
1684 2119 1738 2168 δι’
1781 2118 1924 2167 αὐτοῦ

337 2198 627 2264 κηρυχθέντα
660 2198 725 2262 μὴ
757 2198 1124 2264 προσηκάμενοι,
1151 2201 1254 2250 οὔτε
1294 2200 1388 2264 μὴν
1420 2199 1792 2266 προσεσχήκασι
1827 2204 1923 2252 τοῖς
1945 2222 1993 2261 25

337 2278 501 2343 λόγοις
538 2285 621 2329 τοῦ
660 2283 879 2345 Σωτῆρος
917 2280 1049 2343 ἡμῶν
1079 2284 1310 2345 Χριστοῦ,
1349 2282 1497 2331 καίτοι
1534 2284 1745 2341 βοῶντος
1793 2282 1908 2331 ἀνα-

338 2358 535 2428 φανδὸν,
580 2362 641 2414 ὡς
692 2359 830 2413 αὐτὸς
874 2360 941 2425 εἰἠ
987 2365 1160 2430 σαφῶς
1205 2363 1230 2411 ὁ
1274 2362 1522 2430 προφήτης
1575 2364 1600 2413 ὁ
1653 2361 1729 2412 διὰ
1779 2362 1924 2425 νόμου

337 2441 776 2510 χρησμῳδούμενος,
816 2443 871 2492 δι’
913 2440 978 2492 ῶν
1016 2442 1199 2510 ε”φασκε
1245 2448 1342 2497 τοῖς
1383 2443 1512 2510 παρὰ
1553 2449 1637 2495 τοῦ
1681 2447 1808 2494 Θεοῦ
1847 2446 1923 2495 καὶ

341 2521 531 2588 Πατρὸς
569 2525 886 2574 διακονεῖσθαι
926 2522 1105 2589 λόγοις.

297 2609 324 2649 d
417 2607 512 2655 Καὶ
542 2604 608 2669 μή
642 2627 712 2658 τις
746 2605 919 2657 οἰέσθω
953 2605 1007 2657 τὸ
1041 2605 1187 2675 φάναι
1222 2606 1306 2658 τὸν
1335 2606 1526 2673 Κύριον,
1553 2610 1615 2662 ὡς
1649 2609 1731 2677 ἀφ’
1758 2608 1922 2659 ἑαυτοῦ
1944 2631 1996 2668 30

390 2789 421 2812 Ι.
446 2777 575 2823 αὐτοῖς]
595 2778 694 2814 αὐτὸς
711 2790 741 2813 c.
762 2777 869 2813 Cord.
1037 2793 1070 2822 4.
1096 2781 1115 2812 ὁ
1132 2780 1190 2814 alt.
1209 2791 1279 2814 om.
1299 2779 1340 2814 E.
1510 2790 1544 2823 5.
1570 2779 1715 2825 εὐθύνει]
1737 2779 1920 2825 ἆπελέγχει

341 2824 448 2858 Cord.
466 2824 665 2870 ἀπελέγχων
682 2836 745 2858 a.c.
1004 2837 1057 2860 10.
1082 2826 1209 2859 ἅνωθεν
1227 2826 1261 2859 ἐκ
1278 2828 1419 2860 πολλῶν
1436 2826 1575 2860 inverso
1592 2826 1713 2860 ordine
1731 2837 1794 2860 a.C.
1813 2826 1920 2861 Cord.

341 2881 398 2905 20.
423 2871 536 2916 ἐπάγω
554 2883 625 2904 om.
646 2871 687 2905 E.
790 2881 844 2905 21.
871 2872 959 2918 αὐτῷ
979 2871 1020 2905 Ε.
1039 2872 1148 2906 αὐτῶν
1166 2872 1232 2906 Ed.
1336 2883 1391 2906 22.
1417 2872 1576 2906 ἀπώσατε
1595 2873 1636 2906 Ε.
1653 2873 1833 2906 ἀπώσαντο
1852 2873 1920 2908 Ed.

339 2917 675 2962 διττὴ-ἐγκλήματα
694 2917 735 2951 Ε.
847 2919 902 2952 28.
928 2919 1006 2963 περὶ
1026 2918 1067 2952 Ε.
1085 2919 1176 2963 παρὰ
1193 2930 1210 2952 e
1231 2917 1308 2953 Cat.
1329 2918 1430 2952 Harl.
1447 2924 1486 2952 ut
1504 2918 1573 2952 vid.
1591 2918 1685 2953 Aub.
1704 2924 1737 2952 et
1755 2919 1802 2952 ita
1819 2930 1850 2953 a.
