<?xml version="1.0" encoding="UTF-8"?>
<!DOCTYPE html PUBLIC "-//W3C//DTD XHTML 1.0 Transitional//EN"
    "http://www.w3.org/TR/xhtml1/DTD/xhtml1-transitional.dtd">
<html xmlns="http://www.w3.org/1999/xhtml" xml:lang="en" lang="en">
 <head>
  <title>
</title>
<meta http-equiv="Content-Type" content="text/html;charset=utf-8" />
  <meta name='ocr-system' content='tesseract 3.04.00' />
  <meta name='ocr-capabilities' content='ocr_page ocr_carea ocr_par ocr_line ocrx_word'/>
</head>
<body>
  <div class='ocr_page' id='page_1' title='image "./operacyrilli04cyriuoft/operacyrilli04cyriuoft_0617.png"; bbox 0 0 2022 3272; ppageno 0'>
   <div class='ocr_carea' id='block_1_1' title="bbox 108 115 1690 167">
    <p class='ocr_par' dir='ltr' id='par_1_1' title="bbox 108 115 1690 167">
     <span class='ocr_line' id='line_1_1' title="bbox 108 115 1690 167; baseline 0.002 -15"><span class='ocrx_word' id='word_1_1' title='bbox 108 127 174 152; x_wconf 88' lang='lat' dir='ltr'>xv.</span> <span class='ocrx_word' id='word_1_2' title='bbox 194 125 259 167; x_wconf 79' lang='lat'>25.</span> <span class='ocrx_word' id='word_1_3' title='bbox 349 115 422 155; x_wconf 92' lang='lat' dir='ltr'>IN</span> <span class='ocrx_word' id='word_1_4' title='bbox 465 116 507 156; x_wconf 90' lang='lat' dir='ltr'>S.</span> <span class='ocrx_word' id='word_1_5' title='bbox 542 116 881 158; x_wconf 80' lang='lat' dir='ltr'><strong>JOANNEM.</strong></span> <span class='ocrx_word' id='word_1_6' title='bbox 944 118 1072 158; x_wconf 88' lang='lat' dir='ltr'><strong>LIB.</strong></span> <span class='ocrx_word' id='word_1_7' title='bbox 1106 119 1156 158; x_wconf 90' lang='lat' dir='ltr'>X.</span> <span class='ocrx_word' id='word_1_8' title='bbox 1221 118 1356 158; x_wconf 75' lang='lat' dir='ltr'><strong>CAP.</strong></span> <span class='ocrx_word' id='word_1_9' title='bbox 1392 118 1452 157; x_wconf 93' lang='lat' dir='ltr'>II.</span> <span class='ocrx_word' id='word_1_10' title='bbox 1609 116 1690 156; x_wconf 82' lang='lat'>605</span> 
     </span>
    </p>
   </div>
   <div class='ocr_carea' id='block_1_2' title="bbox 64 223 1729 784">
    <p class='ocr_par' dir='ltr' id='par_1_2' title="bbox 64 223 1729 784">
     <span class='ocr_line' id='line_1_2' title="bbox 109 223 1692 294; baseline 0.001 -21"><span class='ocrx_word' id='word_1_11' title='bbox 109 223 236 293; x_wconf 77' lang='grc' dir='ltr'>νόμῳ</span> <span class='ocrx_word' id='word_1_12' title='bbox 258 224 492 276; x_wconf 90' lang='grc' dir='ltr'>δείκνυσιν</span> <span class='ocrx_word' id='word_1_13' title='bbox 518 227 740 292; x_wconf 79' lang='grc' dir='ltr'>ἐναργῶς·</span> <span class='ocrx_word' id='word_1_14' title='bbox 782 225 912 291; x_wconf 87' lang='grc' dir='ltr'>πλὴν</span> <span class='ocrx_word' id='word_1_15' title='bbox 939 227 992 277; x_wconf 79' lang='grc' dir='ltr'>οὐ</span> <span class='ocrx_word' id='word_1_16' title='bbox 1020 226 1095 276; x_wconf 80' lang='grc' dir='ltr'>διὰ</span> <span class='ocrx_word' id='word_1_17' title='bbox 1121 225 1260 277; x_wconf 89' lang='grc' dir='ltr'>τοῦτό</span> <span class='ocrx_word' id='word_1_18' title='bbox 1283 231 1439 294; x_wconf 86' lang='grc' dir='ltr'>φαμεν</span> <span class='ocrx_word' id='word_1_19' title='bbox 1455 229 1692 291; x_wconf 83' lang='grc' dir='ltr'>προειπεῖν</span> 
     </span>
     <span class='ocr_line' id='line_1_3' title="bbox 107 306 1692 376; baseline 0.002 -20"><span class='ocrx_word' id='word_1_20' title='bbox 107 307 256 367; x_wconf 83' lang='grc' dir='ltr'>ἐκεῖνα</span> <span class='ocrx_word' id='word_1_21' title='bbox 295 306 378 358; x_wconf 79' lang='grc' dir='ltr'>τὸν</span> <span class='ocrx_word' id='word_1_22' title='bbox 419 307 579 372; x_wconf 86' lang='grc' dir='ltr'>νόμον,</span> <span class='ocrx_word' id='word_1_23' title='bbox 626 309 702 359; x_wconf 84' lang='grc' dir='ltr'>ἵνα</span> <span class='ocrx_word' id='word_1_24' title='bbox 746 308 800 360; x_wconf 81' lang='grc' dir='ltr'>τὸ</span> <span class='ocrx_word' id='word_1_25' title='bbox 841 313 935 359; x_wconf 80' lang='grc' dir='ltr'>τῶν</span> <span class='ocrx_word' id='word_1_26' title='bbox 974 309 1213 359; x_wconf 82' lang='grc' dir='ltr'>Ἰουδαίων</span> <span class='ocrx_word' id='word_1_27' title='bbox 1259 307 1509 376; x_wconf 78' lang='grc' dir='ltr'>ἐξάπτοιτο</span> <span class='ocrx_word' id='word_1_28' title='bbox 1550 312 1692 370; x_wconf 85' lang='grc' dir='ltr'>μῖσος</span> 
     </span>
     <span class='ocr_line' id='line_1_4' title="bbox 107 389 1691 456; baseline 0.001 -19"><span class='ocrx_word' id='word_1_29' title='bbox 107 389 276 442; x_wconf 80' lang='grc' dir='ltr'>ἀδίκως</span> <span class='ocrx_word' id='word_1_30' title='bbox 320 389 440 440; x_wconf 83' lang='grc' dir='ltr'>κατά</span> <span class='ocrx_word' id='word_1_31' title='bbox 485 413 534 442; x_wconf 88' lang='grc' dir='ltr'>τε</span> <span class='ocrx_word' id='word_1_32' title='bbox 580 397 664 442; x_wconf 92' lang='grc' dir='ltr'>τοῦ</span> <span class='ocrx_word' id='word_1_33' title='bbox 709 394 828 442; x_wconf 78' lang='grc' dir='ltr'>Υἱοῦ</span> <span class='ocrx_word' id='word_1_34' title='bbox 866 393 941 442; x_wconf 79' lang='grc' dir='ltr'>καὶ</span> <span class='ocrx_word' id='word_1_35' title='bbox 985 396 1068 442; x_wconf 89' lang='grc' dir='ltr'>τοῦ</span> <span class='ocrx_word' id='word_1_36' title='bbox 1112 389 1318 456; x_wconf 82' lang='grc' dir='ltr'>Πατρὸς,</span> <span class='ocrx_word' id='word_1_37' title='bbox 1360 391 1469 440; x_wconf 89' lang='grc' dir='ltr'>ἀλλ’</span> <span class='ocrx_word' id='word_1_38' title='bbox 1502 390 1691 454; x_wconf 83' lang='grc' dir='ltr'>ἐπείπερ</span> 
     </span>
     <span class='ocr_line' id='line_1_5' title="bbox 107 470 1729 541; baseline 0.001 -21"><span class='ocrx_word' id='word_1_39' title='bbox 107 470 305 534; x_wconf 70' lang='grc' dir='ltr'>ἔμελλεν</span> <span class='ocrx_word' id='word_1_40' title='bbox 341 471 538 523; x_wconf 75' lang='grc' dir='ltr'>ἔσεσθαι</span> <span class='ocrx_word' id='word_1_41' title='bbox 570 474 680 539; x_wconf 86' lang='grc' dir='ltr'>παρ’</span> <span class='ocrx_word' id='word_1_42' title='bbox 710 474 879 531; x_wconf 81' lang='grc' dir='ltr'>αὐτῶν,</span> <span class='ocrx_word' id='word_1_43' title='bbox 908 472 1374 541; x_wconf 82' lang='grc' dir='ltr'>προαναπεφώνηκεν</span> <span class='ocrx_word' id='word_1_44' title='bbox 1401 472 1425 522; x_wconf 85' lang='grc' dir='ltr'>ὁ</span> <span class='ocrx_word' id='word_1_45' title='bbox 1460 476 1580 524; x_wconf 88' lang='grc' dir='ltr'>θεῖος</span> <span class='ocrx_word' id='word_1_46' title='bbox 1616 474 1729 521; x_wconf 79' lang='grc' dir='ltr'>καὶο</span> 
     </span>
     <span class='ocr_line' id='line_1_6' title="bbox 64 552 1691 620; baseline -0.003 -12"><span class='ocrx_word' id='word_1_47' title='bbox 64 552 227 619; x_wconf 80' lang='grc' dir='ltr'>5ἱερὸς</span> <span class='ocrx_word' id='word_1_48' title='bbox 278 553 432 619; x_wconf 91' lang='grc' dir='ltr'>νόμος,</span> <span class='ocrx_word' id='word_1_49' title='bbox 484 554 618 605; x_wconf 78' lang='grc' dir='ltr'>οὐδὲν</span> <span class='ocrx_word' id='word_1_50' title='bbox 668 560 763 606; x_wconf 83' lang='grc' dir='ltr'>τῶν</span> <span class='ocrx_word' id='word_1_51' title='bbox 813 555 1053 619; x_wconf 81' lang='grc' dir='ltr'>ἐσομένων</span> <span class='ocrx_word' id='word_1_52' title='bbox 1104 554 1336 620; x_wconf 83' lang='grc' dir='ltr'>ἠγνοηκὸς</span> <span class='ocrx_word' id='word_1_53' title='bbox 1387 553 1441 605; x_wconf 81' lang='grc' dir='ltr'>τὸ</span> <span class='ocrx_word' id='word_1_54' title='bbox 1494 557 1691 616; x_wconf 82' lang='grc' dir='ltr'>Πνεῦμα</span> 
     </span>
     <span class='ocr_line' id='line_1_7' title="bbox 107 635 1692 708; baseline 0.001 -24"><span class='ocrx_word' id='word_1_55' title='bbox 107 635 298 689; x_wconf 77' lang='grc' dir='ltr'>δεικνύς.</span> <span class='ocrx_word' id='word_1_56' title='bbox 366 637 630 704; x_wconf 76' lang='grc' dir='ltr'>γέγραπται</span> <span class='ocrx_word' id='word_1_57' title='bbox 668 637 761 703; x_wconf 80' lang='grc' dir='ltr'>γὰρ</span> <span class='ocrx_word' id='word_1_58' title='bbox 799 639 848 688; x_wconf 85' lang='grc' dir='ltr'>ἐν</span> <span class='ocrx_word' id='word_1_59' title='bbox 885 638 1047 708; x_wconf 75' lang='grc' dir='ltr'>βίβλῳ</span> <span class='ocrx_word' id='word_1_60' title='bbox 1086 640 1302 706; x_wconf 80' lang='grc' dir='ltr'>ψαλμῶν</span> <span class='ocrx_word' id='word_1_61' title='bbox 1341 638 1389 687; x_wconf 85' lang='grc' dir='ltr'>ἐκ</span> <span class='ocrx_word' id='word_1_62' title='bbox 1428 636 1692 702; x_wconf 84' lang='grc' dir='ltr'>προσώπου</span> 
     </span>
     <span class='ocr_line' id='line_1_8' title="bbox 105 718 1686 784; baseline 0 -16"><span class='ocrx_word' id='word_1_63' title='bbox 105 720 324 784; x_wconf 82' lang='grc' dir='ltr'>Χριστοῦ</span> <span class='ocrx_word' id='word_1_64' title='bbox 356 719 441 783; x_wconf 87' lang='grc' dir='ltr'>τὴν</span> <span class='ocrx_word' id='word_1_65' title='bbox 472 724 566 771; x_wconf 82' lang='grc' dir='ltr'>τῶν</span> <span class='ocrx_word' id='word_1_66' title='bbox 592 721 832 771; x_wconf 85' lang='grc' dir='ltr'>Ἰουδαίων</span> <span class='ocrx_word' id='word_1_67' title='bbox 857 719 1084 771; x_wconf 83' lang='grc' dir='ltr'>ἀπόνοιαν</span> <span class='ocrx_word' id='word_1_68' title='bbox 1118 719 1452 782; x_wconf 68' lang='grc' dir='ltr'>ἐπαιτιωμένου</span> <span class='ocrx_word' id='word_1_69' title='bbox 1491 720 1566 769; x_wconf 75' lang='grc' dir='ltr'>καὶ</span> <span class='ocrx_word' id='word_1_70' title='bbox 1606 718 1686 768; x_wconf 77' lang='grc' dir='ltr'>λε’-</span> 
     </span>
    </p>
   </div>
   <div class='ocr_carea' id='block_1_3' title="bbox 407 801 1914 868">
    <p class='ocr_par' dir='ltr' id='par_1_3' title="bbox 407 801 1914 868">
     <span class='ocr_line' id='line_1_9' title="bbox 407 801 1914 868; baseline -0.001 -16"><span class='ocrx_word' id='word_1_71' title='bbox 407 808 432 830; x_wconf 82' lang='grc'><strong>“</strong></span> <span class='ocrx_word' id='word_1_72' title='bbox 447 806 589 865; x_wconf 89' lang='grc' dir='ltr'>μῖσος</span> <span class='ocrx_word' id='word_1_73' title='bbox 616 802 775 853; x_wconf 75' lang='grc' dir='ltr'>ἄδικον</span> <span class='ocrx_word' id='word_1_74' title='bbox 794 801 1032 866; x_wconf 75' lang='grc' dir='ltr'>ἐμίσησαν</span> <span class='ocrx_word' id='word_1_75' title='bbox 1050 801 1153 865; x_wconf 87' lang='grc' dir='ltr'>με.”</span> <span class='ocrx_word' id='word_1_76' title='bbox 1196 806 1297 854; x_wconf 82' lang='grc' dir='ltr'>πῶς</span> <span class='ocrx_word' id='word_1_77' title='bbox 1317 801 1411 868; x_wconf 79' lang='grc' dir='ltr'>γὰρ</span> <span class='ocrx_word' id='word_1_78' title='bbox 1428 802 1512 851; x_wconf 82' lang='grc' dir='ltr'>οὐκ</span> <span class='ocrx_word' id='word_1_79' title='bbox 1533 801 1692 851; x_wconf 83' lang='grc' dir='ltr'>ὀίδικον</span> <span class='ocrx_word' id='word_1_80' title='bbox 1753 814 1807 845; x_wconf 75' lang='lat' dir='ltr'>Ps.</span> <span class='ocrx_word' id='word_1_81' title='bbox 1823 813 1914 844; x_wconf 83' lang='lat' dir='ltr'>xxiv-</span> 
     </span>
    </p>
   </div>
   <div class='ocr_carea' id='block_1_4' title="bbox 1757 867 1804 899">
    <p class='ocr_par' dir='ltr' id='par_1_4' title="bbox 1757 867 1804 899">
     <span class='ocr_line' id='line_1_10' title="bbox 1757 867 1804 899; baseline 0.021 -11"><span class='ocrx_word' id='word_1_82' title='bbox 1757 867 1804 899; x_wconf 87' lang='lat'>19.</span> 
     </span>
    </p>
   </div>
   <div class='ocr_carea' id='block_1_5' title="bbox 32 800 1910 2880">
    <p class='ocr_par' dir='ltr' id='par_1_5' title="bbox 32 800 1910 2880">
     <span class='ocr_line' id='line_1_11' title="bbox 105 800 379 864; baseline 0.007 -15"><span class='ocrx_word' id='word_1_83' title='bbox 105 821 288 864; x_wconf 88' lang='grc' dir='ltr'>γοντος,</span> <span class='ocrx_word' id='word_1_84' title='bbox 309 800 379 852; x_wconf 78' lang='grc' dir='ltr'>ὅτι</span> 
     </span>
     <span class='ocr_line' id='line_1_12' title="bbox 104 882 1692 952; baseline 0.001 -21"><span class='ocrx_word' id='word_1_85' title='bbox 104 885 277 943; x_wconf 88' lang='grc' dir='ltr'>μῖσος;</span> <span class='ocrx_word' id='word_1_86' title='bbox 321 887 421 937; x_wconf 82' lang='grc' dir='ltr'>πῶς</span> <span class='ocrx_word' id='word_1_87' title='bbox 448 883 495 934; x_wconf 80' lang='grc' dir='ltr'>δὲ</span> <span class='ocrx_word' id='word_1_88' title='bbox 523 885 606 934; x_wconf 83' lang='grc' dir='ltr'>οὐκ</span> <span class='ocrx_word' id='word_1_89' title='bbox 641 883 1049 952; x_wconf 73' lang='grc' dir='ltr'>ἐξεπικροῖνθησαν</span> <span class='ocrx_word' id='word_1_90' title='bbox 1076 882 1269 950; x_wconf 77' lang='grc' dir='ltr'>δωρεὰν,</span> <span class='ocrx_word' id='word_1_91' title='bbox 1296 884 1343 934; x_wconf 85' lang='grc' dir='ltr'>οἵ</span> <span class='ocrx_word' id='word_1_92' title='bbox 1374 906 1428 949; x_wconf 92' lang='grc' dir='ltr'>γε</span> <span class='ocrx_word' id='word_1_93' title='bbox 1460 888 1692 934; x_wconf 91' lang='grc' dir='ltr'>τοσοῦτον</span> 
     </span>
     <span class='ocr_line' id='line_1_13' title="bbox 38 964 1692 1034; baseline 0.001 -21"><span class='ocrx_word' id='word_1_94' title='bbox 38 989 85 1014; x_wconf 93' lang='lat'>10</span> <span class='ocrx_word' id='word_1_95' title='bbox 106 964 428 1032; x_wconf 80' lang='grc' dir='ltr'>ἀφεστηκότες</span> <span class='ocrx_word' id='word_1_96' title='bbox 454 972 535 1016; x_wconf 91' lang='grc' dir='ltr'>τοῦ</span> <span class='ocrx_word' id='word_1_97' title='bbox 560 969 728 1034; x_wconf 81' lang='grc' dir='ltr'>χρῆναι</span> <span class='ocrx_word' id='word_1_98' title='bbox 754 971 923 1030; x_wconf 80' lang='grc' dir='ltr'>μισεῖν,</span> <span class='ocrx_word' id='word_1_99' title='bbox 951 966 1069 1017; x_wconf 77' lang='grc' dir='ltr'>ὅσον</span> <span class='ocrx_word' id='word_1_100' title='bbox 1095 966 1204 1030; x_wconf 79' lang='grc' dir='ltr'>ἧκεν</span> <span class='ocrx_word' id='word_1_101' title='bbox 1231 969 1373 1017; x_wconf 75' lang='grc' dir='ltr'>εἰπεῖν</span> <span class='ocrx_word' id='word_1_102' title='bbox 1401 969 1462 1019; x_wconf 78' lang='grc' dir='ltr'>εἷς</span> <span class='ocrx_word' id='word_1_103' title='bbox 1487 965 1573 1030; x_wconf 81' lang='grc' dir='ltr'>τὴν</span> <span class='ocrx_word' id='word_1_104' title='bbox 1598 970 1692 1016; x_wconf 83' lang='grc' dir='ltr'>τῶν</span> 
     </span>
     <span class='ocr_line' id='line_1_14' title="bbox 105 1046 1735 1117; baseline 0.001 -21"><span class='ocrx_word' id='word_1_105' title='bbox 105 1049 168 1100; x_wconf 77' lang='grc' dir='ltr'>εἷς</span> <span class='ocrx_word' id='word_1_106' title='bbox 201 1046 369 1102; x_wconf 74' lang='grc' dir='ltr'>αὐτοὺς</span> <span class='ocrx_word' id='word_1_107' title='bbox 397 1049 666 1115; x_wconf 86' lang='grc' dir='ltr'>γεγονότων</span> <span class='ocrx_word' id='word_1_108' title='bbox 693 1049 857 1117; x_wconf 82' lang='grc' dir='ltr'>φύσιν,</span> <span class='ocrx_word' id='word_1_109' title='bbox 886 1051 947 1102; x_wconf 87' lang='grc' dir='ltr'>ὡς</span> <span class='ocrx_word' id='word_1_110' title='bbox 975 1053 1132 1116; x_wconf 79' lang='grc' dir='ltr'>φιλεῖν</span> <span class='ocrx_word' id='word_1_111' title='bbox 1158 1053 1350 1112; x_wconf 82' lang='grc' dir='ltr'>μᾶλλον</span> <span class='ocrx_word' id='word_1_112' title='bbox 1375 1047 1460 1112; x_wconf 86' lang='grc' dir='ltr'>τὴν</span> <span class='ocrx_word' id='word_1_113' title='bbox 1487 1049 1691 1099; x_wconf 83' lang='grc' dir='ltr'>ἁπασῶν</span> <span class='ocrx_word' id='word_1_114' title='bbox 1708 1059 1735 1099; x_wconf 90' lang='lat' dir='ltr'>d</span> 
     </span>
     <span class='ocr_line' id='line_1_15' title="bbox 105 1128 1691 1195; baseline 0.001 -16"><span class='ocrx_word' id='word_1_115' title='bbox 105 1128 328 1180; x_wconf 80' lang='grc' dir='ltr'>ἀνωτάτω</span> <span class='ocrx_word' id='word_1_116' title='bbox 355 1130 584 1195; x_wconf 84' lang='grc' dir='ltr'>σπουδὴν,</span> <span class='ocrx_word' id='word_1_117' title='bbox 612 1132 686 1181; x_wconf 75' lang='grc' dir='ltr'>καὶ</span> <span class='ocrx_word' id='word_1_118' title='bbox 713 1133 906 1195; x_wconf 80' lang='grc' dir='ltr'>ἀγαπᾶν</span> <span class='ocrx_word' id='word_1_119' title='bbox 933 1134 993 1183; x_wconf 79' lang='grc' dir='ltr'>εἷς</span> <span class='ocrx_word' id='word_1_120' title='bbox 1023 1129 1078 1181; x_wconf 79' lang='grc' dir='ltr'>τὸ</span> <span class='ocrx_word' id='word_1_121' title='bbox 1105 1129 1370 1191; x_wconf 78' lang='grc' dir='ltr'>βούλεσθαι</span> <span class='ocrx_word' id='word_1_122' title='bbox 1401 1138 1691 1181; x_wconf 89' lang='grc' dir='ltr'>κατακολου-</span> 
     </span>
     <span class='ocr_line' id='line_1_16' title="bbox 105 1211 1689 1281; baseline 0 -19"><span class='ocrx_word' id='word_1_123' title='bbox 105 1215 202 1262; x_wconf 84' lang='grc' dir='ltr'>θεῖν</span> <span class='ocrx_word' id='word_1_124' title='bbox 227 1212 365 1281; x_wconf 75' lang='grc' dir='ltr'>αὐτῴ.</span> <span class='ocrx_word' id='word_1_125' title='bbox 421 1213 562 1263; x_wconf 86' lang='grc' dir='ltr'>ποίαν</span> <span class='ocrx_word' id='word_1_126' title='bbox 588 1211 683 1278; x_wconf 79' lang='grc' dir='ltr'>γὰρ</span> <span class='ocrx_word' id='word_1_127' title='bbox 711 1211 768 1263; x_wconf 77' lang='grc' dir='ltr'>ἄν</span> <span class='ocrx_word' id='word_1_128' title='bbox 794 1235 864 1266; x_wconf 90' lang='grc' dir='ltr'>τις</span> <span class='ocrx_word' id='word_1_129' title='bbox 901 1212 999 1279; x_wconf 69' lang='grc' dir='ltr'>ε”χοι</span> <span class='ocrx_word' id='word_1_130' title='bbox 1025 1217 1108 1263; x_wconf 90' lang='grc' dir='ltr'>τοῦ</span> <span class='ocrx_word' id='word_1_131' title='bbox 1134 1212 1304 1276; x_wconf 81' lang='grc' dir='ltr'>μίσους</span> <span class='ocrx_word' id='word_1_132' title='bbox 1340 1211 1426 1275; x_wconf 85' lang='grc' dir='ltr'>τὴν</span> <span class='ocrx_word' id='word_1_133' title='bbox 1453 1212 1689 1280; x_wconf 84' lang='grc' dir='ltr'>ἀφορμὴν,</span> 
     </span>
     <span class='ocr_line' id='line_1_17' title="bbox 106 1293 1687 1361; baseline 0.001 -18"><span class='ocrx_word' id='word_1_134' title='bbox 106 1294 284 1359; x_wconf 79' lang='grc' dir='ltr'>λεγέτω</span> <span class='ocrx_word' id='word_1_135' title='bbox 322 1293 576 1361; x_wconf 70' lang='grc' dir='ltr'>παρελθών</span> <span class='ocrx_word' id='word_1_136' title='bbox 603 1297 628 1345; x_wconf 85' lang='grc' dir='ltr'>ὁ</span> <span class='ocrx_word' id='word_1_137' title='bbox 661 1299 760 1349; x_wconf 86' lang='grc' dir='ltr'>ταῖς</span> <span class='ocrx_word' id='word_1_138' title='bbox 786 1296 1061 1348; x_wconf 82' lang='grc' dir='ltr'>Ἰουδαϊκαῖς</span> <span class='ocrx_word' id='word_1_139' title='bbox 1100 1295 1351 1348; x_wconf 84' lang='grc' dir='ltr'>ἀπειθείαις</span> <span class='ocrx_word' id='word_1_140' title='bbox 1390 1300 1687 1360; x_wconf 81' lang='grc' dir='ltr'>συνηγορῶν·</span> 
     </span>
     <span class='ocr_line' id='line_1_18' title="bbox 38 1376 1688 1445; baseline 0.003 -19"><span class='ocrx_word' id='word_1_141' title='bbox 38 1398 84 1433; x_wconf 87' lang='lat'>15</span> <span class='ocrx_word' id='word_1_142' title='bbox 105 1377 153 1426; x_wconf 91' lang='grc' dir='ltr'>τί</span> <span class='ocrx_word' id='word_1_143' title='bbox 193 1381 288 1427; x_wconf 83' lang='grc' dir='ltr'>τῶν</span> <span class='ocrx_word' id='word_1_144' title='bbox 338 1377 603 1443; x_wconf 88' lang='grc' dir='ltr'>γεγονότων</span> <span class='ocrx_word' id='word_1_145' title='bbox 644 1376 720 1427; x_wconf 82' lang='grc' dir='ltr'>διὰ</span> <span class='ocrx_word' id='word_1_146' title='bbox 759 1379 992 1443; x_wconf 82' lang='grc' dir='ltr'>Χριστοῦ,</span> <span class='ocrx_word' id='word_1_147' title='bbox 1035 1377 1205 1440; x_wconf 87' lang='grc' dir='ltr'>μίσους</span> <span class='ocrx_word' id='word_1_148' title='bbox 1248 1377 1394 1442; x_wconf 77' lang='grc' dir='ltr'>ἤγουν</span> <span class='ocrx_word' id='word_1_149' title='bbox 1439 1378 1688 1445; x_wconf 74' lang='grc' dir='ltr'>ἀπεχθείας</span> 
     </span>
     <span class='ocr_line' id='line_1_19' title="bbox 105 1458 1690 1528; baseline 0.003 -20"><span class='ocrx_word' id='word_1_150' title='bbox 105 1458 270 1527; x_wconf 65' lang='grc' dir='ltr'>ἄξιον,</span> <span class='ocrx_word' id='word_1_151' title='bbox 314 1458 384 1510; x_wconf 77' lang='grc' dir='ltr'>ὅτι</span> <span class='ocrx_word' id='word_1_152' title='bbox 424 1459 628 1510; x_wconf 83' lang='grc' dir='ltr'>θανάτου</span> <span class='ocrx_word' id='word_1_153' title='bbox 667 1461 742 1510; x_wconf 77' lang='grc' dir='ltr'>καὶ</span> <span class='ocrx_word' id='word_1_154' title='bbox 782 1463 966 1528; x_wconf 81' lang='grc' dir='ltr'>φθορᾶς</span> <span class='ocrx_word' id='word_1_155' title='bbox 1005 1459 1241 1528; x_wconf 78' lang='grc' dir='ltr'>ἐξείλετο;</span> <span class='ocrx_word' id='word_1_156' title='bbox 1303 1458 1373 1509; x_wconf 80' lang='grc' dir='ltr'>ὅτι</span> <span class='ocrx_word' id='word_1_157' title='bbox 1414 1460 1690 1528; x_wconf 76' lang='grc' dir='ltr'>πλεονεξίας</span> 
     </span>
     <span class='ocr_line' id='line_1_20' title="bbox 105 1540 1691 1610; baseline 0 -18"><span class='ocrx_word' id='word_1_158' title='bbox 105 1541 357 1610; x_wconf 75' lang='grc' dir='ltr'>ἀπήλλαξε</span> <span class='ocrx_word' id='word_1_159' title='bbox 385 1544 673 1606; x_wconf 78' lang='grc' dir='ltr'>διαβολικῆς,</span> <span class='ocrx_word' id='word_1_160' title='bbox 693 1543 768 1592; x_wconf 75' lang='grc' dir='ltr'>καὶ</span> <span class='ocrx_word' id='word_1_161' title='bbox 794 1541 880 1606; x_wconf 85' lang='grc' dir='ltr'>τὴν</span> <span class='ocrx_word' id='word_1_162' title='bbox 906 1543 988 1605; x_wconf 83' lang='grc' dir='ltr'>τῆς</span> <span class='ocrx_word' id='word_1_163' title='bbox 1016 1542 1245 1608; x_wconf 86' lang='grc' dir='ltr'>ἁμαρτίας</span> <span class='ocrx_word' id='word_1_164' title='bbox 1266 1540 1500 1592; x_wconf 74' lang='grc' dir='ltr'>κατέλυσε</span> <span class='ocrx_word' id='word_1_165' title='bbox 1523 1564 1691 1608; x_wconf 91' lang='grc' dir='ltr'>τυραν-</span> 
     </span>
     <span class='ocr_line' id='line_1_21' title="bbox 105 1622 1692 1690; baseline 0.001 -17"><span class='ocrx_word' id='word_1_166' title='bbox 105 1625 222 1682; x_wconf 81' lang='grc' dir='ltr'>νίδα,</span> <span class='ocrx_word' id='word_1_167' title='bbox 264 1626 340 1675; x_wconf 84' lang='grc' dir='ltr'>καὶ</span> <span class='ocrx_word' id='word_1_168' title='bbox 380 1622 434 1675; x_wconf 84' lang='grc' dir='ltr'>τὸ</span> <span class='ocrx_word' id='word_1_169' title='bbox 476 1626 649 1675; x_wconf 88' lang='grc' dir='ltr'>δοῦλον</span> <span class='ocrx_word' id='word_1_170' title='bbox 688 1627 748 1678; x_wconf 89' lang='grc' dir='ltr'>ὡς</span> <span class='ocrx_word' id='word_1_171' title='bbox 788 1622 905 1690; x_wconf 80' lang='grc' dir='ltr'>πρὸς</span> <span class='ocrx_word' id='word_1_172' title='bbox 947 1623 1137 1688; x_wconf 80' lang='grc' dir='ltr'>υὶότητα</span> <span class='ocrx_word' id='word_1_173' title='bbox 1177 1622 1263 1688; x_wconf 88' lang='grc' dir='ltr'>τὴν</span> <span class='ocrx_word' id='word_1_174' title='bbox 1303 1626 1365 1678; x_wconf 84' lang='grc' dir='ltr'>ὡς</span> <span class='ocrx_word' id='word_1_175' title='bbox 1409 1623 1527 1689; x_wconf 82' lang='grc' dir='ltr'>πρὸς</span> <span class='ocrx_word' id='word_1_176' title='bbox 1567 1624 1692 1675; x_wconf 75' lang='grc' dir='ltr'>Θεὸν</span> 
     </span>
     <span class='ocr_line' id='line_1_22' title="bbox 104 1704 1691 1775; baseline 0 -19"><span class='ocrx_word' id='word_1_177' title='bbox 104 1704 412 1770; x_wconf 88' lang='grc' dir='ltr'>ἀνεκόμισεν;</span> <span class='ocrx_word' id='word_1_178' title='bbox 453 1706 525 1757; x_wconf 79' lang='grc' dir='ltr'>ὅτι</span> <span class='ocrx_word' id='word_1_179' title='bbox 550 1707 599 1757; x_wconf 84' lang='grc' dir='ltr'>ἐκ</span> <span class='ocrx_word' id='word_1_180' title='bbox 625 1707 987 1775; x_wconf 79' lang='grc' dir='ltr'>φιλανθρωπίας</span> <span class='ocrx_word' id='word_1_181' title='bbox 1014 1708 1089 1756; x_wconf 78' lang='grc' dir='ltr'>καὶ</span> <span class='ocrx_word' id='word_1_182' title='bbox 1117 1707 1460 1769; x_wconf 85' lang='grc' dir='ltr'>ἀμνησικακίας</span> <span class='ocrx_word' id='word_1_183' title='bbox 1488 1706 1691 1761; x_wconf 84' lang='grc' dir='ltr'>δικαίους</span> 
     </span>
     <span class='ocr_line' id='line_1_23' title="bbox 34 1787 1729 1856; baseline 0.002 -20"><span class='ocrx_word' id='word_1_184' title='bbox 34 1812 84 1837; x_wconf 82' lang='lat'>20</span> <span class='ocrx_word' id='word_1_185' title='bbox 105 1789 313 1856; x_wconf 77' lang='grc' dir='ltr'>ἀπέφηνε</span> <span class='ocrx_word' id='word_1_186' title='bbox 336 1788 443 1842; x_wconf 79' lang='grc' dir='ltr'>τοὺς</span> <span class='ocrx_word' id='word_1_187' title='bbox 469 1794 569 1842; x_wconf 89' lang='grc' dir='ltr'>ταῖς</span> <span class='ocrx_word' id='word_1_188' title='bbox 595 1789 840 1854; x_wconf 79' lang='grc' dir='ltr'>ἁμαρτίαις</span> <span class='ocrx_word' id='word_1_189' title='bbox 868 1787 1262 1854; x_wconf 81' lang='grc' dir='ltr'>νενεκρωμένους;</span> <span class='ocrx_word' id='word_1_190' title='bbox 1315 1787 1385 1839; x_wconf 81' lang='grc' dir='ltr'>ὅτι</span> <span class='ocrx_word' id='word_1_191' title='bbox 1414 1789 1688 1851; x_wconf 83' lang='grc' dir='ltr'>Πνεύματος</span> <span class='ocrx_word' id='word_1_192' title='bbox 1707 1813 1729 1839; x_wconf 86' lang='lat' dir='ltr'>e</span> 
     </span>
     <span class='ocr_line' id='line_1_24' title="bbox 103 1869 1690 1939; baseline 0.001 -19"><span class='ocrx_word' id='word_1_193' title='bbox 103 1871 269 1936; x_wconf 64' lang='grc' dir='ltr'>εΑγίου</span> <span class='ocrx_word' id='word_1_194' title='bbox 308 1872 383 1921; x_wconf 76' lang='grc' dir='ltr'>καὶ</span> <span class='ocrx_word' id='word_1_195' title='bbox 423 1872 548 1924; x_wconf 86' lang='grc' dir='ltr'>θείας</span> <span class='ocrx_word' id='word_1_196' title='bbox 588 1870 779 1939; x_wconf 81' lang='grc' dir='ltr'>φύσεως</span> <span class='ocrx_word' id='word_1_197' title='bbox 814 1869 1027 1938; x_wconf 76' lang='grc' dir='ltr'>ἀπέδειξε</span> <span class='ocrx_word' id='word_1_198' title='bbox 1066 1869 1328 1932; x_wconf 75' lang='grc' dir='ltr'>κοινωνοὺς,</span> <span class='ocrx_word' id='word_1_199' title='bbox 1369 1872 1445 1920; x_wconf 76' lang='grc' dir='ltr'>καὶ</span> <span class='ocrx_word' id='word_1_200' title='bbox 1488 1869 1601 1921; x_wconf 81' lang='grc' dir='ltr'>αὐτὸ</span> <span class='ocrx_word' id='word_1_201' title='bbox 1641 1870 1690 1921; x_wconf 80' lang='grc' dir='ltr'>δὲ</span> 
     </span>
     <span class='ocr_line' id='line_1_25' title="bbox 103 1951 1691 2021; baseline -0.001 -18"><span class='ocrx_word' id='word_1_202' title='bbox 103 1954 212 2017; x_wconf 82' lang='grc' dir='ltr'>ἡμῖν</span> <span class='ocrx_word' id='word_1_203' title='bbox 252 1951 306 2003; x_wconf 78' lang='grc' dir='ltr'>τὸ</span> <span class='ocrx_word' id='word_1_204' title='bbox 345 1957 439 2003; x_wconf 78' lang='grc' dir='ltr'>τῶν</span> <span class='ocrx_word' id='word_1_205' title='bbox 478 1953 626 2018; x_wconf 81' lang='grc' dir='ltr'>ἁγίων</span> <span class='ocrx_word' id='word_1_206' title='bbox 667 1951 890 2018; x_wconf 75' lang='grc' dir='ltr'>ἀγγέλων</span> <span class='ocrx_word' id='word_1_207' title='bbox 931 1952 1256 2021; x_wconf 73' lang='grc' dir='ltr'>προύξένησεν</span> <span class='ocrx_word' id='word_1_208' title='bbox 1295 1951 1573 2018; x_wconf 77' lang='grc' dir='ltr'>οἰκητήριον,</span> <span class='ocrx_word' id='word_1_209' title='bbox 1616 1955 1691 2003; x_wconf 83' lang='grc' dir='ltr'>καὶ</span> 
     </span>
     <span class='ocr_line' id='line_1_26' title="bbox 102 2033 1692 2103; baseline 0.001 -19"><span class='ocrx_word' id='word_1_210' title='bbox 102 2034 314 2098; x_wconf 78' lang='grc' dir='ltr'>βάσιμον</span> <span class='ocrx_word' id='word_1_211' title='bbox 341 2034 604 2100; x_wconf 78' lang='grc' dir='ltr'>ἀνθρώποις</span> <span class='ocrx_word' id='word_1_212' title='bbox 634 2033 781 2103; x_wconf 71' lang='grc' dir='ltr'>’ἔδειξε</span> <span class='ocrx_word' id='word_1_213' title='bbox 811 2033 894 2085; x_wconf 80' lang='grc' dir='ltr'>τὸν</span> <span class='ocrx_word' id='word_1_214' title='bbox 921 2034 1147 2101; x_wconf 83' lang='grc' dir='ltr'>οὑρανόν;</span> <span class='ocrx_word' id='word_1_215' title='bbox 1187 2039 1287 2087; x_wconf 81' lang='grc' dir='ltr'>πῶς</span> <span class='ocrx_word' id='word_1_216' title='bbox 1315 2036 1396 2085; x_wconf 79' lang='grc' dir='ltr'>οῦν</span> <span class='ocrx_word' id='word_1_217' title='bbox 1422 2035 1487 2085; x_wconf 74' lang='grc' dir='ltr'>ε”τι</span> <span class='ocrx_word' id='word_1_218' title='bbox 1514 2035 1692 2086; x_wconf 87' lang='grc' dir='ltr'>δίκαιον</span> 
     </span>
     <span class='ocr_line' id='line_1_27' title="bbox 103 2115 1690 2184; baseline 0 -17"><span class='ocrx_word' id='word_1_219' title='bbox 103 2120 348 2179; x_wconf 88' lang='grc' dir='ltr'>μισεῖσθαι</span> <span class='ocrx_word' id='word_1_220' title='bbox 384 2116 467 2167; x_wconf 82' lang='grc' dir='ltr'>τὸν</span> <span class='ocrx_word' id='word_1_221' title='bbox 492 2115 672 2168; x_wconf 84' lang='grc' dir='ltr'>τούτων</span> <span class='ocrx_word' id='word_1_222' title='bbox 699 2117 809 2180; x_wconf 84' lang='grc' dir='ltr'>ἡμῖν</span> <span class='ocrx_word' id='word_1_223' title='bbox 836 2115 1070 2182; x_wconf 90' lang='grc' dir='ltr'>γεγονότα</span> <span class='ocrx_word' id='word_1_224' title='bbox 1104 2115 1314 2184; x_wconf 79' lang='grc' dir='ltr'>χορηγὸν</span> <span class='ocrx_word' id='word_1_225' title='bbox 1341 2119 1414 2166; x_wconf 74' lang='grc' dir='ltr'>καὶ</span> <span class='ocrx_word' id='word_1_226' title='bbox 1447 2117 1690 2182; x_wconf 80' lang='grc' dir='ltr'>πρύτανιν,</span> 
     </span>
     <span class='ocr_line' id='line_1_28' title="bbox 34 2197 1691 2267; baseline -0.001 -16"><span class='ocrx_word' id='word_1_227' title='bbox 34 2213 83 2251; x_wconf 87' lang='lat'>25</span> <span class='ocrx_word' id='word_1_228' title='bbox 105 2201 180 2249; x_wconf 77' lang='grc' dir='ltr'>καὶ</span> <span class='ocrx_word' id='word_1_229' title='bbox 227 2200 328 2267; x_wconf 75' lang='grc' dir='ltr'>οὐχὶ</span> <span class='ocrx_word' id='word_1_230' title='bbox 374 2204 566 2263; x_wconf 83' lang='grc' dir='ltr'>μᾶλλον</span> <span class='ocrx_word' id='word_1_231' title='bbox 617 2197 862 2264; x_wconf 87' lang='grc' dir='ltr'>ἀσιγήτοις</span> <span class='ocrx_word' id='word_1_232' title='bbox 911 2199 1226 2267; x_wconf 80' lang='grc' dir='ltr'>εὐφημεῖσθαι</span> <span class='ocrx_word' id='word_1_233' title='bbox 1272 2199 1570 2267; x_wconf 74' lang='grc' dir='ltr'>δοξολογίαις</span> <span class='ocrx_word' id='word_1_234' title='bbox 1617 2202 1691 2250; x_wconf 73' lang='grc' dir='ltr'>καὶ</span> 
     </span>
     <span class='ocr_line' id='line_1_29' title="bbox 102 2280 1689 2351; baseline -0.001 -19"><span class='ocrx_word' id='word_1_235' title='bbox 102 2281 447 2351; x_wconf 78' lang='grc' dir='ltr'>ἀκαταλήκτοις</span> <span class='ocrx_word' id='word_1_236' title='bbox 508 2282 826 2349; x_wconf 78' lang='grc' dir='ltr'>εὐχαριστίαις</span> <span class='ocrx_word' id='word_1_237' title='bbox 889 2281 1298 2347; x_wconf 88' lang='grc' dir='ltr'>ἀντιγεραίρεσθαι</span> <span class='ocrx_word' id='word_1_238' title='bbox 1362 2280 1471 2347; x_wconf 86' lang='grc' dir='ltr'>παρ’</span> <span class='ocrx_word' id='word_1_239' title='bbox 1527 2282 1689 2345; x_wconf 73' lang='grc' dir='ltr'>ἡμῶνς</span> 
     </span>
     <span class='ocr_line' id='line_1_30' title="bbox 103 2361 1691 2427; baseline 0 -13"><span class='ocrx_word' id='word_1_240' title='bbox 103 2365 214 2414; x_wconf 85' lang='grc' dir='ltr'>ἀλλ’</span> <span class='ocrx_word' id='word_1_241' title='bbox 243 2363 374 2414; x_wconf 77' lang='grc' dir='ltr'>οὐδὲν</span> <span class='ocrx_word' id='word_1_242' title='bbox 406 2361 532 2427; x_wconf 73' lang='grc' dir='ltr'>οἶμαι</span> <span class='ocrx_word' id='word_1_243' title='bbox 572 2362 654 2414; x_wconf 83' lang='grc' dir='ltr'>τὸν</span> <span class='ocrx_word' id='word_1_244' title='bbox 695 2363 922 2427; x_wconf 76' lang='grc' dir='ltr'>ἄτεγκτον</span> <span class='ocrx_word' id='word_1_245' title='bbox 961 2364 1248 2427; x_wconf 86' lang='grc' dir='ltr'>μεθίστησιν</span> <span class='ocrx_word' id='word_1_246' title='bbox 1273 2363 1501 2414; x_wconf 85' lang='grc' dir='ltr'>Ἰουδαῖον</span> <span class='ocrx_word' id='word_1_247' title='bbox 1540 2368 1602 2417; x_wconf 82' lang='grc' dir='ltr'>εἷς</span> <span class='ocrx_word' id='word_1_248' title='bbox 1638 2364 1691 2414; x_wconf 84' lang='grc' dir='ltr'>τὸ</span> 
     </span>
     <span class='ocr_line' id='line_1_31' title="bbox 102 2444 1689 2515; baseline 0.001 -20"><span class='ocrx_word' id='word_1_249' title='bbox 102 2444 368 2505; x_wconf 75' lang='grc' dir='ltr'>βούλεσθαι</span> <span class='ocrx_word' id='word_1_250' title='bbox 394 2448 585 2514; x_wconf 87' lang='grc' dir='ltr'>φρονεῖν</span> <span class='ocrx_word' id='word_1_251' title='bbox 612 2444 732 2510; x_wconf 79' lang='grc' dir='ltr'>ἅπερ</span> <span class='ocrx_word' id='word_1_252' title='bbox 758 2444 847 2496; x_wconf 71' lang='grc' dir='ltr'>ἔδει</span> <span class='ocrx_word' id='word_1_253' title='bbox 874 2448 1081 2513; x_wconf 87' lang='grc' dir='ltr'>φρονεῖν.</span> <span class='ocrx_word' id='word_1_254' title='bbox 1134 2448 1354 2513; x_wconf 72' lang='grc' dir='ltr'>μεμίσηκε</span> <span class='ocrx_word' id='word_1_255' title='bbox 1389 2445 1482 2511; x_wconf 76' lang='grc' dir='ltr'>γὰρ</span> <span class='ocrx_word' id='word_1_256' title='bbox 1521 2444 1689 2515; x_wconf 54' lang='grc' dir='ltr'>δωρεάν,</span> 
     </span>
     <span class='ocr_line' id='line_1_32' title="bbox 103 2525 1910 2595; baseline 0.001 -18"><span class='ocrx_word' id='word_1_257' title='bbox 103 2525 156 2577; x_wconf 69' lang='grc' dir='ltr'>ὃν</span> <span class='ocrx_word' id='word_1_258' title='bbox 189 2527 246 2595; x_wconf 74' lang='grc' dir='ltr'>ἐξ</span> <span class='ocrx_word' id='word_1_259' title='bbox 281 2526 396 2591; x_wconf 78' lang='grc' dir='ltr'>ὅλης</span> <span class='ocrx_word' id='word_1_260' title='bbox 434 2527 637 2580; x_wconf 88' lang='grc' dir='ltr'>διανοίας</span> <span class='ocrx_word' id='word_1_261' title='bbox 676 2528 867 2591; x_wconf 82' lang='grc' dir='ltr'>ἀγαπᾶν</span> <span class='ocrx_word' id='word_1_262' title='bbox 905 2527 993 2577; x_wconf 77' lang='grc' dir='ltr'>ἔδει</span> <span class='ocrx_word' id='word_1_263' title='bbox 1029 2531 1220 2589; x_wconf 83' lang='grc' dir='ltr'>μᾶλλον</span> <span class='ocrx_word' id='word_1_264' title='bbox 1259 2529 1334 2577; x_wconf 76' lang='grc' dir='ltr'>καὶ</span> <span class='ocrx_word' id='word_1_265' title='bbox 1376 2533 1476 2580; x_wconf 88' lang='grc' dir='ltr'>ταῖς</span> <span class='ocrx_word' id='word_1_266' title='bbox 1518 2530 1567 2578; x_wconf 82' lang='grc' dir='ltr'>ἐκ</span> <span class='ocrx_word' id='word_1_267' title='bbox 1608 2531 1729 2592; x_wconf 59' lang='grc' dir='ltr'>τῆςει</span> <span class='ocrx_word' id='word_1_268' title='bbox 1755 2547 1910 2582; x_wconf 85' lang='grc' dir='ltr'>909Α,</span> 
     </span>
     <span class='ocr_line' id='line_1_33' title="bbox 32 2607 1689 2677; baseline 0.002 -21"><span class='ocrx_word' id='word_1_269' title='bbox 32 2632 83 2667; x_wconf 85' lang='lat'>30</span> <span class='ocrx_word' id='word_1_270' title='bbox 103 2609 355 2662; x_wconf 80' lang='grc' dir='ltr'>εὐπειθείας</span> <span class='ocrx_word' id='word_1_271' title='bbox 395 2607 713 2677; x_wconf 78' lang='grc' dir='ltr'>καταστέφειν</span> <span class='ocrx_word' id='word_1_272' title='bbox 748 2612 915 2671; x_wconf 82' lang='grc' dir='ltr'>τιμαῖς.</span> <span class='ocrx_word' id='word_1_273' title='bbox 968 2607 1098 2671; x_wconf 87' lang='grc' dir='ltr'>πλὴν</span> <span class='ocrx_word' id='word_1_274' title='bbox 1133 2610 1220 2658; x_wconf 90' lang='grc' dir='ltr'>κάν</span> <span class='ocrx_word' id='word_1_275' title='bbox 1256 2608 1407 2676; x_wconf 77' lang='grc' dir='ltr'>τούτῳ</span> <span class='ocrx_word' id='word_1_276' title='bbox 1444 2609 1689 2675; x_wconf 83' lang='grc' dir='ltr'>χρησίμως</span> 
     </span>
     <span class='ocr_line' id='line_1_34' title="bbox 105 2688 1690 2758; baseline 0.001 -17"><span class='ocrx_word' id='word_1_277' title='bbox 105 2692 130 2741; x_wconf 82' lang='grc' dir='ltr'><strong>ὁ</strong></span> <span class='ocrx_word' id='word_1_278' title='bbox 162 2691 333 2758; x_wconf 76' lang='grc' dir='ltr'>Κύριος</span> <span class='ocrx_word' id='word_1_279' title='bbox 371 2689 535 2741; x_wconf 78' lang='grc' dir='ltr'>ἑαυτὸν</span> <span class='ocrx_word' id='word_1_280' title='bbox 567 2691 650 2741; x_wconf 79' lang='grc' dir='ltr'>οὐκ</span> <span class='ocrx_word' id='word_1_281' title='bbox 688 2690 963 2755; x_wconf 78' lang='grc' dir='ltr'>ἠγνοηκέναι</span> <span class='ocrx_word' id='word_1_282' title='bbox 1001 2691 1175 2756; x_wconf 77' lang='grc' dir='ltr'>δέδειχε</span> <span class='ocrx_word' id='word_1_283' title='bbox 1213 2688 1299 2753; x_wconf 79' lang='grc' dir='ltr'>τὴν</span> <span class='ocrx_word' id='word_1_284' title='bbox 1333 2694 1426 2740; x_wconf 82' lang='grc' dir='ltr'>τῶν</span> <span class='ocrx_word' id='word_1_285' title='bbox 1451 2691 1690 2742; x_wconf 86' lang='grc' dir='ltr'>Ἰουδαίων</span> 
     </span>
     <span class='ocr_line' id='line_1_35' title="bbox 154 2832 1687 2880; baseline 0 -10"><span class='ocrx_word' id='word_1_286' title='bbox 154 2847 185 2870; x_wconf 85' lang='lat'>2.</span> <span class='ocrx_word' id='word_1_287' title='bbox 211 2836 390 2879; x_wconf 81' lang='grc' dir='ltr'>ἐξάπτοιτο</span> <span class='ocrx_word' id='word_1_288' title='bbox 409 2836 451 2869; x_wconf 83' lang='grc' dir='ltr'>Ε.</span> <span class='ocrx_word' id='word_1_289' title='bbox 471 2834 578 2869; x_wconf 82' lang='lat' dir='ltr'><strong>Cord.</strong></span> <span class='ocrx_word' id='word_1_290' title='bbox 598 2835 737 2878; x_wconf 79' lang='grc' dir='ltr'>ἐξάπτοι</span> <span class='ocrx_word' id='word_1_291' title='bbox 754 2835 792 2868; x_wconf 85' lang='grc' dir='ltr'>τὸ</span> <span class='ocrx_word' id='word_1_292' title='bbox 811 2834 878 2868; x_wconf 83' lang='lat' dir='ltr'>Ed.</span> <span class='ocrx_word' id='word_1_293' title='bbox 971 2832 978 2836; x_wconf 49' lang='lat'>⁵</span> <span class='ocrx_word' id='word_1_294' title='bbox 1006 2845 1039 2879; x_wconf 79' lang='grc'>3.</span> <span class='ocrx_word' id='word_1_295' title='bbox 1064 2836 1123 2868; x_wconf 84' lang='grc' dir='ltr'>τοῦ</span> <span class='ocrx_word' id='word_1_296' title='bbox 1142 2835 1198 2868; x_wconf 84' lang='lat' dir='ltr'><strong>alt.</strong></span> <span class='ocrx_word' id='word_1_297' title='bbox 1218 2846 1287 2868; x_wconf 87' lang='lat' dir='ltr'>om.</span> <span class='ocrx_word' id='word_1_298' title='bbox 1309 2834 1416 2869; x_wconf 82' lang='lat' dir='ltr'>Cord.</span> <span class='ocrx_word' id='word_1_299' title='bbox 1542 2849 1574 2878; x_wconf 86' lang='lat'>4.</span> <span class='ocrx_word' id='word_1_300' title='bbox 1601 2839 1687 2880; x_wconf 84' lang='grc' dir='ltr'>πρὸς</span> 
     </span>
    </p>
   </div>
   <div class='ocr_carea' id='block_1_6' title="bbox 105 2879 1684 2974">
    <p class='ocr_par' dir='ltr' id='par_1_6' title="bbox 105 2879 1684 2974">
     <span class='ocr_line' id='line_1_36' title="bbox 105 2879 1684 2928; baseline 0.001 -11"><span class='ocrx_word' id='word_1_301' title='bbox 105 2895 169 2928; x_wconf 85' lang='lat' dir='ltr'>pro</span> <span class='ocrx_word' id='word_1_302' title='bbox 188 2882 265 2928; x_wconf 76' lang='grc' dir='ltr'>παρ’</span> <span class='ocrx_word' id='word_1_303' title='bbox 287 2882 398 2916; x_wconf 81' lang='lat' dir='ltr'>Cord.</span> <span class='ocrx_word' id='word_1_304' title='bbox 552 2890 584 2924; x_wconf 89' lang='lat'>5.</span> <span class='ocrx_word' id='word_1_305' title='bbox 613 2880 773 2926; x_wconf 81' lang='grc' dir='ltr'>ἠγνοηκὸς</span> <span class='ocrx_word' id='word_1_306' title='bbox 791 2887 870 2926; x_wconf 77' lang='lat' dir='ltr'>post</span> <span class='ocrx_word' id='word_1_307' title='bbox 887 2879 1014 2916; x_wconf 82' lang='grc' dir='ltr'>δεικνύς</span> <span class='ocrx_word' id='word_1_308' title='bbox 1032 2881 1227 2926; x_wconf 78' lang='lat' dir='ltr'>transponit</span> <span class='ocrx_word' id='word_1_309' title='bbox 1246 2880 1352 2915; x_wconf 84' lang='lat' dir='ltr'>Cord.</span> <span class='ocrx_word' id='word_1_310' title='bbox 1505 2895 1539 2928; x_wconf 90' lang='lat'>9.</span> <span class='ocrx_word' id='word_1_311' title='bbox 1565 2882 1684 2928; x_wconf 81' lang='grc' dir='ltr'>μῖσος]</span> 
     </span>
     <span class='ocr_line' id='line_1_37' title="bbox 111 2928 1393 2974; baseline -0.003 -10"><span class='ocrx_word' id='word_1_312' title='bbox 111 2935 146 2971; x_wconf 63' lang='grc'>-1-</span> <span class='ocrx_word' id='word_1_313' title='bbox 169 2930 338 2974; x_wconf 76' lang='grc' dir='ltr'>ἐμίσησαν</span> <span class='ocrx_word' id='word_1_314' title='bbox 356 2928 421 2962; x_wconf 86' lang='lat' dir='ltr'>Ed.</span> <span class='ocrx_word' id='word_1_315' title='bbox 441 2929 550 2963; x_wconf 82' lang='lat' dir='ltr'>invito</span> <span class='ocrx_word' id='word_1_316' title='bbox 571 2929 611 2962; x_wconf 82' lang='grc' dir='ltr'>Ε.</span> <span class='ocrx_word' id='word_1_317' title='bbox 1386 2947 1393 2955; x_wconf 81' lang='lat'><em>.</em></span> 
     </span>
    </p>
   </div>
  </div>
 </body>
</html>
