2011 3266
290 136 376 175 224
691 133 741 173 Β.
775 129 1054 172 CYRILLI
1097 126 1477 169 ALEXANDR.
1757 137 1797 161 x.
1820 119 1884 160 18.

292 243 507 311 καθάπερ
533 241 739 311 ὑπηρέτῃ
768 244 843 293 καὶ
869 242 1092 308 ὑπουργῷ
1119 238 1219 289 κατ’
1248 233 1505 301 ἐπιτροπὴν
1529 233 1655 302 αὐτῷ
1687 252 1884 297 συγχω-

294 325 534 392 ρούμενον,
573 326 685 375 ἀλλ’
727 325 802 375 ἵνα
845 323 1039 392 φύσεως
1083 321 1200 372 ἰδίας
1241 317 1448 386 ἐπιδείξῃ
1495 313 1677 382 καρπὸν
1714 312 1768 364 τὸ
1815 312 1892 361 καὶ

297 411 449 459 αὐτῶν
490 407 720 458 δύνασθαι
766 401 1145 472 κατεξουσιάζειν
1183 405 1277 452 τῶν
1316 405 1400 450 τοῦ
1442 397 1646 449 θανάτου
1689 397 1892 456 δεσμῶν,

298 493 375 542 καὶ
415 491 487 558 ἐφ’
524 490 639 554 ὅπερ
679 488 736 538 ἂν
769 487 997 548 βούλοιτο
1036 483 1341 549 μετατρε’πειν
1373 479 1577 533 εὐκόλως
1615 482 1709 529 τῶν
1740 497 1896 541 πραγ-

299 572 462 637 μάτων
488 572 571 625 τὰς
609 570 792 639 φύσεις,
820 568 935 634 ὅπερ
969 568 1101 617 ἐστὶν
1136 565 1251 615 ἴδιον
1283 563 1428 616 ὅντως
1467 568 1549 613 τοῦ
1588 559 1707 611 κατὰ
1747 557 1940 626 φύσιν5

303 660 443 707 Θεοῦ.
505 659 645 705 τοῦτο
685 653 767 702 οὖν
798 649 1026 712 βούλεται
1066 647 1229 716 δεῖξαι,
1255 646 1329 698 διὰ
1368 651 1450 696 τοῦ
1489 644 1645 709 λε’γειν
1669 641 1899 710 ἘΞσυσ-ἴαν

306 738 396 800 ἔχω
427 734 554 787 θεῖναι
592 733 678 798 τὴν
706 730 871 802 ψυχὴν
902 734 977 783 καὶ
1016 731 1212 800 ἐξουσίαν
1241 729 1329 791 ἔχω
1356 729 1518 785 λαβεῖν
1545 725 1689 784 αὑτήν·
1740 722 1811 773 ὅτι
1847 721 1901 772 οὐ

81 837 161 871 661
174 835 223 870 A.
265 819 573 870 εικελευσθεῖς
601 818 662 870 ὡς
691 818 860 868 δοῦλος
893 812 921 879 ὴ
957 812 1203 879 ὑπηρέτης,
1230 812 1341 861 ἀλλ’
1371 808 1476 860 οὐδὲ
1511 810 1573 862 ὡς
1607 807 1664 876 ἐξ
1695 803 1902 871 ἀνάγκης

305 900 334 966 ἦ
360 901 576 963 βιασθεὶς
604 897 736 964 παρά
761 919 914 958 τινων,
943 896 1053 946 ἀλλ’
1084 893 1200 945 ἑκὼν
1226 892 1371 958 ἦλθεν
1399 892 1471 942 ε’πὶ
1498 895 1652 941 τοῦτο.

448 1072 622 1113 ΤαύτΗν
661 1071 737 1112 τὴν
775 1068 958 1111 ἐντολὴν
997 1068 1153 1117 ἔλαβον
1192 1065 1308 1122 Παρὰ
1347 1068 1421 1106 τοῦ
1458 1061 1630 1119 Πατρός
1667 1075 1759 1109 μου.
1928 1075 1978 1102 ιο

375 1191 482 1243 Ἵνα
517 1189 611 1257 γὰρ
649 1189 714 1254 μή
752 1212 820 1242 τις
858 1187 980 1256 εἴπῃ,
1008 1186 1079 1237 ὅτι
1115 1184 1246 1252 παρὰ
1281 1184 1366 1249 τὴν
1397 1188 1480 1235 τοῦ
1511 1185 1630 1233 Υἱοῦ
1668 1178 1908 1243 βούλησιν

311 1276 364 1327 οὐ
391 1275 584 1326 δύναται
611 1274 635 1323 ὁ
666 1270 837 1337 Πατὴρ
866 1275 1034 1331 λαβεῖν
1061 1269 1204 1320 αὐτοῦ
1231 1266 1315 1331 τὴν
1344 1265 1524 1335 ψυχὴν,
1554 1266 1627 1316 καὶ
1659 1264 1708 1314 ἐκ
1739 1260 1909 1312 τούτου

311 1354 625 1419 στασιασμὸν
660 1358 735 1405 καὶ
773 1353 1009 1420 διχόνοιαν
1041 1349 1276 1418 εἰσαγάγῃ
1311 1351 1357 1400 ἐν
1391 1353 1447 1416 τῇ
1482 1351 1567 1416 μιᾷ
1605 1344 1788 1408 θεότητι
1826 1348 1909 1394 τοῦ

266 1450 292 1490 b
317 1437 508 1504 Πατρὸς
536 1439 611 1488 καὶ
637 1441 721 1487 τοῦ
743 1439 878 1486 Υἱοῦ·
911 1436 965 1484 δι’
993 1432 1057 1484 ὧν
1084 1437 1237 1501 φησιν
1255 1431 1463 1490 ’Ἔλαβεν
1490 1427 1666 1489 ἐντολὴν,
1687 1429 1909 1494 συμφρο-

317 1526 487 1573 νοῦντα
514 1521 590 1571 καὶ
614 1516 917 1569 συνθέλοντα
942 1515 1060 1582 πρὸς
1089 1520 1227 1565 τοῦτο
1262 1514 1468 1564 δείκνυσι
1496 1513 1570 1562 καὶ
1595 1509 1678 1561 τὸν
1704 1508 1910 1573 Πατέρα,
1934 1519 1980 1560 15

316 1605 391 1655 καὶ
432 1605 495 1656 ὡς
533 1600 627 1653 ἀπὸ
668 1605 775 1663 μιᾶς
815 1599 1007 1665 γνώμης
1046 1601 1108 1651 εἷς
1144 1601 1283 1648 τοῦτο
1316 1597 1570 1661 παρελθεῖν
1604 1593 1840 1657 ὁμολογεῖ,
1875 1593 1913 1640 εἰ

317 1689 392 1737 καὶ
420 1683 559 1737 αὐτός
584 1685 716 1734 ἐστιν
744 1682 770 1746 ἡ
805 1688 888 1733 τοῦ
918 1678 1111 1747 Πατρὸς
1144 1678 1315 1742 βουλή.
1372 1676 1570 1744 ἁρμόσει
1599 1674 1647 1726 δὲ
1673 1679 1812 1724 τοῦτο
1838 1673 1914 1723 καὶ

317 1772 376 1836 τῇ
419 1765 536 1831 μετὰ
575 1763 756 1831 σαρκὸς
796 1763 1052 1831 οἰκονομίᾳ.
1108 1764 1156 1812 ἐν
1192 1763 1386 1824 ἐντολῆς
1425 1758 1472 1809 δὲ
1512 1757 1643 1826 τάξει
1681 1762 1908 1823 παρειλη-

321 1850 459 1919 φέναι
501 1848 658 1913 λε’γων
696 1846 750 1897 τὸ
798 1844 945 1915 δόξαν
982 1843 1113 1911 παρὰ
1157 1847 1223 1912 τῷ
1265 1844 1419 1908 Πατρὶ
1465 1842 1615 1907 ὀρθῶς
1659 1839 1793 1906 ἔχειν,
1832 1837 1916 1887 οὐκ

281 1934 515 1983 οέλαττοῖ
548 1928 714 1980 ἑαυτὸν
753 1934 836 1979 τοῦ
879 1924 1070 1993 Πατρὸς
1111 1924 1175 1976 ὧν
1214 1925 1359 1993 φύσει
1399 1921 1533 1986 Θεὸς,
1571 1920 1702 1972 ἀλλὰ
1740 1918 1794 1971 τὸ
1831 1919 1917 1983 μὲν
1937 1916 2011 1962 2οι

322 2014 506 2081 πρέπον
525 2016 584 2080 τῇ
612 2008 969 2077 ε’νανθρωπήσει
990 2012 1134 2075 τηρεῖ.
1164 2005 1294 2070 πλὴν
1315 2003 1657 2070 ὑπομιμνήσκει
1684 2002 1753 2054 ὅτι
1780 1999 1919 2054 αὐτός

100 2102 242 2176 Rffi¹it·13
324 2100 456 2148 ἐστιν
496 2096 520 2145 ὁ
558 2092 811 2160 προφήτης
849 2092 955 2158 περὶ
995 2090 1048 2141 οὗ
1087 2088 1212 2140 εἶπεν
1249 2090 1273 2139 ὁ
1316 2087 1485 2153 Πατήρ
1512 2085 1674 2137 ““Οτι
1713 2083 1920 2148 λαλήσει

327 2187 354 2210 “
382 2177 547 2229 καθότι
599 2175 656 2226 ἂν
701 2174 978 2236 ἐντείλωμαι
1023 2172 1197 2240 αὐτῴ·”
1255 2170 1342 2235 τὴν
1385 2169 1503 2236 πρὸς
1548 2167 1631 2219 τὸν
1677 2165 1801 2218 Θεὸν
1845 2166 1921 2216 καὶ

328 2260 522 2325 Πατέρα
567 2257 911 2317 κοινοβουλιάν,
952 2256 1014 2308 ὡς
1056 2252 1267 2317 ἐντολὴν,
1306 2251 1519 2319 δεδέχθαι
1564 2249 1736 2315 λε’γων.
1806 2247 1922 2312 ὅπερ

325 2341 463 2407 ἐ’λεγε
501 2339 620 2406 πρὸς
647 2337 904 2391 Ἰουδαίους
942 2335 1060 2402 πρὸς
1099 2335 1152 2386 τὸ
1191 2333 1256 2398 μὴ
1297 2333 1494 2400 νομίζειν
1527 2331 1668 2382 αὐτὸν
1698 2328 1829 2396 παρὰ
1863 2328 1922 2379 τὰ
1942 2341 1989 2382 25

378 2488 409 2511 2.
437 2473 594 2522 φύσεως]
620 2478 654 2514 -Ι-
679 2488 720 2508 σε
738 2485 768 2508 c.
887 2482 920 2516 3.
947 2470 1057 2504 αὐτῶν
1077 2469 1154 2505 Cat.
1175 2468 1276 2503 Harl.
1295 2469 1399 2502 a.k.c.
1418 2468 1520 2501 αὐτὸν
1537 2466 1631 2500 Aub.
1651 2472 1684 2500 et
1702 2465 1750 2500 ita
1766 2465 1789 2499 l.
1808 2470 1842 2499 et
1861 2463 1918 2498 Cr.

330 2525 364 2568 (e
384 2524 473 2558 Cod.
495 2522 603 2556 Coisl.
622 2521 734 2563 xxiii.)
879 2527 913 2563 5.
939 2517 1042 2553 ὅντως
1059 2520 1285 2561 assumptum
1303 2528 1344 2549 ex
1363 2516 1419 2550 c.l.
1440 2513 1547 2548 Cord.
1567 2513 1626 2547 Cr.
1764 2521 1795 2558 7.
1820 2510 1924 2555 αὐτήν

330 2584 401 2606 om.
421 2571 502 2611 a.k.,
523 2568 583 2603 sed
605 2568 709 2602 habet
728 2566 806 2600 Cat.
827 2565 927 2599 Harl.
1024 2566 1057 2598 8.
1085 2564 1129 2599 ὡς
1147 2564 1204 2597 alt.
1224 2574 1293 2596 om.
1314 2563 1349 2595 k.
1447 2573 1479 2606 9.
1506 2561 1597 2594 ἀλλὰ
1616 2560 1684 2594 a.k.
1784 2570 1836 2603 13.
1863 2559 1923 2592 τοῦ

332 2619 469 2661 Πατρὸς
487 2617 619 2658 θεότητι
637 2615 776 2648 inverso
794 2612 917 2646 ordine
935 2612 1004 2645 a.k.
1147 2621 1199 2652 14.
1227 2608 1354 2654 φησιν]
1383 2612 1416 2649 -1-
1439 2608 1490 2641 ὅτι
1509 2608 1577 2642 a.k.
1642 2605 1781 2649 ἐντολὴν
1797 2604 1925 2645 ’ἔλαβον

332 2665 470 2699 inverso
497 2662 619 2697 ordine
645 2662 715 2695 a.k.
806 2656 1090 2706 συμφρονοῦντα]
1118 2658 1369 2702 συμφωνοῦντα
1395 2655 1575 2688 Aubertus
1600 2653 1718 2687 invitis
1745 2652 1924 2686 omnibus.

337 2721 391 2755 15.
419 2709 647 2745 συνεθέλοντα
665 2708 721 2741 c.l.
738 2705 845 2740 Cord.
864 2706 922 2739 Cr.
1024 2714 1077 2749 17.
1104 2703 1121 2747 ἡ
1139 2703 1250 2745 βουλὴ
1268 2705 1328 2736 τοῦ
1347 2704 1436 2736 Θεοῦ
1454 2702 1507 2735 καὶ
1525 2701 1652 2745 πατρὸς
1669 2700 1723 2733 c-l.
1741 2698 1848 2732 Cord.
1864 2697 1924 2732 Cr.

333 2755 701 2801 ἁρμόσει-οἰκονομίᾳ
718 2765 788 2787 om.
809 2753 876 2786 ἃλς.
942 2751 996 2785 καὶ
1013 2753 1114 2785 τοῦτο
1133 2750 1186 2783 καὶ
1203 2761 1232 2783 c.
1253 2748 1360 2783 Cord.
1479 2748 1532 2782 18.
1559 2743 1747 2790 οἰκονομίᾳ]
1772 2749 1808 2785 -ξ-
1830 2744 1848 2788 ἡ
1867 2743 1926 2778 οὖν

335 2804 456 2847 ἐντολὴ
475 2804 574 2846 δηλοῖ
590 2802 650 2845 τὴν
668 2802 825 2844 ὁμόνοιαν
842 2800 901 2842 τὴν
918 2799 1002 2842 πρὸς
1020 2799 1078 2831 τὸν
1094 2796 1225 2840 πατέρα
1247 2796 1276 2829 εἷ
1298 2796 1350 2829 καὶ
1374 2797 1538 2830 ταπεινῶς
1560 2794 1671 2827 λαλεῖ.
1702 2791 1720 2835 ἡ
1744 2792 1780 2825 δέ
1804 2789 1924 2834 ἐντολή

336 2851 442 2892 ἐστιν,
460 2850 642 2884 ἀποθανεῖν
664 2848 749 2890 ὑπὲρ
775 2848 836 2880 τοῦ
862 2847 992 2889 κόσμου
1017 2856 1035 2878 e
1062 2844 1140 2878 Cat.
1162 2843 1262 2877 Harl.
1280 2842 1375 2876 Aub.
1427 2842 1526 2878 Quae
1549 2840 1718 2874 omittunt
1739 2839 1821 2878 a.k.,
1841 2839 1925 2871 Am-

336 2898 456 2931 monio
480 2896 641 2930 tribuunt.
661 2907 690 2929 c.
710 2893 828 2931 Cord.,
849 2891 1139 2936 praecedentibus
1161 2893 1279 2924 tamen
1304 2888 1487 2931 conjungit
1505 2888 1526 2922 l.
1601 2886 1726 2919 Statim
1746 2885 1781 2917 ἐν
1798 2896 1866 2918 ass.
1884 2895 1926 2917 ex

338 2944 407 2978 ak.
506 2953 561 2976 22.
587 2939 696 2986 εἶπεν]
716 2939 846 2984 εἴρηκεν
863 2950 893 2973 a.
993 2949 1047 2983 23.
1075 2937 1276 2980 ἐντείλωμεν
1295 2936 1393 2979 (err.)
1410 2934 1505 2968 Aub.
1603 2943 1657 2975 24.
1685 2932 1856 2966 κοινωνίαν
1872 2941 1903 2964 a.
