2022 3272
122 157 385 211 xvii.12.1),.
445 158 506 197 1N
545 157 958 196 S..J()1xNN1·3M.
1030 158 1150 196 12115.
1192 158 1264 197 xl.
1329 160 1565 199 (ῘᾹΙ’.1Χ.
1631 163 1710 201 7055

122 264 168 314 δὲ
204 271 409 328 μᾶλλον.
468 270 533 334 τῷ
575 267 666 331 γὰρ
708 272 846 315 τοῦτο
883 266 1079 327 μαθόντι
1120 270 1267 329 μετῆν
1308 268 1460 331 δήπου
1502 270 1707 330 πάντως,

121 345 248 413 εἴπερ
294 347 557 411 ἠβουλήθη,
600 350 674 398 καὶ
715 346 1107 412 παραιτήσασθαι
1162 351 1236 398 καὶ
1289 350 1606 418 φυλάξασθαι
1656 350 1710 400 τὸ

121 432 306 490 παθεῖν,
355 429 683 496 προαιρετικὴν
734 429 887 495 ε”χοντι
943 428 1028 493 τὴν
1080 431 1151 496 ἐφ’
1206 430 1322 495 ὅπερ
1374 430 1432 480 ἂν
1483 433 1709 491 βούλοιτο

120 510 286 575 ῥοπήν.

79 604 101 641 5
194 592 335 642 Ἀλλ’
389 593 504 646 ἴσως
549 596 662 658 ε’ρεῖς
720 598 830 647 Πῶς
877 594 958 643 οῦν
1004 592 1069 643 ε”τι
1114 593 1365 658 τετήρηκεν
1411 595 1435 643 ὁ
1482 595 1708 660 Χριστὸς,

122 677 158 723 εὶ
186 679 286 727 ταῖς
312 679 406 725 τῶν
437 677 564 726 ἰδίων
591 675 873 739 θελημάτων
907 677 1072 741 ῥοπαῖς
1103 677 1179 725 καὶ
1205 681 1546 743 προαιρετικοῖς
1575 677 1703 740 κινή-
1729 694 1753 730 1»

120 778 283 818 μασιν,
324 760 365 806 οἱ
410 755 495 819 μὲν
534 757 625 825 ε”ξω
666 757 863 807 δικτύων
903 759 1190 816 διαβολικῶν
1232 759 1527 822 εὑρίσκονται
1572 782 1710 824 γεγο-

123 837 264 900 νότες,
293 838 396 902 ἥλω
422 838 469 889 δὲ
498 839 640 900 μόνος
666 839 845 892 Ἰούδας
880 838 1009 904 παρὰ
1036 839 1216 892 πάντας
1244 840 1268 888 ὁ
1296 841 1528 901 δείλαιος;
1572 845 1711 891 ποῖον

122 919 203 969 οῦν
255 920 345 986 ἄρα
392 921 553 986 γε’γονε
609 920 661 970 τὸ
712 922 759 971 ἐκ
817 924 898 984 τῆς
947 921 1107 971 ἐνθάδε
1156 921 1413 985 λεγομένης
1468 922 1711 988 τηρήσεως

54 1027 101 1052 10
122 1000 298 1069 ὄφελος
321 1024 332 1063 ;

194 1082 335 1134 Ἀλλ’
364 1082 400 1134 ὦ
433 1090 628 1150 γενναῖε,
657 1085 806 1136 πάλιν
836 1086 1026 1151 ἐροῦμεν
1053 1086 1192 1148 ἡμεῖς,
1222 1085 1346 1150 καλὴ
1378 1085 1464 1149 μὲν
1491 1086 1518 1149 ἡ
1546 1089 1706 1154 νῆψις,

122 1165 495 1231 ἐπωφελεστάτη
522 1165 569 1217 δὲ
595 1167 789 1234 σφόδρα
815 1170 898 1230 τῆς
925 1167 1148 1234 ἡμετέρας
1175 1169 1377 1221 διανοίας
1399 1167 1426 1232 ἡ
1448 1168 1707 1237 ἀσφάλεια,

122 1249 197 1297 καὶ
232 1246 286 1298 τὸ
323 1247 555 1299 σύντονον
590 1250 774 1312 θέλημα
812 1247 930 1315 πρὸς
966 1250 1288 1314 ἀγαθουργίαν
1315 1252 1389 1300 καὶ
1429 1255 1491 1303 εἰς
1534 1250 1702 1316 κατόρ-

1198 1337 1224 1359 ίί

122 1332 274 1379 θωσιν
297 1331 479 1396 ἀρετῆς·
524 1330 916 1395 κατεργασόμεθα
941 1330 1031 1397 γὰρ
1049 1332 1170 1381 οὕτω
1241 1330 1326 1395 τὴν
1347 1334 1522 1382 ἑαυτῶν
1544 1355 1702 1397 σωτη-

55 1434 101 1472 15
124 1417 150 1440 ‘⁶
175 1412 326 1476 ριάν·”
375 1412 505 1476 πλὴν
536 1414 618 1463 οὐκ
658 1414 845 1478 ἀρκέσει
885 1418 1024 1463 τοῦτο
1064 1416 1138 1463 καὶ
1178 1413 1322 1475 μόνον
1361 1417 1419 1481 τῇ
1459 1414 1748 1480 ἀνθρώπουΟ

123 1495 275 1560 ψυχῇ·
346 1497 488 1544 δεῖται
540 1493 633 1560 γὰρ
674 1496 938 1561 ἀναγκαίως
983 1497 1066 1557 τῆς
1112 1493 1291 1546 ἄνωθεν
1336 1496 1588 1561 συνεργίας
1634 1499 1710 1547 καὶ

122 1573 327 1642 χάριτος,
353 1576 747 1644 ἐξευμαριζούσης
775 1577 891 1643 αὐτῇ
919 1574 976 1626 τὰ
1010 1575 1263 1640 δυσήνυτα,
1292 1578 1489 1640 εῦστιβῆ
1524 1577 1572 1628 δὲ
1603 1578 1712 1629 λίαν

123 1657 452 1721 ἀποτελούσης
486 1656 571 1721 τὴν
602 1657 777 1722 ἀνάντη
811 1660 886 1708 καὶ
918 1659 1268 1725 τετραχυμεΙνην
1292 1662 1376 1722 τῆς
1411 1659 1712 1724 δικαιοσύνης

124 1737 246 1789 ὁδόν.
299 1739 370 1790 ὅτι
409 1738 503 1804 γὰρ
531 1739 662 1790 οὐδὲν
690 1739 813 1793 ὅλως
852 1738 912 1789 τὰ
951 1741 1061 1806 παρ’
1092 1741 1239 1804 ἡμῶν,
1267 1744 1303 1790 εἰ
1342 1740 1407 1804 μὴ
1447 1741 1506 1791 τὰ
1543 1744 1592 1792 ἐκ
1629 1745 1713 1805 τῆς

56 1844 104 1868 20
125 1821 249 1875 θείας
288 1822 601 1887 προσγένοιτο
641 1821 848 1888 χάριτος,
885 1822 1019 1872 ἄκουε
1058 1826 1267 1883 βοῶντος
1307 1827 1390 1873 τοῦ
1430 1822 1712 1891 ψάλλοντος

125 1910 152 1932 “
178 1903 298 1953 Ἐὰν
334 1902 399 1966 μὴ
438 1904 612 1969 Κύριος
648 1901 938 1970 οἷκοδομήσῃ
975 1901 1118 1965 οἶκον,
1157 1907 1219 1957 εἰς
1259 1903 1415 1968 μάτην
1451 1905 1712 1955 ε’κοπίασαν

127 1991 153 2013 “
178 1988 220 2035 οἱ
259 1987 609 2048 οἰκοδομοῦντες
649 1984 806 2035 αὐτόν·
869 1985 948 2035 ε’ἀν
990 1984 1056 2048 μὴ
1098 1984 1272 2051 Κύριος
1316 1984 1513 2055 φυλάξῃ
1553 1987 1710 2049 πόλιν,

126 2073 153 2094 “
179 2070 242 2119 εἷς
268 2065 421 2130 μάτην
446 2066 755 2131 ἠγρύπνησεν
782 2067 806 2116 ὁ
835 2065 1159 2134 φυλάσσων.”

201 2151 387 2214 Χρῆναι
429 2148 486 2211 δὴ
527 2149 608 2198 οῦν
648 2149 916 2213 ἀναγκαίως
955 2151 1077 2214 φημὶ
1117 2149 1237 2212 ἡμᾶς
1279 2149 1364 2212 μὲν
1403 2149 1489 2213 τὴν
1534 2150 1712 2201 οἴκοθεν

57 2255 106 2293 25
128 2230 401 2296 εἰσκομίζειν
433 2230 703 2295 ἐγκράτειαν
732 2232 806 2280 καὶ
842 2229 927 2294 τὴν
953 2229 1182 2298 φιλόθεον
1218 2232 1315 2300 ἕξιν
1342 2230 1710 2295 ἐπιτηδεύοντας,
1733 2234 1756 2274 d

111 2312 361 2366 γνεανικοῦς
409 2314 613 2377 ὁρᾶσθαι
656 2312 776 2378 πρὸς
821 2312 875 2363 τὸ
927 2313 1154 2381 ἐξανῦσαι
1201 2317 1359 2382 φιλεῖν
1404 2314 1490 2377 τὴν
1535 2315 1712 2365 ἑαυτῶν

127 2394 382 2460 σωτηρίαν,
409 2393 606 2462 ἐξαιτεῖν
639 2392 688 2443 δὲ
726 2395 846 2445 οὕτω
882 2393 939 2444 τὰ
975 2393 1105 2461 παρὰ
1132 2398 1273 2458 Θεοῦ,
1300 2397 1375 2446 καὶ
1411 2396 1497 2459 τὴν
1534 2395 1713 2446 ἄνωθεν

128 2475 393 2541 ἐπικουρίαν
439 2474 647 2540 καθάπερ
697 2475 882 2543 ἄμαχόν
927 2499 1032 2526 τινα
1076 2479 1152 2526 καὶ
1197 2478 1380 2544 ἀῤῥαγῆ
1425 2479 1712 2544 παντευχίαν

128 2556 323 2610 ἑλόντας
361 2557 673 2622 ἀνδρίζεσθαι.
729 2557 982 2611 δεδωκότος
1018 2557 1065 2608 δὲ
1097 2557 1232 2626 ἅπαξ
1268 2561 1341 2608 καὶ
1382 2559 1711 2613 ἐπινεύσαντος

60 2639 238 2702 3οὴμῖν
271 2636 390 2704 πρὸς
427 2644 565 2688 τοῦτο
595 2643 679 2688 τοῦ
719 2642 856 2701 Θεοῦ,
896 2638 1004 2707 ἐξὸν
1045 2640 1153 2703 ἡμῖν
1188 2640 1276 2704 ἤδη
1311 2639 1397 2703 τὴν
1435 2645 1530 2690 τῶν
1567 2648 1712 2692 πολε-

129 2721 342 2782 μούντων
393 2719 794 2786 καταγωνίζεσθαι
843 2720 1039 2783 δύναμιν
1092 2723 1167 2771 καὶ
1222 2721 1307 2785 τὴν
1353 2727 1435 2772 τοῦ
1483 2722 1712 2783 διαβόλου

130 2806 262 2869 χεῖρα
305 2805 614 2863 πλεονεκτεῖν,
659 2805 696 2852 εἰ
747 2801 811 2865 μὴ
856 2804 1147 2865 βουλοίμεθα
1191 2804 1437 2854 πείθεσθαι
1489 2810 1712 2855 καλοῦντι

418 2968 445 2990 Ι.
471 2959 598 3000 μεστῆν
617 2957 656 2990 Ε.
1047 2958 1098 2992 IS.
1126 2959 1369 3003 τετριχωμένην
1390 2960 1429 2994 Ε.

1770 1329 1853 1359 Phil.
1871 1329 1903 1358 ii.

1774 1382 1821 1403 12.

1776 1902 1828 1932 ΡΞ.

1775 1945 1882 1976 cxxvi.
1899 1955 1924 1976 1.
