<?xml version="1.0" encoding="UTF-8"?>
<!DOCTYPE html PUBLIC "-//W3C//DTD XHTML 1.0 Transitional//EN"
    "http://www.w3.org/TR/xhtml1/DTD/xhtml1-transitional.dtd">
<html xmlns="http://www.w3.org/1999/xhtml" xml:lang="en" lang="en">
 <head>
  <title>
</title>
<meta http-equiv="Content-Type" content="text/html;charset=utf-8" />
  <meta name='ocr-system' content='tesseract 3.04.00' />
  <meta name='ocr-capabilities' content='ocr_page ocr_carea ocr_par ocr_line ocrx_word'/>
</head>
<body>
  <div class='ocr_page' id='page_1' title='image "./operacyrilli04cyriuoft/operacyrilli04cyriuoft_0407.png"; bbox 0 0 2022 3272; ppageno 0'>
   <div class='ocr_carea' id='block_1_1' title="bbox 101 144 1686 198">
    <p class='ocr_par' dir='ltr' id='par_1_1' title="bbox 101 144 1686 198">
     <span class='ocr_line' id='line_1_1' title="bbox 101 144 1686 198; baseline 0.001 -15"><span class='ocrx_word' id='word_1_1' title='bbox 101 145 185 185; x_wconf 88' lang='lat' dir='ltr'>xiii.</span> <span class='ocrx_word' id='word_1_2' title='bbox 206 156 273 198; x_wconf 76' lang='lat'>37.</span> <span class='ocrx_word' id='word_1_3' title='bbox 484 144 555 184; x_wconf 85' lang='lat' dir='ltr'>IN</span> <span class='ocrx_word' id='word_1_4' title='bbox 599 145 640 184; x_wconf 75' lang='lat' dir='ltr'>S.</span> <span class='ocrx_word' id='word_1_5' title='bbox 676 144 1013 184; x_wconf 56' lang='lat' dir='ltr'>JOANNHM.</span> <span class='ocrx_word' id='word_1_6' title='bbox 1079 145 1138 183; x_wconf 72' lang='lat' dir='ltr'>L}</span> <span class='ocrx_word' id='word_1_7' title='bbox 1161 146 1201 184; x_wconf 74' lang='lat'>13.</span> <span class='ocrx_word' id='word_1_8' title='bbox 1240 145 1314 184; x_wconf 64' lang='lat' dir='ltr'>lx.</span> <span class='ocrx_word' id='word_1_9' title='bbox 1605 146 1686 185; x_wconf 75' lang='lat'>:395</span> 
     </span>
    </p>
   </div>
   <div class='ocr_carea' id='block_1_2' title="bbox 35 252 1921 2781">
    <p class='ocr_par' dir='ltr' id='par_1_2' title="bbox 35 252 1921 2781">
     <span class='ocr_line' id='line_1_2' title="bbox 101 252 1688 321; baseline 0.001 -18"><span class='ocrx_word' id='word_1_10' title='bbox 101 253 235 321; x_wconf 81' lang='grc' dir='ltr'>μέχρι</span> <span class='ocrx_word' id='word_1_11' title='bbox 255 252 400 318; x_wconf 85' lang='grc' dir='ltr'>μόνης</span> <span class='ocrx_word' id='word_1_12' title='bbox 426 252 658 317; x_wconf 86' lang='grc' dir='ltr'>στήσεται</span> <span class='ocrx_word' id='word_1_13' title='bbox 685 255 766 315; x_wconf 79' lang='grc' dir='ltr'>τῆς</span> <span class='ocrx_word' id='word_1_14' title='bbox 794 252 986 318; x_wconf 84' lang='grc' dir='ltr'>σαρκός·</span> <span class='ocrx_word' id='word_1_15' title='bbox 1018 254 1115 303; x_wconf 89' lang='grc' dir='ltr'>κατ’</span> <span class='ocrx_word' id='word_1_16' title='bbox 1137 254 1277 316; x_wconf 79' lang='grc' dir='ltr'>αὐτῆς</span> <span class='ocrx_word' id='word_1_17' title='bbox 1304 252 1396 318; x_wconf 71' lang='grc' dir='ltr'>γὰρ</span> <span class='ocrx_word' id='word_1_18' title='bbox 1424 254 1447 302; x_wconf 79' lang='grc' dir='ltr'>ὁ</span> <span class='ocrx_word' id='word_1_19' title='bbox 1475 252 1688 305; x_wconf 81' lang='grc' dir='ltr'>θάνατος·</span> 
     </span>
     <span class='ocr_line' id='line_1_3' title="bbox 102 334 1688 402; baseline 0 -16"><span class='ocrx_word' id='word_1_20' title='bbox 102 337 127 386; x_wconf 83' lang='grc' dir='ltr'>ὁ</span> <span class='ocrx_word' id='word_1_21' title='bbox 164 334 212 386; x_wconf 77' lang='grc' dir='ltr'>δὲ</span> <span class='ocrx_word' id='word_1_22' title='bbox 247 337 323 385; x_wconf 76' lang='grc' dir='ltr'>καὶ</span> <span class='ocrx_word' id='word_1_23' title='bbox 357 334 475 402; x_wconf 79' lang='grc' dir='ltr'>πρὸς</span> <span class='ocrx_word' id='word_1_24' title='bbox 509 340 647 386; x_wconf 87' lang='grc' dir='ltr'>τοῦτο</span> <span class='ocrx_word' id='word_1_25' title='bbox 683 335 878 398; x_wconf 86' lang='grc' dir='ltr'>ἑτοίμως</span> <span class='ocrx_word' id='word_1_26' title='bbox 913 334 1033 402; x_wconf 74' lang='grc' dir='ltr'>ἔχων</span> <span class='ocrx_word' id='word_1_27' title='bbox 1059 335 1148 399; x_wconf 73' lang='grc' dir='ltr'>ἤδη</span> <span class='ocrx_word' id='word_1_28' title='bbox 1175 337 1250 384; x_wconf 81' lang='grc' dir='ltr'>καὶ</span> <span class='ocrx_word' id='word_1_29' title='bbox 1275 335 1688 398; x_wconf 63' lang='grc' dir='ltr'>διεσκευασμένος,</span> 
     </span>
     <span class='ocr_line' id='line_1_4' title="bbox 103 415 1692 485; baseline -0.002 -17"><span class='ocrx_word' id='word_1_30' title='bbox 103 416 193 469; x_wconf 82' lang='grc' dir='ltr'>ὑπὸ</span> <span class='ocrx_word' id='word_1_31' title='bbox 243 417 368 471; x_wconf 86' lang='grc' dir='ltr'>τίνος</span> <span class='ocrx_word' id='word_1_32' title='bbox 418 416 477 467; x_wconf 78' lang='grc' dir='ltr'>ἂν</span> <span class='ocrx_word' id='word_1_33' title='bbox 528 415 853 477; x_wconf 81' lang='grc' dir='ltr'>διακωλύοιτο,</span> <span class='ocrx_word' id='word_1_34' title='bbox 902 418 1066 485; x_wconf 77' lang='grc' dir='ltr'>φησὶν,</span> <span class='ocrx_word' id='word_1_35' title='bbox 1114 416 1335 484; x_wconf 73' lang='grc' dir='ltr'>ἀπολέσῃ</span> <span class='ocrx_word' id='word_1_36' title='bbox 1388 416 1435 466; x_wconf 77' lang='grc' dir='ltr'>δὲ</span> <span class='ocrx_word' id='word_1_37' title='bbox 1486 420 1586 469; x_wconf 81' lang='grc' dir='ltr'>πῶς</span> <span class='ocrx_word' id='word_1_38' title='bbox 1638 415 1692 465; x_wconf 82' lang='grc' dir='ltr'>τὸ</span> 
     </span>
     <span class='ocr_line' id='line_1_5' title="bbox 102 498 1689 568; baseline -0.002 -18"><span class='ocrx_word' id='word_1_39' title='bbox 102 499 333 550; x_wconf 81' lang='grc' dir='ltr'>σύντονον</span> <span class='ocrx_word' id='word_1_40' title='bbox 385 499 607 568; x_wconf 83' lang='grc' dir='ltr'>φρόνημα</span> <span class='ocrx_word' id='word_1_41' title='bbox 654 502 760 565; x_wconf 85' lang='grc' dir='ltr'>περὶ</span> <span class='ocrx_word' id='word_1_42' title='bbox 819 498 873 549; x_wconf 81' lang='grc' dir='ltr'>τὸ</span> <span class='ocrx_word' id='word_1_43' title='bbox 925 502 1094 566; x_wconf 80' lang='grc' dir='ltr'>χρῆναι</span> <span class='ocrx_word' id='word_1_44' title='bbox 1144 498 1333 552; x_wconf 85' lang='grc' dir='ltr'>πάντως</span> <span class='ocrx_word' id='word_1_45' title='bbox 1384 501 1689 555; x_wconf 76' lang='grc' dir='ltr'>ἀκολουθεῖνς</span> 
     </span>
     <span class='ocr_line' id='line_1_6' title="bbox 60 579 1731 648; baseline -0.005 -15"><span class='ocrx_word' id='word_1_46' title='bbox 60 580 366 648; x_wconf 86' lang='grc' dir='ltr'>5θερμοτάτη</span> <span class='ocrx_word' id='word_1_47' title='bbox 409 580 492 645; x_wconf 76' lang='grc' dir='ltr'>μὲν</span> <span class='ocrx_word' id='word_1_48' title='bbox 529 581 625 647; x_wconf 82' lang='grc' dir='ltr'>γὰρ</span> <span class='ocrx_word' id='word_1_49' title='bbox 672 581 700 645; x_wconf 83' lang='grc' dir='ltr'>ἡ</span> <span class='ocrx_word' id='word_1_50' title='bbox 745 580 984 647; x_wconf 73' lang='grc' dir='ltr'>προθυμία</span> <span class='ocrx_word' id='word_1_51' title='bbox 1029 587 1112 632; x_wconf 85' lang='grc' dir='ltr'>τοῦ</span> <span class='ocrx_word' id='word_1_52' title='bbox 1154 581 1354 647; x_wconf 72' lang='grc' dir='ltr'>Πέτρου,</span> <span class='ocrx_word' id='word_1_53' title='bbox 1395 583 1468 630; x_wconf 76' lang='grc' dir='ltr'>καὶ</span> <span class='ocrx_word' id='word_1_54' title='bbox 1512 579 1566 630; x_wconf 83' lang='grc' dir='ltr'>τὸ</span> <span class='ocrx_word' id='word_1_55' title='bbox 1611 582 1731 643; x_wconf 81' lang='grc' dir='ltr'>τῆςο</span> 
     </span>
     <span class='ocr_line' id='line_1_7' title="bbox 103 662 1694 731; baseline -0.003 -16"><span class='ocrx_word' id='word_1_56' title='bbox 103 663 409 731; x_wconf 71' lang='grc' dir='ltr'>ὑποσχέσεως</span> <span class='ocrx_word' id='word_1_57' title='bbox 459 664 629 729; x_wconf 77' lang='grc' dir='ltr'>μέτρον</span> <span class='ocrx_word' id='word_1_58' title='bbox 670 669 998 725; x_wconf 81' lang='grc' dir='ltr'>πλεονεκτοῦν,</span> <span class='ocrx_word' id='word_1_59' title='bbox 1045 665 1098 713; x_wconf 81' lang='grc' dir='ltr'>οὐ</span> <span class='ocrx_word' id='word_1_60' title='bbox 1144 663 1316 729; x_wconf 77' lang='grc' dir='ltr'>μικρὰν</span> <span class='ocrx_word' id='word_1_61' title='bbox 1361 662 1447 727; x_wconf 85' lang='grc' dir='ltr'>τὴν</span> <span class='ocrx_word' id='word_1_62' title='bbox 1491 664 1694 712; x_wconf 83' lang='grc' dir='ltr'>ἐνοῦσαν</span> 
     </span>
     <span class='ocr_line' id='line_1_8' title="bbox 103 744 1695 816; baseline -0.002 -19"><span class='ocrx_word' id='word_1_63' title='bbox 103 748 228 816; x_wconf 73' lang='grc' dir='ltr'>αὐτῷ</span> <span class='ocrx_word' id='word_1_64' title='bbox 277 746 473 810; x_wconf 81' lang='grc' dir='ltr'>δύναμιν</span> <span class='ocrx_word' id='word_1_65' title='bbox 526 745 765 812; x_wconf 82' lang='grc' dir='ltr'>θεωρήσαι</span> <span class='ocrx_word' id='word_1_66' title='bbox 813 769 881 799; x_wconf 90' lang='grc' dir='ltr'>τις</span> <span class='ocrx_word' id='word_1_67' title='bbox 941 744 1012 808; x_wconf 75' lang='grc' dir='ltr'>ἂν,</span> <span class='ocrx_word' id='word_1_68' title='bbox 1062 750 1255 809; x_wconf 82' lang='grc' dir='ltr'>μᾶλλον</span> <span class='ocrx_word' id='word_1_69' title='bbox 1305 744 1353 796; x_wconf 76' lang='grc' dir='ltr'>δὲ</span> <span class='ocrx_word' id='word_1_70' title='bbox 1410 747 1484 795; x_wconf 81' lang='grc' dir='ltr'>καὶ</span> <span class='ocrx_word' id='word_1_71' title='bbox 1542 745 1695 795; x_wconf 80' lang='grc' dir='ltr'>αὐτῶν</span> 
     </span>
     <span class='ocr_line' id='line_1_9' title="bbox 102 826 1691 897; baseline -0.002 -18"><span class='ocrx_word' id='word_1_72' title='bbox 102 827 397 894; x_wconf 78' lang='grc' dir='ltr'>πραγμάτων</span> <span class='ocrx_word' id='word_1_73' title='bbox 446 827 622 897; x_wconf 75' lang='grc' dir='ltr'>ἤλεγξε</span> <span class='ocrx_word' id='word_1_74' title='bbox 673 827 727 879; x_wconf 83' lang='grc' dir='ltr'>τὸ</span> <span class='ocrx_word' id='word_1_75' title='bbox 777 827 930 881; x_wconf 78' lang='grc' dir='ltr'>τέλος·</span> <span class='ocrx_word' id='word_1_76' title='bbox 989 826 1120 891; x_wconf 88' lang='grc' dir='ltr'>πλὴν</span> <span class='ocrx_word' id='word_1_77' title='bbox 1173 829 1315 878; x_wconf 82' lang='grc' dir='ltr'>ἐκεῖνο</span> <span class='ocrx_word' id='word_1_78' title='bbox 1368 827 1691 877; x_wconf 77' lang='grc' dir='ltr'>διασκεπτέον.</span> 
     </span>
     <span class='ocr_line' id='line_1_10' title="bbox 102 909 1694 977; baseline -0.002 -16"><span class='ocrx_word' id='word_1_79' title='bbox 102 917 186 962; x_wconf 86' lang='grc' dir='ltr'>τοῦ</span> <span class='ocrx_word' id='word_1_80' title='bbox 221 911 313 976; x_wconf 78' lang='grc' dir='ltr'>γὰρ</span> <span class='ocrx_word' id='word_1_81' title='bbox 352 914 573 977; x_wconf 77' lang='grc' dir='ltr'>Σωτῆρος</span> <span class='ocrx_word' id='word_1_82' title='bbox 608 911 741 975; x_wconf 80' lang='grc' dir='ltr'>ἡμῶν</span> <span class='ocrx_word' id='word_1_83' title='bbox 766 913 985 975; x_wconf 81' lang='grc' dir='ltr'>Χριστοῦ</span> <span class='ocrx_word' id='word_1_84' title='bbox 1018 909 1104 973; x_wconf 85' lang='grc' dir='ltr'>τὴν</span> <span class='ocrx_word' id='word_1_85' title='bbox 1131 913 1194 963; x_wconf 83' lang='grc' dir='ltr'>εἷς</span> <span class='ocrx_word' id='word_1_86' title='bbox 1233 909 1456 975; x_wconf 74' lang='grc' dir='ltr'>οὐρανοὺς</span> <span class='ocrx_word' id='word_1_87' title='bbox 1495 909 1694 977; x_wconf 80' lang='grc' dir='ltr'>ἀναφοί-</span> 
     </span>
     <span class='ocr_line' id='line_1_11' title="bbox 35 990 1696 1057; baseline -0.001 -16"><span class='ocrx_word' id='word_1_88' title='bbox 35 1016 84 1041; x_wconf 86' lang='lat'>10</span> <span class='ocrx_word' id='word_1_89' title='bbox 103 1016 245 1057; x_wconf 86' lang='grc' dir='ltr'>τησιν</span> <span class='ocrx_word' id='word_1_90' title='bbox 289 992 386 1044; x_wconf 80' lang='grc' dir='ltr'>ἄνω</span> <span class='ocrx_word' id='word_1_91' title='bbox 437 995 512 1044; x_wconf 76' lang='grc' dir='ltr'>καὶ</span> <span class='ocrx_word' id='word_1_92' title='bbox 564 992 691 1044; x_wconf 83' lang='grc' dir='ltr'>κάτω</span> <span class='ocrx_word' id='word_1_93' title='bbox 741 992 1073 1056; x_wconf 79' lang='grc' dir='ltr'>σημαίνοντος,</span> <span class='ocrx_word' id='word_1_94' title='bbox 1117 994 1193 1042; x_wconf 81' lang='grc' dir='ltr'>καὶ</span> <span class='ocrx_word' id='word_1_95' title='bbox 1238 991 1309 1042; x_wconf 79' lang='grc' dir='ltr'>ὅτι</span> <span class='ocrx_word' id='word_1_96' title='bbox 1351 990 1436 1055; x_wconf 78' lang='grc' dir='ltr'>μὲν</span> <span class='ocrx_word' id='word_1_97' title='bbox 1483 997 1565 1041; x_wconf 91' lang='grc' dir='ltr'>νῦν</span> <span class='ocrx_word' id='word_1_98' title='bbox 1611 992 1696 1057; x_wconf 80' lang='grc' dir='ltr'>οὐχ</span> 
     </span>
     <span class='ocr_line' id='line_1_12' title="bbox 104 1072 1692 1144; baseline -0.001 -19"><span class='ocrx_word' id='word_1_99' title='bbox 104 1075 269 1144; x_wconf 80' lang='grc' dir='ltr'>ἕψεται</span> <span class='ocrx_word' id='word_1_100' title='bbox 307 1074 546 1140; x_wconf 76' lang='grc' dir='ltr'>λέγοντος,</span> <span class='ocrx_word' id='word_1_101' title='bbox 579 1074 924 1139; x_wconf 82' lang='grc' dir='ltr'>ἀκολουθήσειν</span> <span class='ocrx_word' id='word_1_102' title='bbox 957 1073 1106 1139; x_wconf 85' lang='grc' dir='ltr'>γεμὴν</span> <span class='ocrx_word' id='word_1_103' title='bbox 1140 1072 1259 1137; x_wconf 79' lang='grc' dir='ltr'>μετὰ</span> <span class='ocrx_word' id='word_1_104' title='bbox 1297 1079 1460 1135; x_wconf 85' lang='grc' dir='ltr'>ταῦτα,</span> <span class='ocrx_word' id='word_1_105' title='bbox 1496 1080 1692 1139; x_wconf 92' lang='grc' dir='ltr'>πληρω-</span> 
     </span>
     <span class='ocr_line' id='line_1_13' title="bbox 105 1156 1700 1222; baseline -0.001 -14"><span class='ocrx_word' id='word_1_106' title='bbox 105 1157 267 1222; x_wconf 86' lang='grc' dir='ltr'>θείσης</span> <span class='ocrx_word' id='word_1_107' title='bbox 294 1158 437 1208; x_wconf 84' lang='grc' dir='ltr'>αὐτοῦ</span> <span class='ocrx_word' id='word_1_108' title='bbox 464 1156 684 1222; x_wconf 86' lang='grc' dir='ltr'>δηλονότι</span> <span class='ocrx_word' id='word_1_109' title='bbox 710 1159 792 1220; x_wconf 79' lang='grc' dir='ltr'>τῆς</span> <span class='ocrx_word' id='word_1_110' title='bbox 820 1157 1111 1220; x_wconf 80' lang='grc' dir='ltr'>ἀποστολῆς,</span> <span class='ocrx_word' id='word_1_111' title='bbox 1139 1161 1302 1222; x_wconf 82' lang='grc' dir='ltr'>καιροῦ</span> <span class='ocrx_word' id='word_1_112' title='bbox 1327 1161 1410 1206; x_wconf 84' lang='grc' dir='ltr'>τοῦ</span> <span class='ocrx_word' id='word_1_113' title='bbox 1436 1156 1700 1221; x_wconf 74' lang='grc' dir='ltr'>πρέποντος</span> 
     </span>
     <span class='ocr_line' id='line_1_14' title="bbox 103 1236 1699 1305; baseline 0 -16"><span class='ocrx_word' id='word_1_114' title='bbox 103 1239 179 1290; x_wconf 78' lang='grc' dir='ltr'>ἐπὶ</span> <span class='ocrx_word' id='word_1_115' title='bbox 229 1237 314 1302; x_wconf 84' lang='grc' dir='ltr'>τὴν</span> <span class='ocrx_word' id='word_1_116' title='bbox 365 1240 462 1291; x_wconf 79' lang='grc' dir='ltr'>ἄνω</span> <span class='ocrx_word' id='word_1_117' title='bbox 513 1238 658 1291; x_wconf 86' lang='grc' dir='ltr'>πόλιν</span> <span class='ocrx_word' id='word_1_118' title='bbox 701 1238 785 1292; x_wconf 75' lang='grc' dir='ltr'>τὰς</span> <span class='ocrx_word' id='word_1_119' title='bbox 835 1242 930 1289; x_wconf 83' lang='grc' dir='ltr'>τῶν</span> <span class='ocrx_word' id='word_1_120' title='bbox 975 1238 1122 1303; x_wconf 80' lang='grc' dir='ltr'>ἁγίων</span> <span class='ocrx_word' id='word_1_121' title='bbox 1166 1242 1426 1290; x_wconf 90' lang='grc' dir='ltr'>καλοῦντος</span> <span class='ocrx_word' id='word_1_122' title='bbox 1469 1236 1699 1305; x_wconf 76' lang='grc' dir='ltr'>κεφαλὰς,</span> 
     </span>
     <span class='ocr_line' id='line_1_15' title="bbox 106 1318 1700 1389; baseline -0.001 -18"><span class='ocrx_word' id='word_1_123' title='bbox 106 1321 302 1384; x_wconf 85' lang='grc' dir='ltr'>ἑτοίμως</span> <span class='ocrx_word' id='word_1_124' title='bbox 340 1321 461 1389; x_wconf 75' lang='grc' dir='ltr'>ἔχειν</span> <span class='ocrx_word' id='word_1_125' title='bbox 499 1321 639 1375; x_wconf 80' lang='grc' dir='ltr'>αὐτὸς</span> <span class='ocrx_word' id='word_1_126' title='bbox 678 1322 755 1372; x_wconf 82' lang='grc' dir='ltr'>καὶ</span> <span class='ocrx_word' id='word_1_127' title='bbox 793 1319 1168 1387; x_wconf 82' lang='grc' dir='ltr'>προκινδυνεύειν</span> <span class='ocrx_word' id='word_1_128' title='bbox 1207 1319 1575 1385; x_wconf 74' lang='grc' dir='ltr'>ἐπαγγέλλεται,</span> <span class='ocrx_word' id='word_1_129' title='bbox 1615 1318 1700 1382; x_wconf 85' lang='grc' dir='ltr'>τὴν</span> 
     </span>
     <span class='ocr_line' id='line_1_16' title="bbox 39 1400 1921 1469; baseline -0.003 -14"><span class='ocrx_word' id='word_1_130' title='bbox 39 1402 267 1469; x_wconf 50' lang='grc' dir='ltr'>Ι5ἑτεῇοαν</span> <span class='ocrx_word' id='word_1_131' title='bbox 301 1401 467 1469; x_wconf 77' lang='grc' dir='ltr'>ὥσπερ</span> <span class='ocrx_word' id='word_1_132' title='bbox 506 1402 642 1467; x_wconf 78' lang='grc' dir='ltr'>οἶμον</span> <span class='ocrx_word' id='word_1_133' title='bbox 675 1403 770 1466; x_wconf 79' lang='grc' dir='ltr'>ἰὼν,</span> <span class='ocrx_word' id='word_1_134' title='bbox 803 1405 876 1453; x_wconf 73' lang='grc' dir='ltr'>καὶ</span> <span class='ocrx_word' id='word_1_135' title='bbox 917 1402 982 1466; x_wconf 87' lang='grc' dir='ltr'>μὴ</span> <span class='ocrx_word' id='word_1_136' title='bbox 1022 1403 1120 1453; x_wconf 89' lang='grc' dir='ltr'>κατ’</span> <span class='ocrx_word' id='word_1_137' title='bbox 1150 1401 1262 1453; x_wconf 76' lang='grc' dir='ltr'>εὐθὺ</span> <span class='ocrx_word' id='word_1_138' title='bbox 1299 1406 1394 1453; x_wconf 83' lang='grc' dir='ltr'>τῶν</span> <span class='ocrx_word' id='word_1_139' title='bbox 1430 1400 1699 1466; x_wconf 75' lang='grc' dir='ltr'>λεγομένων</span> <span class='ocrx_word' id='word_1_140' title='bbox 1717 1422 1737 1444; x_wconf 74' lang='lat' dir='ltr'>a</span> <span class='ocrx_word' id='word_1_141' title='bbox 1770 1411 1854 1446; x_wconf 83' lang='grc'>758</span> <span class='ocrx_word' id='word_1_142' title='bbox 1870 1409 1921 1443; x_wconf 86' lang='lat' dir='ltr'>A·</span> 
     </span>
     <span class='ocr_line' id='line_1_17' title="bbox 106 1482 1700 1552; baseline -0.002 -17"><span class='ocrx_word' id='word_1_143' title='bbox 106 1485 358 1552; x_wconf 85' lang='grc' dir='ltr'>ἐρχόμενος</span> <span class='ocrx_word' id='word_1_144' title='bbox 382 1484 469 1550; x_wconf 84' lang='grc' dir='ltr'>τὴν</span> <span class='ocrx_word' id='word_1_145' title='bbox 495 1485 715 1538; x_wconf 87' lang='grc' dir='ltr'>διάνοιαν.</span> <span class='ocrx_word' id='word_1_146' title='bbox 769 1483 896 1551; x_wconf 73' lang='grc' dir='ltr'>οἶμαι</span> <span class='ocrx_word' id='word_1_147' title='bbox 923 1484 971 1535; x_wconf 78' lang='grc' dir='ltr'>δὲ</span> <span class='ocrx_word' id='word_1_148' title='bbox 999 1486 1091 1534; x_wconf 82' lang='grc' dir='ltr'>δεῖν</span> <span class='ocrx_word' id='word_1_149' title='bbox 1118 1486 1165 1534; x_wconf 86' lang='grc' dir='ltr'>ἐν</span> <span class='ocrx_word' id='word_1_150' title='bbox 1191 1482 1355 1549; x_wconf 88' lang='grc' dir='ltr'>λόγοις</span> <span class='ocrx_word' id='word_1_151' title='bbox 1387 1486 1541 1543; x_wconf 80' lang='grc' dir='ltr'>εἰπεῖν,</span> <span class='ocrx_word' id='word_1_152' title='bbox 1570 1483 1700 1533; x_wconf 78' lang='grc' dir='ltr'>οὔπω</span> 
     </span>
     <span class='ocr_line' id='line_1_18' title="bbox 107 1565 1702 1635; baseline -0.003 -16"><span class='ocrx_word' id='word_1_153' title='bbox 107 1572 203 1622; x_wconf 81' lang='grc' dir='ltr'>τοῖς</span> <span class='ocrx_word' id='word_1_154' title='bbox 229 1568 484 1634; x_wconf 75' lang='grc' dir='ltr'>εἰρημένοις</span> <span class='ocrx_word' id='word_1_155' title='bbox 511 1570 718 1635; x_wconf 76' lang='grc' dir='ltr'>ἀκριβῶς</span> <span class='ocrx_word' id='word_1_156' title='bbox 745 1566 1011 1631; x_wconf 83' lang='grc' dir='ltr'>ἐπιστήσας</span> <span class='ocrx_word' id='word_1_157' title='bbox 1038 1566 1120 1617; x_wconf 82' lang='grc' dir='ltr'>τὸν</span> <span class='ocrx_word' id='word_1_158' title='bbox 1148 1572 1271 1628; x_wconf 84' lang='grc' dir='ltr'>νοῦν,</span> <span class='ocrx_word' id='word_1_159' title='bbox 1297 1565 1438 1616; x_wconf 75' lang='grc' dir='ltr'>οἴεται</span> <span class='ocrx_word' id='word_1_160' title='bbox 1465 1565 1588 1632; x_wconf 77' lang='grc' dir='ltr'>τάχα</span> <span class='ocrx_word' id='word_1_161' title='bbox 1611 1587 1702 1615; x_wconf 92' lang='grc' dir='ltr'>που</span> 
     </span>
     <span class='ocr_line' id='line_1_19' title="bbox 108 1647 1697 1717; baseline -0.003 -16"><span class='ocrx_word' id='word_1_162' title='bbox 108 1648 192 1701; x_wconf 76' lang='grc' dir='ltr'>τὸν</span> <span class='ocrx_word' id='word_1_163' title='bbox 221 1649 410 1717; x_wconf 82' lang='grc' dir='ltr'>Κύριον,</span> <span class='ocrx_word' id='word_1_164' title='bbox 450 1649 479 1715; x_wconf 77' lang='grc' dir='ltr'>ἢ</span> <span class='ocrx_word' id='word_1_165' title='bbox 518 1649 638 1717; x_wconf 85' lang='grc' dir='ltr'>πρός</span> <span class='ocrx_word' id='word_1_166' title='bbox 675 1673 805 1704; x_wconf 86' lang='grc' dir='ltr'>τινας</span> <span class='ocrx_word' id='word_1_167' title='bbox 843 1654 938 1700; x_wconf 82' lang='grc' dir='ltr'>τῶν</span> <span class='ocrx_word' id='word_1_168' title='bbox 976 1648 1097 1700; x_wconf 76' lang='grc' dir='ltr'>κατὰ</span> <span class='ocrx_word' id='word_1_169' title='bbox 1134 1647 1220 1712; x_wconf 77' lang='grc' dir='ltr'>τὴν</span> <span class='ocrx_word' id='word_1_170' title='bbox 1250 1649 1483 1698; x_wconf 81' lang='grc' dir='ltr'>Ἰουδαίαν</span> <span class='ocrx_word' id='word_1_171' title='bbox 1520 1649 1697 1713; x_wconf 88' lang='grc' dir='ltr'>ἀγριω-</span> 
     </span>
     <span class='ocr_line' id='line_1_20' title="bbox 109 1728 1698 1798; baseline 0 -16"><span class='ocrx_word' id='word_1_172' title='bbox 109 1732 246 1798; x_wconf 77' lang='grc' dir='ltr'>τέρας</span> <span class='ocrx_word' id='word_1_173' title='bbox 272 1732 593 1797; x_wconf 79' lang='grc' dir='ltr'>διαβήσεσθαι</span> <span class='ocrx_word' id='word_1_174' title='bbox 617 1732 790 1797; x_wconf 82' lang='grc' dir='ltr'>κώμας,</span> <span class='ocrx_word' id='word_1_175' title='bbox 818 1730 846 1797; x_wconf 76' lang='grc' dir='ltr'>ἦ</span> <span class='ocrx_word' id='word_1_176' title='bbox 874 1733 948 1782; x_wconf 76' lang='grc' dir='ltr'>καὶ</span> <span class='ocrx_word' id='word_1_177' title='bbox 976 1734 1039 1784; x_wconf 79' lang='grc' dir='ltr'>εἷς</span> <span class='ocrx_word' id='word_1_178' title='bbox 1069 1730 1251 1797; x_wconf 73' lang='grc' dir='ltr'>ἑτέρους</span> <span class='ocrx_word' id='word_1_179' title='bbox 1286 1729 1501 1797; x_wconf 76' lang='grc' dir='ltr'>οἴχεσθαι</span> <span class='ocrx_word' id='word_1_180' title='bbox 1535 1728 1698 1790; x_wconf 72' lang='grc' dir='ltr'>λαοὺς,</span> 
     </span>
     <span class='ocr_line' id='line_1_21' title="bbox 41 1809 1702 1884; baseline -0.003 -20"><span class='ocrx_word' id='word_1_181' title='bbox 41 1839 90 1864; x_wconf 90' lang='lat'>20</span> <span class='ocrx_word' id='word_1_182' title='bbox 111 1813 154 1865; x_wconf 78' lang='grc' dir='ltr'>οἳ</span> <span class='ocrx_word' id='word_1_183' title='bbox 196 1819 432 1865; x_wconf 89' lang='grc' dir='ltr'>τοσοῦτον</span> <span class='ocrx_word' id='word_1_184' title='bbox 476 1815 534 1884; x_wconf 74' lang='grc' dir='ltr'>ἐξ</span> <span class='ocrx_word' id='word_1_185' title='bbox 574 1817 799 1882; x_wconf 80' lang='grc' dir='ltr'>ἀκριβοῦς</span> <span class='ocrx_word' id='word_1_186' title='bbox 843 1815 986 1877; x_wconf 82' lang='grc' dir='ltr'>ἀκοῆς</span> <span class='ocrx_word' id='word_1_187' title='bbox 1027 1813 1439 1864; x_wconf 82' lang='grc' dir='ltr'>ἀποδιακείσονται</span> <span class='ocrx_word' id='word_1_188' title='bbox 1480 1809 1600 1877; x_wconf 75' lang='grc' dir='ltr'>πρὸς</span> <span class='ocrx_word' id='word_1_189' title='bbox 1644 1809 1702 1860; x_wconf 78' lang='grc' dir='ltr'>τὰ</span> 
     </span>
     <span class='ocr_line' id='line_1_22' title="bbox 110 1891 1702 1964; baseline -0.003 -17"><span class='ocrx_word' id='word_1_190' title='bbox 110 1897 220 1962; x_wconf 90' lang='grc' dir='ltr'>παρ’</span> <span class='ocrx_word' id='word_1_191' title='bbox 265 1897 408 1947; x_wconf 82' lang='grc' dir='ltr'>αὐτοῦ</span> <span class='ocrx_word' id='word_1_192' title='bbox 455 1896 756 1964; x_wconf 84' lang='grc' dir='ltr'>ῥηθήσεσθαι</span> <span class='ocrx_word' id='word_1_193' title='bbox 805 1895 1064 1960; x_wconf 79' lang='grc' dir='ltr'>μέλλοντα,</span> <span class='ocrx_word' id='word_1_194' title='bbox 1105 1897 1167 1948; x_wconf 86' lang='grc' dir='ltr'>ὡς</span> <span class='ocrx_word' id='word_1_195' title='bbox 1211 1891 1355 1960; x_wconf 70' lang='grc' dir='ltr'>μικροὶ</span> <span class='ocrx_word' id='word_1_196' title='bbox 1404 1892 1489 1957; x_wconf 74' lang='grc' dir='ltr'>μὲν</span> <span class='ocrx_word' id='word_1_197' title='bbox 1535 1894 1702 1959; x_wconf 77' lang='grc' dir='ltr'>κομιδῇ</span> 
     </span>
     <span class='ocr_line' id='line_1_23' title="bbox 111 1973 1704 2044; baseline -0.004 -14"><span class='ocrx_word' id='word_1_198' title='bbox 111 1977 230 2044; x_wconf 76' lang='grc' dir='ltr'>πρὸς</span> <span class='ocrx_word' id='word_1_199' title='bbox 274 1978 333 2029; x_wconf 77' lang='grc' dir='ltr'>τὰ</span> <span class='ocrx_word' id='word_1_200' title='bbox 377 1984 471 2030; x_wconf 82' lang='grc' dir='ltr'>τῶν</span> <span class='ocrx_word' id='word_1_201' title='bbox 512 1979 680 2029; x_wconf 76' lang='grc' dir='ltr'>ἄλλων</span> <span class='ocrx_word' id='word_1_202' title='bbox 718 1979 960 2028; x_wconf 85' lang='grc' dir='ltr'>Ἰουδαίων</span> <span class='ocrx_word' id='word_1_203' title='bbox 997 1976 1297 2040; x_wconf 83' lang='grc' dir='ltr'>τολμήματα,</span> <span class='ocrx_word' id='word_1_204' title='bbox 1335 1973 1462 2026; x_wconf 79' lang='grc' dir='ltr'>πολὺ</span> <span class='ocrx_word' id='word_1_205' title='bbox 1504 1973 1552 2024; x_wconf 75' lang='grc' dir='ltr'>δὲ</span> <span class='ocrx_word' id='word_1_206' title='bbox 1594 1975 1704 2024; x_wconf 85' lang='grc' dir='ltr'>λίαν</span> 
     </span>
     <span class='ocr_line' id='line_1_24' title="bbox 113 2057 1699 2126; baseline -0.003 -15"><span class='ocrx_word' id='word_1_207' title='bbox 113 2060 420 2126; x_wconf 86' lang='grc' dir='ltr'>ἡμερωτάτην</span> <span class='ocrx_word' id='word_1_208' title='bbox 445 2060 531 2124; x_wconf 88' lang='grc' dir='ltr'>τὴν</span> <span class='ocrx_word' id='word_1_209' title='bbox 557 2062 758 2111; x_wconf 83' lang='grc' dir='ltr'>ἐνοῦσαν</span> <span class='ocrx_word' id='word_1_210' title='bbox 785 2064 881 2113; x_wconf 81' lang='grc' dir='ltr'>τοῖς</span> <span class='ocrx_word' id='word_1_211' title='bbox 915 2058 1196 2126; x_wconf 84' lang='grc' dir='ltr'>Φαρισαίοις</span> <span class='ocrx_word' id='word_1_212' title='bbox 1233 2057 1478 2125; x_wconf 71' lang='grc' dir='ltr'>ἀποδεῖξαι</span> <span class='ocrx_word' id='word_1_213' title='bbox 1513 2057 1699 2119; x_wconf 86' lang='grc' dir='ltr'>μανίαν.</span> 
     </span>
     <span class='ocr_line' id='line_1_25' title="bbox 114 2138 1706 2207; baseline -0.003 -15"><span class='ocrx_word' id='word_1_214' title='bbox 114 2142 263 2193; x_wconf 85' lang='grc' dir='ltr'>διάτοι</span> <span class='ocrx_word' id='word_1_215' title='bbox 289 2148 428 2194; x_wconf 85' lang='grc' dir='ltr'>τοῦτο</span> <span class='ocrx_word' id='word_1_216' title='bbox 454 2142 891 2206; x_wconf 88' lang='grc' dir='ltr'>κατακολουθήσειν</span> <span class='ocrx_word' id='word_1_217' title='bbox 911 2141 1314 2207; x_wconf 82' lang='grc' dir='ltr'>ἀπαραποδίστως</span> <span class='ocrx_word' id='word_1_218' title='bbox 1340 2138 1706 2204; x_wconf 78' lang='grc' dir='ltr'>ἐπαγγέλλεται,</span> 
     </span>
     <span class='ocr_line' id='line_1_26' title="bbox 45 2219 1753 2292; baseline -0.004 -16"><span class='ocrx_word' id='word_1_219' title='bbox 45 2239 93 2279; x_wconf 86' lang='lat'>25</span> <span class='ocrx_word' id='word_1_220' title='bbox 115 2226 218 2292; x_wconf 68' lang='grc' dir='ltr'>οὐχὶ</span> <span class='ocrx_word' id='word_1_221' title='bbox 257 2226 338 2276; x_wconf 74' lang='grc' dir='ltr'>οὖν</span> <span class='ocrx_word' id='word_1_222' title='bbox 376 2224 594 2276; x_wconf 76' lang='grc' dir='ltr'>τεθνάναι</span> <span class='ocrx_word' id='word_1_223' title='bbox 633 2224 793 2288; x_wconf 86' lang='grc' dir='ltr'>μόνον,</span> <span class='ocrx_word' id='word_1_224' title='bbox 833 2224 944 2274; x_wconf 80' lang='grc' dir='ltr'>ἀλλ9</span> <span class='ocrx_word' id='word_1_225' title='bbox 987 2227 1024 2273; x_wconf 80' lang='grc' dir='ltr'>εἰ</span> <span class='ocrx_word' id='word_1_226' title='bbox 1065 2224 1141 2273; x_wconf 77' lang='grc' dir='ltr'>καὶ</span> <span class='ocrx_word' id='word_1_227' title='bbox 1182 2220 1400 2273; x_wconf 84' lang='grc' dir='ltr'>τεθνάναι</span> <span class='ocrx_word' id='word_1_228' title='bbox 1443 2220 1601 2284; x_wconf 85' lang='grc' dir='ltr'>δεήσει</span> <span class='ocrx_word' id='word_1_229' title='bbox 1640 2219 1704 2283; x_wconf 83' lang='grc' dir='ltr'>μὴ</span> <span class='ocrx_word' id='word_1_230' title='bbox 1727 2231 1753 2269; x_wconf 84' lang='lat' dir='ltr'>b</span> 
     </span>
     <span class='ocr_line' id='line_1_27' title="bbox 116 2302 1707 2376; baseline -0.003 -19"><span class='ocrx_word' id='word_1_231' title='bbox 116 2311 372 2358; x_wconf 80' lang='grc' dir='ltr'>κατοκνῶν.</span> <span class='ocrx_word' id='word_1_232' title='bbox 428 2307 521 2374; x_wconf 77' lang='grc' dir='ltr'>ἔχει</span> <span class='ocrx_word' id='word_1_233' title='bbox 548 2305 596 2357; x_wconf 80' lang='grc' dir='ltr'>δὲ</span> <span class='ocrx_word' id='word_1_234' title='bbox 622 2306 774 2376; x_wconf 77' lang='grc' dir='ltr'>τούτῳ</span> <span class='ocrx_word' id='word_1_235' title='bbox 799 2304 1151 2372; x_wconf 78' lang='grc' dir='ltr'>παραπλησίως</span> <span class='ocrx_word' id='word_1_236' title='bbox 1178 2306 1255 2355; x_wconf 79' lang='grc' dir='ltr'>καὶ</span> <span class='ocrx_word' id='word_1_237' title='bbox 1280 2305 1329 2354; x_wconf 84' lang='grc' dir='ltr'>ἐν</span> <span class='ocrx_word' id='word_1_238' title='bbox 1355 2308 1452 2357; x_wconf 78' lang='grc' dir='ltr'>τοῖς</span> <span class='ocrx_word' id='word_1_239' title='bbox 1478 2302 1707 2368; x_wconf 73' lang='grc' dir='ltr'>ἀνωτέρω,</span> 
     </span>
     <span class='ocr_line' id='line_1_28' title="bbox 115 2388 644 2455; baseline 0.002 -16"><span class='ocrx_word' id='word_1_240' title='bbox 115 2391 192 2439; x_wconf 75' lang='grc' dir='ltr'>καὶ</span> <span class='ocrx_word' id='word_1_241' title='bbox 218 2389 339 2452; x_wconf 76' lang='grc' dir='ltr'>ὅποι,</span> <span class='ocrx_word' id='word_1_242' title='bbox 365 2388 514 2440; x_wconf 87' lang='grc' dir='ltr'>πάλιν</span> <span class='ocrx_word' id='word_1_243' title='bbox 540 2390 644 2455; x_wconf 82' lang='grc' dir='ltr'>ἐρῶ.</span> 
     </span>
     <span class='ocr_line' id='line_1_29' title="bbox 193 2466 1704 2536; baseline -0.002 -15"><span class='ocrx_word' id='word_1_244' title='bbox 193 2471 576 2536; x_wconf 82' lang='grc' dir='ltr'>Παραιτούμενος</span> <span class='ocrx_word' id='word_1_245' title='bbox 607 2469 700 2536; x_wconf 87' lang='grc' dir='ltr'>γάρ</span> <span class='ocrx_word' id='word_1_246' title='bbox 732 2492 847 2521; x_wconf 90' lang='grc' dir='ltr'>ποτε</span> <span class='ocrx_word' id='word_1_247' title='bbox 882 2469 965 2522; x_wconf 75' lang='grc' dir='ltr'>τὰς</span> <span class='ocrx_word' id='word_1_248' title='bbox 999 2473 1094 2519; x_wconf 80' lang='grc' dir='ltr'>τῶν·</span> <span class='ocrx_word' id='word_1_249' title='bbox 1119 2469 1360 2519; x_wconf 85' lang='grc' dir='ltr'>Ἰουδαίων</span> <span class='ocrx_word' id='word_1_250' title='bbox 1385 2466 1704 2534; x_wconf 72' lang='grc' dir='ltr'>ἀποπληξίας,</span> 
     </span>
     <span class='ocr_line' id='line_1_30' title="bbox 117 2547 1708 2618; baseline -0.004 -15"><span class='ocrx_word' id='word_1_251' title='bbox 117 2555 194 2603; x_wconf 76' lang='grc' dir='ltr'>καὶ</span> <span class='ocrx_word' id='word_1_252' title='bbox 220 2551 275 2603; x_wconf 79' lang='grc' dir='ltr'>τὸ</span> <span class='ocrx_word' id='word_1_253' title='bbox 301 2551 496 2618; x_wconf 75' lang='grc' dir='ltr'>ἀκρατὲς</span> <span class='ocrx_word' id='word_1_254' title='bbox 523 2557 607 2602; x_wconf 85' lang='grc' dir='ltr'>τοῦ</span> <span class='ocrx_word' id='word_1_255' title='bbox 633 2555 797 2614; x_wconf 91' lang='grc' dir='ltr'>θυμοῦ,</span> <span class='ocrx_word' id='word_1_256' title='bbox 825 2553 901 2601; x_wconf 79' lang='grc' dir='ltr'>καὶ</span> <span class='ocrx_word' id='word_1_257' title='bbox 932 2550 986 2601; x_wconf 78' lang='grc' dir='ltr'>τὸ</span> <span class='ocrx_word' id='word_1_258' title='bbox 1025 2553 1108 2612; x_wconf 81' lang='grc' dir='ltr'>τῆς</span> <span class='ocrx_word' id='word_1_259' title='bbox 1143 2549 1362 2614; x_wconf 83' lang='grc' dir='ltr'>γλώττης</span> <span class='ocrx_word' id='word_1_260' title='bbox 1389 2547 1586 2616; x_wconf 75' lang='grc' dir='ltr'>ἐξήνιον,</span> <span class='ocrx_word' id='word_1_261' title='bbox 1613 2552 1708 2599; x_wconf 77' lang='grc' dir='ltr'>τοῖς</span> 
     </span>
     <span class='ocr_line' id='line_1_31' title="bbox 49 2619 1706 2699; baseline -0.005 -14"><span class='ocrx_word' id='word_1_262' title='bbox 49 2656 97 2691; x_wconf 86' lang='grc' dir='ltr'>3ο</span> <span class='ocrx_word' id='word_1_263' title='bbox 118 2634 237 2686; x_wconf 79' lang='grc' dir='ltr'>κατὰ</span> <span class='ocrx_word' id='word_1_264' title='bbox 263 2633 348 2697; x_wconf 83' lang='grc' dir='ltr'>τὴν</span> <span class='ocrx_word' id='word_1_265' title='bbox 376 2634 644 2684; x_wconf 83' lang='grc' dir='ltr'>Γαλιλαίαν</span> <span class='ocrx_word' id='word_1_266' title='bbox 670 2631 978 2699; x_wconf 71' lang='grc' dir='ltr'>ἐπεχωριάζεν</span> <span class='ocrx_word' id='word_1_267' title='bbox 1005 2633 1029 2682; x_wconf 87' lang='grc' dir='ltr'>ὁ</span> <span class='ocrx_word' id='word_1_268' title='bbox 1056 2631 1284 2697; x_wconf 80' lang='grc' dir='ltr'>Χριστὸς,</span> <span class='ocrx_word' id='word_1_269' title='bbox 1311 2629 1477 2681; x_wconf 83' lang='grc' dir='ltr'>πολλά</span> <span class='ocrx_word' id='word_1_270' title='bbox 1512 2651 1561 2678; x_wconf 89' lang='grc' dir='ltr'>τε</span> <span class='ocrx_word' id='word_1_271' title='bbox 1595 2619 1706 2693; x_wconf 69' lang='grc' dir='ltr'>παρ’</span> 
     </span>
     <span class='ocr_line' id='line_1_32' title="bbox 118 2709 1709 2781; baseline -0.006 -13"><span class='ocrx_word' id='word_1_272' title='bbox 118 2717 304 2769; x_wconf 83' lang='grc' dir='ltr'>ἐκείνοις</span> <span class='ocrx_word' id='word_1_273' title='bbox 342 2718 670 2781; x_wconf 83' lang='grc' dir='ltr'>τερατουργῶν</span> <span class='ocrx_word' id='word_1_274' title='bbox 701 2713 1000 2779; x_wconf 73' lang='grc' dir='ltr'>ἐθαυμάζετο.</span> <span class='ocrx_word' id='word_1_275' title='bbox 1057 2713 1211 2776; x_wconf 78' lang='grc' dir='ltr'>ἐπειδὴ</span> <span class='ocrx_word' id='word_1_276' title='bbox 1248 2711 1295 2762; x_wconf 78' lang='grc' dir='ltr'>δὲ</span> <span class='ocrx_word' id='word_1_277' title='bbox 1331 2713 1355 2761; x_wconf 84' lang='grc' dir='ltr'><em>ὁ</em></span> <span class='ocrx_word' id='word_1_278' title='bbox 1390 2714 1472 2774; x_wconf 82' lang='grc' dir='ltr'>τῆς</span> <span class='ocrx_word' id='word_1_279' title='bbox 1506 2709 1709 2776; x_wconf 77' lang='grc' dir='ltr'>Μαριὰμ</span> 
     </span>
    </p>
   </div>
   <div class='ocr_carea' id='block_1_3' title="bbox 122 2848 1712 2949">
    <p class='ocr_par' dir='ltr' id='par_1_3' title="bbox 122 2848 1712 2949">
     <span class='ocr_line' id='line_1_33' title="bbox 170 2848 1710 2901; baseline -0.006 -10"><span class='ocrx_word' id='word_1_280' title='bbox 170 2869 202 2892; x_wconf 86' lang='grc'>2.</span> <span class='ocrx_word' id='word_1_281' title='bbox 220 2857 273 2890; x_wconf 77' lang='grc' dir='ltr'>καὶ</span> <span class='ocrx_word' id='word_1_282' title='bbox 291 2856 387 2901; x_wconf 76' lang='lat' dir='ltr'>prius</span> <span class='ocrx_word' id='word_1_283' title='bbox 406 2860 628 2899; x_wconf 72' lang='lat' dir='ltr'>assumptum</span> <span class='ocrx_word' id='word_1_284' title='bbox 648 2865 689 2887; x_wconf 77' lang='lat' dir='ltr'>ex</span> <span class='ocrx_word' id='word_1_285' title='bbox 707 2853 750 2887; x_wconf 85' lang='lat' dir='ltr'>E.</span> <span class='ocrx_word' id='word_1_286' title='bbox 846 2853 879 2886; x_wconf 80' lang='lat'>6.</span> <span class='ocrx_word' id='word_1_287' title='bbox 897 2853 1018 2896; x_wconf 66' lang='grc' dir='ltr'>μικρᾶς</span> <span class='ocrx_word' id='word_1_288' title='bbox 1036 2851 1098 2885; x_wconf 49' lang='lat' dir='ltr'>Es</span> <span class='ocrx_word' id='word_1_289' title='bbox 1178 2862 1231 2885; x_wconf 87' lang='lat'>10.</span> <span class='ocrx_word' id='word_1_290' title='bbox 1250 2850 1302 2883; x_wconf 73' lang='grc' dir='ltr'>καὶ</span> <span class='ocrx_word' id='word_1_291' title='bbox 1322 2851 1409 2883; x_wconf 83' lang='grc' dir='ltr'>κάτω</span> <span class='ocrx_word' id='word_1_292' title='bbox 1428 2849 1649 2892; x_wconf 79' lang='grc' dir='ltr'>σημαίνοντος</span> <span class='ocrx_word' id='word_1_293' title='bbox 1670 2848 1710 2882; x_wconf 77' lang='grc' dir='ltr'>Ε.</span> 
     </span>
     <span class='ocr_line' id='line_1_34' title="bbox 122 2896 1712 2949; baseline -0.006 -11"><span class='ocrx_word' id='word_1_294' title='bbox 122 2905 183 2949; x_wconf 84' lang='lat' dir='ltr'>qui</span> <span class='ocrx_word' id='word_1_295' title='bbox 208 2904 516 2947; x_wconf 82' lang='grc' dir='ltr'>κατασημιιίνοντος</span> <span class='ocrx_word' id='word_1_296' title='bbox 539 2902 636 2945; x_wconf 75' lang='lat' dir='ltr'>prius</span> <span class='ocrx_word' id='word_1_297' title='bbox 661 2900 790 2945; x_wconf 79' lang='lat' dir='ltr'>scripti,</span> <span class='ocrx_word' id='word_1_298' title='bbox 809 2914 828 2933; x_wconf 89' lang='grc' dir='ltr'>α</span> <span class='ocrx_word' id='word_1_299' title='bbox 850 2899 886 2932; x_wconf 84' lang='lat' dir='ltr'>iu</span> <span class='ocrx_word' id='word_1_300' title='bbox 909 2914 933 2932; x_wconf 93' lang='grc' dir='ltr'>ω</span> <span class='ocrx_word' id='word_1_301' title='bbox 955 2899 1067 2943; x_wconf 76' lang='lat' dir='ltr'>prima</span> <span class='ocrx_word' id='word_1_302' title='bbox 1092 2909 1200 2932; x_wconf 80' lang='lat' dir='ltr'>manu</span> <span class='ocrx_word' id='word_1_303' title='bbox 1227 2896 1386 2931; x_wconf 78' lang='lat' dir='ltr'>mutavit.</span> <span class='ocrx_word' id='word_1_304' title='bbox 1406 2896 1712 2939; x_wconf 61' lang='lat' dir='ltr'>xamormulvorrus</span> 
     </span>
    </p>
   </div>
   <div class='ocr_carea' id='block_1_4' title="bbox 123 2949 977 3054">
    <p class='ocr_par' dir='ltr' id='par_1_4' title="bbox 123 2949 977 3054">
     <span class='ocr_line' id='line_1_35' title="bbox 123 2949 575 2995; baseline -0.007 -11"><span class='ocrx_word' id='word_1_305' title='bbox 123 2950 190 2985; x_wconf 87' lang='lat' dir='ltr'>Ed.</span> <span class='ocrx_word' id='word_1_306' title='bbox 336 2959 391 2995; x_wconf 82' lang='lat'>27.</span> <span class='ocrx_word' id='word_1_307' title='bbox 417 2951 517 2983; x_wconf 87' lang='grc' dir='ltr'>πόλιν</span> <span class='ocrx_word' id='word_1_308' title='bbox 537 2949 575 2982; x_wconf 75' lang='lat' dir='ltr'>h.</span> 
     </span>
     <span class='ocr_line' id='line_1_36' title="bbox 858 3013 977 3054; baseline 0.008 -14"><span class='ocrx_word' id='word_1_309' title='bbox 858 3013 881 3054; x_wconf 79' lang='lat'>3</span> <span class='ocrx_word' id='word_1_310' title='bbox 905 3013 929 3040; x_wconf 82' lang='lat' dir='ltr'>E</span> <span class='ocrx_word' id='word_1_311' title='bbox 954 3013 977 3041; x_wconf 86' lang='lat'><strong>2</strong></span> 
     </span>
    </p>
   </div>
  </div>
 </body>
</html>
