2022 3272
94 134 162 159 xv.
180 120 217 159 8.
338 120 410 160 IN
455 120 498 160 S.
533 118 873 159 ιῙΟΛΝΝΕΜ.
938 117 1063 156 LIB.
1100 116 1151 155 X.
1213 114 1345 155 CAP.
1383 113 1440 154 ΙΙ,
1598 113 1680 151 565

94 227 309 281 ποδαπὸς
337 229 419 279 τὸν
448 228 625 294 τρόπον
658 229 682 277 ὁ
709 225 1090 293 προσευχόμενος
1121 227 1195 275 καὶ
1233 222 1496 286 λαμβάνειν
1536 222 1683 290 ἀξιῶν

94 307 213 375 ἅπερ
237 308 296 360 ἂν
321 311 554 375 βούληται
579 312 708 375 παρὰ
735 314 872 371 Θεοῦ,
894 308 979 372 τὴν
1000 309 1176 358 ἑαυτῶν
1197 310 1258 360 εἰς
1286 311 1423 356 τοῦτο
1454 302 1683 355 διαπλάτ-

95 415 249 455 τωμεν
287 394 542 453 πολιτείαν,
569 397 605 443 εὶ
643 396 796 459 τυχεῖν
836 391 1065 458 εὐχόμεθα
1103 393 1184 452 τῆς
1224 388 1402 438 ἄνωθεν
1437 388 1681 449 εὐμενείας.

96 477 133 523 εὶ
185 472 233 523 δὲ
285 473 349 538 μὴ
395 474 574 525 σαυτὸν
617 472 760 524 οἶσθα
811 471 1039 539 γεγονότα
1090 476 1318 532 τοιοῦτον,
1368 471 1529 520 ὁποῖον
1575 470 1684 532 ἡμῖν

56 557 265 622 5ἀρτίως
296 556 532 624 ὑπέδειξεν
565 558 588 606 ὁ
623 554 849 621 Χριστὸς,
884 554 948 618 μὴ
988 554 1219 622 δυσφόρει
1254 551 1682 618 παρακρουόμενος.

97 643 134 688 εἱ
176 637 230 688 δέ
269 661 349 688 σοι
396 641 525 688 δοκεῖ
566 637 619 688 τὸ
666 642 866 703 πρᾶγμα
907 634 1148 704 φορτικὸν,
1189 633 1586 702 συμπαραζεύξας
1628 638 1686 699 τῇ

96 720 256 771 πίστει
283 719 342 770 τὰ
369 722 417 771 ἐκ
444 723 526 784 τῆς
551 720 870 785 ἀγαθουργιάς
894 719 1188 785 καυχήματα·
1219 722 1357 767 τοῦτο
1383 717 1476 782 γάρ
1502 719 1606 766 ἐστι
1632 715 1686 766 τὸ

97 801 252 863 μένειν
290 803 338 852 ἐν
376 806 578 871 Χριστῷ
619 805 694 852 καὶ
730 802 851 868 ἔχειν
889 803 938 852 ἐν
982 802 1130 869 ἑαυτῷ
1164 799 1270 853 τοῦς
1312 798 1486 864 λόγους
1526 800 1684 849 αὐτοῦ’

97 883 292 949 πρόσιθι
342 883 592 947 πεποιθὼς,
633 887 707 935 καὶ
753 883 893 952 λήψῃ
935 885 1010 933 καὶ
1055 882 1195 936 αὐτὸς
1245 886 1534 946 μελλησμοῦ
1580 881 1727 949 δι’χαρ

34 992 81 1016 10
99 965 290 1029 παντὸς,
317 966 432 1033 ὅπερ
457 965 516 1016 ἂν
542 966 740 1034 αἰτήσῃς
766 965 895 1032 παρὰ
924 969 1065 1017 Θεοῦ.

96 1155 172 1196 Ἐν
210 1156 348 1211 τούτῳ
381 1157 598 1200 &medoen
640 1157 662 1198 ὁ
708 1157 859 1213 Πατήρ
897 1170 990 1207 μου,
1026 1154 1094 1196 ἵνα
1135 1155 1298 1211 καρπὸν
1337 1153 1472 1195 Πολύν
1511 1154 1687 1210 φέρΗτε,
1711 1169 1732 1204 g

540 1240 609 1281 καὶ
648 1241 875 1287 Γενήσεσθε
912 1239 1009 1287 ἐμοὶ
1051 1238 1250 1287 μαθΗταί.

177 1358 484 1428 Δεδοξάσθαι
511 1362 633 1427 φησὶ
660 1359 743 1410 τὸν
769 1360 934 1410 ἑαυτοῦ
961 1359 1152 1425 Πατέρα
1180 1360 1254 1409 καὶ
1276 1357 1414 1419 Θεὸν,
1442 1357 1509 1408 ἐπ’
1539 1358 1686 1422 ἀσυγ-

104 1442 247 1509 κρίτῳ
287 1441 472 1494 δικαίως
511 1440 862 1508 θαυμαζόμενον
901 1440 1171 1506 ἀγαθότητι,
1213 1442 1288 1491 καὶ
1326 1443 1407 1503 τῆς
1448 1443 1508 1492 εἷς
1549 1439 1693 1504 ἄκρον

38 1522 267 1586 ῐ5ἶούσης
319 1521 602 1588 ἡμερότητος
641 1522 853 1589 καθάπερ
894 1523 999 1574 τινὰ
1037 1524 1281 1591 στέφανον
1333 1521 1693 1585 ἀναδησάμενον

103 1604 190 1669 τὴν
216 1605 471 1673 ἀπόδειξιν·
522 1604 823 1671 ίίἨγοῖπησε
850 1604 943 1671 γὰρ
972 1607 1092 1656 οὕτω
1119 1603 1201 1656 τὸν
1228 1603 1458 1668 κόσμον,”
1487 1603 1607 1654 κατὰ
1639 1603 1692 1655 τὸ
1755 1607 1862 1682 ᾔξῐῗὲ

104 1687 446 1752 γεγραμμένον,
472 1695 498 1716 “
519 1686 644 1738 ὥστε
683 1687 766 1738 τὸν
789 1687 907 1738 Υὶὸν
941 1689 1083 1738 αὐτοῦ
1120 1687 1203 1738 τὸν
1232 1689 1483 1752 Μονογενῆ
1511 1686 1693 1748 ἔδωκεν,
1713 1704 1740 1745 d

107 1776 134 1798 ‘⁶
160 1769 235 1819 ἵνα
261 1773 353 1821 πᾶς
393 1770 416 1819 ὁ
443 1768 683 1820 πιστεύων
709 1774 770 1822 εἷς
797 1769 940 1820 αὐτὸν
967 1769 1031 1833 μὴ
1059 1769 1296 1833 ἀπόληται
1323 1770 1433 1818 ἀλλ’
1463 1768 1547 1836 ε”χῃ
1575 1767 1695 1834 ζωὴν

107 1857 133 1879 “
161 1849 393 1900 αἱώνιον.”
445 1850 624 1916 καρπὸς
664 1852 745 1901 οὖν
786 1852 876 1917 ἄρα
911 1854 994 1914 τῆς
1025 1851 1308 1917 ἡμερότητος
1343 1855 1426 1901 τοῦ
1459 1854 1585 1900 Θεοῦ
1621 1853 1695 1900 καὶ

39 1956 89 1981 20
110 1931 317 1999 Πατρὸς,
346 1932 373 1996 ἡ
407 1932 598 1984 πάντων
632 1933 737 1999 ζωὴ,
764 1932 1067 1999 πληρουμένη
1104 1932 1325 1997 δηλονότι
1362 1931 1437 1983 διὰ
1463 1935 1695 1998 Χριστοῦ.

108 2013 184 2066 διὰ
222 2021 360 2065 τοῦτο
400 2017 476 2065 καὶ
515 2015 655 2068 αὐτὸς
695 2015 786 2082 ἔφη
824 2038 931 2078 που,
959 2015 1294 2079 διαλεγόμενος
1325 2017 1387 2068 ὡς
1425 2015 1544 2079 πρὸς
1572 2013 1697 2065 Θεὸν

109 2098 184 2147 καὶ
213 2096 406 2162 Πατέρα
437 2104 464 2126 “
483 2097 613 2162 Ἐγώ
641 2120 699 2148 σε
725 2096 936 2166 ἐδόξασα
972 2098 1045 2148 ἐπὶ
1071 2099 1153 2160 τῆς
1181 2099 1267 2161 γῆς
1295 2095 1349 2147 τὸ
1377 2096 1515 2162 ἔργον
1541 2102 1691 2146 τελει-
1758 2104 1853 2179 {232
1891 2145 1896 2148 ,

111 2185 138 2208 “
164 2178 295 2232 ώσας
321 2177 345 2229 ὃ
374 2177 576 2232 δέδωκάς
613 2202 691 2242 μοι
721 2179 796 2230 ἵνα
828 2179 1076 2245 πληρώσω
1103 2178 1266 2229 αὐτό.”
1319 2175 1697 2245 ἐγχειρισάμενος
1831 2157 1891 2187 ·4-

110 2260 204 2327 γὰρ
230 2262 360 2327 παρὰ
393 2267 475 2312 τοῦ
505 2260 696 2327 Πατρὸς
727 2261 891 2327 ὥσπερ
925 2261 1010 2325 τὴν
1043 2260 1266 2311 ἁπάντων
1300 2261 1431 2324 ἡμῶν
1458 2261 1738 2327 σωτηρίανο

44 2361 91 2399 25
112 2343 136 2392 ὁ
166 2342 458 2408 Μονογενὴς,
484 2344 533 2393 εὖ
559 2343 693 2406 μάλα
729 2344 1051 2409 κατώρθωκεν,
1079 2343 1162 2394 οὐκ
1195 2344 1243 2393 ἐν
1279 2343 1535 2409 ὑπουργίας
1569 2341 1699 2410 τάξει

111 2427 458 2493 παραληφθεὶς,
502 2426 612 2475 ἀλλ’
664 2426 932 2494 αὑτοσοφία
976 2427 1050 2475 καὶ
1094 2425 1287 2488 δύναμις
1326 2429 1409 2475 τοῦ
1454 2423 1701 2491 φύσαντος

113 2505 356 2572 ὑπάρχων,
383 2505 437 2570 ἧς
464 2507 538 2556 καὶ
565 2505 674 2573 δίχα
699 2506 881 2571 γε’νοιτο
907 2505 962 2556 τὸ
987 2505 1214 2571 παράπαν
1241 2506 1384 2557 οὐδέν.
1423 2505 1580 2556 πάντα
1606 2505 1700 2572 γὰρ

114 2586 169 2637 δι’
211 2587 367 2649 αὐτοῦ,
406 2586 525 2637 κατὰ
563 2587 646 2637 τὸν
678 2585 815 2653 ἅγιον
855 2588 1238 2652 Εὐαγγελιστὴν,
1271 2586 1514 2655 ἐξαιρέτως
1553 2585 1602 2637 δὲ
1642 2587 1701 2638 τὰ

115 2670 215 2720 καθ’
257 2670 393 2732 ἡμᾶς.
467 2673 542 2719 καὶ
587 2675 704 2733 γοῦν
753 2671 777 2719 ὁ
823 2668 1050 2735 μακάριος
1091 2671 1266 2719 Δαυεὶδ
1303 2673 1397 2718 τῶν
1438 2667 1540 2720 καθ’
1583 2669 1701 2732 ἡμᾶς

46 2782 97 2817 30
115 2751 411 2819 πραγμάτων
455 2749 539 2814 τὴν
591 2750 871 2813 οἰκονομίαν,
919 2752 993 2801 καὶ
1045 2753 1126 2814 τῆς
1178 2749 1401 2801 ἁπάντων
1450 2750 1566 2817 ζωῆς
1616 2750 1703 2815 τὴν

166 2890 195 2913 2.
214 2879 473 2921 διαπλάττωμεν
491 2877 532 2911 Ε.
552 2877 684 2922 Migne.
705 2877 953 2922 διαπλάττομεν
972 2877 1038 2910 Ed.
1274 2888 1329 2922 23.
1356 2877 1641 2923 ἐγχειρησάμενος
1661 2878 1703 2914 Ε.

118 2926 169 2959 28.
190 2925 351 2970 μακάριον
369 2937 431 2969 pro
448 2925 544 2968 ἅγιον
562 2924 603 2958 Ε.
