2037 3266
322 127 408 168 536
725 128 776 170 Β.
809 128 1085 170 CYRILLI
1126 129 1507 172 ALEXANDR.
1787 143 1854 170 xv.
1877 141 1915 169 1.

324 233 589 300 ὁσιότητος·
647 237 808 307 τρέφει
853 238 902 290 δὲ
948 237 1066 306 πρὸς
1109 239 1367 301 εὐσεβειαν,
1411 262 1487 290 και
1526 238 1718 303 ἁπάσης
1760 238 1915 291 αὐτοῖς

324 319 492 384 ἀρετῆς
523 342 599 370 και
632 321 951 387 ἀγαθουργίας
985 321 1165 385 εἴδησιν
1200 320 1505 387 ἐνεργάζεται

400 402 597 471 Γεωργον
630 402 686 453 δέ
719 406 844 471 φησι
881 402 964 453 τὸν
995 402 1202 468 Πατέρα,
1239 402 1315 454 διὰ
1352 403 1493 454 ποίαν
1531 403 1623 469 ἄρα
1661 403 1737 453 καὶ
1775 406 1914 453 τοῦτο

323 484 505 544 αἱτίανς
560 483 664 535 οὐδὲ
702 484 796 550 γὰρ
833 484 1071 550 ἄπρακτος
1109 483 1138 549 ἢ
1178 485 1346 551 ἄεργος
1386 489 1449 538 εἷς
1486 485 1608 549 ἡμᾶς
1653 485 1677 535 ὁ
1721 483 1910 550 Πατὴρ,

322 564 578 633 τρέφοντός
603 589 650 617 τε
676 568 751 616 καὶ
777 565 1061 634 συνέχοντος
1091 571 1154 620 εἰς
1188 566 1242 617 τὸ
1279 565 1394 617 εἶναι
1429 571 1587 620 καλῶς
1613 571 1696 616 τοῦ
1722 569 1840 616 Υὶοῦ
1865 567 1914 616 ἐν
1933 582 1956 620 5

285 647 473 717 ΟἈγίῳ
514 647 768 712 Πνεύματι,
804 648 920 712 ὅλης
959 647 1006 699 δὲ
1044 647 1209 715 ὥσπερ
1248 652 1331 713 τῆς
1370 649 1507 714 ἁγίας
1545 650 1621 699 καὶ
1661 647 1915 712 ὀμοουσίου

322 728 527 794 Τριάδος
561 729 699 795 ἔργον
723 731 856 781 ἐστὶν
888 730 916 793 ἡ
952 735 1047 781 τῶν
1072 732 1179 782 καθ’
1206 731 1326 794 ἡμᾶς
1359 729 1698 797 ἐπανόρθωσις,
1723 731 1799 780 καὶ
1837 727 1914 779 διὰ

319 809 482 874 πάσης
507 810 688 879 ἔρχεται
714 815 798 876 τῆς
825 813 950 865 θείας
977 813 1168 881 φύσεως
1190 813 1218 877 ἡ
1245 814 1317 881 ἐφ’
1340 812 1492 864 ἅπασι
1519 817 1615 866 τοῖς
1640 813 1749 878 παρ’
1771 812 1914 875 αὐτῆς

321 893 572 958 δρωμένοις
599 893 792 958 θέλησίς
819 916 868 945 τε
895 896 972 945 καὶ
999 894 1208 957 δύναμις.
1264 894 1340 945 διὰ
1366 900 1506 946 τοῦτο
1531 896 1606 945 καὶ
1638 892 1913 960 ὁλοκλήρως

321 975 397 1024 καὶ
441 977 490 1026 ἐν
533 976 598 1027 ἑνὶ
640 976 887 1046 προσώπῳ
931 978 1042 1043 παρ’
1084 978 1216 1041 ἡμῶν
1254 977 1511 1046 δοξάζεται.
1576 979 1773 1042 σωτῆρα
1817 974 1911 1042 γὰρ
1936 999 1984 1025 10

321 1063 558 1120 καλοῦμεν
583 1057 666 1110 τὸν
693 1057 829 1121 Θεὸν,
857 1060 940 1109 οὐκ
967 1058 1057 1110 ἀνὰ
1088 1060 1228 1125 μέρος
1262 1059 1347 1123 μὲν
1373 1061 1439 1129 τῷ
1464 1060 1634 1124 Πατρῖ,
1660 1057 1749 1108 ἀνὰ
1774 1058 1914 1123 μέρος

321 1137 371 1189 δὲ
407 1140 532 1209 αὐτῷ
568 1145 634 1210 τῷ
658 1144 774 1210 Υἱῷ,
801 1141 904 1206 η’τοι
941 1145 1007 1210 τῷ
1032 1141 1184 1210 Ἀγίερ
1211 1141 1453 1203 Πνεύματι
1478 1140 1538 1192 τὰ
1565 1139 1638 1208 ἐφ’
1666 1139 1732 1193 οἷς
1762 1138 1909 1204 ἠλεή-

319 1225 440 1285 μεθα
459 1223 818 1289 ἀποκομίζοντες
839 1222 1137 1291 χαριστήρια,
1156 1224 1266 1273 ἀλλ’
1288 1222 1434 1276 ὅντως
1459 1226 1542 1287 τῆς
1567 1226 1675 1285 μιᾶς
1695 1221 1913 1286 θεότητος

277 1317 303 1357 (1
322 1302 604 1370 κατόρθωμα
630 1305 849 1371 λέγοντες
874 1305 960 1370 τὴν
980 1306 1158 1356 ἑαυτῶν
1185 1306 1439 1371 σωτηρίαν.
1480 1304 1568 1355 κᾶν
1587 1310 1702 1371 γοῦν
1725 1302 1912 1373 ἑκάστῳ

320 1386 567 1456 προσώπῳ
594 1388 900 1450 διανεμεσθαί
924 1411 968 1438 τι
995 1390 1110 1455 δοκῇ
1136 1392 1230 1438 τῶν
1258 1391 1319 1441 εἷς
1345 1388 1465 1451 ἡμᾶς
1502 1384 1782 1452 γεγονότων,
1807 1386 1910 1450 ἤτοι
1933 1406 1980 1445 15

320 1472 416 1517 τῶν
442 1469 785 1534 ἐνεργουμένων
810 1472 915 1536 περὶ
949 1469 1035 1533 τὴν
1061 1470 1228 1533 κτίσιν,
1256 1471 1366 1520 ἀλλ’
1396 1467 1529 1520 οὐδὲν
1555 1469 1694 1534 ἧττον
1717 1467 1910 1519 πιστεύ-

322 1572 433 1612 ομεν
472 1550 542 1601 ὅτι
582 1549 738 1602 πάντα
775 1553 877 1602 ἐστὶ
915 1550 1045 1618 παρὰ
1086 1550 1276 1618 Πατρὸς
1315 1550 1371 1602 δι’
1408 1555 1525 1602 Υἱοῦ
1565 1552 1613 1601 ἐν
1648 1549 1904 1613 Πνεύματι.

322 1630 508 1696 νοήσεις
546 1633 627 1683 οὖν
666 1634 757 1698 ἄρα
796 1635 871 1684 καὶ
911 1634 1020 1684 λίαν
1058 1634 1223 1700 ὀρθῶς,
1260 1633 1331 1684 ὅτι
1369 1634 1528 1702 τρέφει
1566 1632 1651 1697 μὲν
1688 1632 1810 1696 ἡμᾶς
1849 1636 1911 1686 εἷς

321 1714 564 1775 εὐσέβειαν
603 1716 628 1765 ὁ
669 1715 839 1782 Πατὴρ
879 1717 934 1765 δι’
975 1719 1094 1766 Υἱοῦ
1132 1717 1180 1766 ἐν
1222 1716 1475 1779 Πνεύματι·
1531 1719 1731 1782 γεωργεῖ
1765 1713 1813 1765 δὲ
1852 1715 1911 1765 αὖ

319 1795 482 1858 πάλιν,
509 1797 767 1861 τουτέστιν,
797 1800 947 1866 ἐφορᾷ
981 1820 1031 1848 τε
1068 1799 1143 1848 καὶ
1179 1798 1508 1849 ἐπισκέπτεται
1547 1799 1622 1848 καὶ
1659 1797 1908 1865 φροντίδος
1929 1820 1980 1846 20

319 1880 402 1941 τῆς
440 1879 795 1946 ἐπανορθούσης
834 1880 964 1948 ἀξιοῖ
998 1881 1052 1930 δι’
1081 1883 1200 1930 Υὶοῦ
1239 1881 1287 1930 ἐν
1315 1879 1570 1943 Πνεύματι.
1623 1879 1910 1944 λογιούμεθα

318 1959 412 2025 γὰρ
451 1965 641 2024 μᾶλλον
680 1963 826 2015 οὕτως
873 1964 1024 2028 ὀρθῶς
1069 1962 1187 2028 ἠπερ
1231 1962 1313 2012 οὖν
1351 1984 1536 2028 ετερως,
1578 1959 1697 2012 κατά
1735 1982 1788 2025 γε
1826 1958 1910 2011 τὸν

281 2041 541 2109 θήμέτερον
580 2049 702 2094 νοῦν·
755 2047 792 2094 εἱ
836 2044 929 2110 γὰρ
967 2042 1153 2113 ἑκαστῳ
1192 2043 1409 2108 δωσόμεν
1447 2042 1537 2094 ἀνὰ
1581 2042 1720 2109 μέρος
1763 2041 1904 2108 ἐργα-

318 2127 508 2176 σασθαί
541 2149 585 2176 τι
625 2131 719 2176 τῶν
758 2127 867 2176 καθ’
904 2149 1042 2189 ημας,
1080 2125 1104 2176 ὸ
1143 2124 1260 2189 μήτε
1298 2131 1381 2176 τοῦ
1419 2148 1576 2191 ετερου
1612 2122 1756 2192 τυχὸν
1794 2121 1913 2174 εἷναί

317 2210 489 2274 φαμεν,
531 2212 631 2261 πῶς
671 2209 754 2258 οὐκ
792 2209 1139 2275 ἀναμφίλογον,
1179 2210 1242 2261 ὡς
1280 2208 1466 2273 ἐπείπερ
1506 2206 1720 2270 ἄμπελος
1758 2204 1842 2268 μὲν
1880 2205 1976 2264 625

315 2287 430 2342 Υἱὸς
470 2289 744 2353 ὠνόμασται
783 2295 880 2347 νῦν,
913 2287 1123 2355 γεωργὸς
1157 2286 1203 2339 δὲ
1240 2290 1264 2338 ὁ
1301 2287 1482 2354 Πατὴρ,
1515 2286 1783 2356 τρεφόμεθα
1821 2285 1907 2349 μὲν

317 2374 484 2433 ἱδικῶς,
524 2369 820 2438 συνεχόμεθα
861 2393 910 2420 τε
958 2370 1076 2437 πρὸς
1120 2368 1174 2420 τὸ
1219 2370 1268 2419 εὖ
1313 2368 1427 2421 εἶναι
1466 2368 1597 2436 παρὰ
1638 2368 1783 2432 μόνου
1822 2372 1906 2418 τοῦ

315 2456 449 2503 Υὶοῦ·
487 2452 616 2519 παρὰ
643 2452 697 2503 δέ
718 2474 771 2518 γε
797 2457 880 2502 τοῦ
908 2450 1098 2517 Πατρὸς
1130 2451 1285 2520 ψιλὴν
1311 2451 1478 2519 ε”χομεν
1504 2450 1589 2515 τὴν
1616 2450 1902 2516 ἐπίσκεψιν;

316 2534 512 2604 ἀμπέλῳ
538 2532 621 2598 μὲν
647 2533 741 2600 γὰρ
774 2533 828 2584 τὸ
861 2533 1049 2603 τρέφειν
1075 2537 1240 2584 οἰκεῖον
1266 2532 1325 2583 τὰ
1359 2533 1452 2584 ’ίδια
1486 2532 1726 2597 κλήματα,
1756 2534 1823 2600 τῷ
1856 2529 1905 2581 δὲ

95 2634 182 2668 859
198 2634 249 2669 A.
277 2642 298 2667 a
315 2622 599 2682 γηπονοῦντι
624 2615 678 2666 τὸ
704 2614 1086 2666 ἐπισκέπτεσθαι.
1142 2616 1251 2664 ἀλλ’
1281 2614 1323 2665 εἰ’
1352 2636 1404 2680 γε
1440 2619 1703 2682 φρονοῦμεν
1729 2613 1899 2678 ὀρθῶς,
1923 2635 1973 2671 30

315 2698 594 2765 ἡγησόμεθα
632 2696 688 2762 δὴ
726 2696 928 2759 πάντως,
961 2695 1032 2747 ὅτι
1070 2697 1174 2747 οὔτε
1211 2697 1355 2747 ἐκεῖνο
1392 2699 1534 2764 χωρὶς
1572 2701 1655 2746 τοῦ
1687 2693 1898 2761 Πατρὸς,

361 2858 393 2886 4.
418 2843 525 2878 αἴτιον
543 2844 583 2878 Ε.
747 2855 799 2885 14.
825 2841 925 2887 γοῦν]
946 2857 1004 2877 ουν
1023 2841 1064 2876 Ε.
1227 2852 1279 2886 17.
1306 2842 1429 2877 πάντες
1448 2841 1489 2877 Ε.
1561 2839 1671 2884 παρὰ]
1696 2843 1732 2880 -f-
1754 2840 1814 2873 τοῦ
1834 2838 1901 2873 Ed.

311 2891 420 2924 invito
440 2891 479 2924 E.
625 2901 680 2925 20.
706 2890 841 2935 ἐφορῶν
859 2889 901 2925 Ε.
1047 2887 1102 2923 26.
1128 2889 1338 2934 τρεφόμενος
1357 2888 1398 2923 Ε.
1554 2896 1610 2931 27.
1637 2887 1748 2922 ἶδικῶς
1766 2897 1837 2920 om.
1858 2886 1899 2920 E.

312 2948 368 2982 29.
394 2951 444 2971 τοι
464 2949 526 2982 pro
544 2937 582 2971 τὸ
602 2936 631 2970 Ε
