2037 3266
276 120 363 160 446
681 122 732 163 Β.
766 122 1039 164 CYRILLI
1080 124 1464 167 ALEXANDR.
1698 128 1780 169 xiv.
1804 141 1868 169 11.

276 231 435 297 τρίτον
460 230 671 298 ἐπήγαγε
697 233 751 284 τό
777 233 973 297 Ἐσμὲν,
1000 238 1057 302 τῇ
1093 239 1188 286 τῶν
1212 236 1562 301 προλαβόντων
1588 238 1769 306 διανοίᾳ
1793 240 1870 289 καὶ

276 311 390 363 αὐτὸ
427 314 745 381 χαριζόμενος.
801 317 878 365 καὶ
915 314 1043 378 οἶμαι
1077 315 1164 379 μὲν
1195 317 1266 368 ὅτι
1305 318 1580 384 δυσωπήσει
1618 319 1743 388 τάχα
1776 343 1870 372 που

229 399 256 441 b
277 392 359 444 τὸν
386 396 620 463 θεομάχον
646 398 798 464 ὀρθῶς
825 397 944 464 ἔχων
971 399 1081 461 ἡμῖν
1108 400 1132 449 ὁ
1160 402 1266 465 περὶ
1292 400 1458 452 τούτου
1484 400 1644 467 λόγος·
1683 405 1871 453 ε’νιστα-

275 476 400 546 μένῷ
441 478 489 529 δὲ
527 478 690 540 πάλιν,
731 481 806 530 καὶ
848 479 901 530 τό
926 481 1012 530 Ἐν
1052 484 1118 549 τῷ
1157 485 1267 550 Θεῷ
1308 480 1608 549 περιέλκοντι
1650 484 1770 550 πρὸς
1813 485 1869 536 τὸ

275 561 402 629 αὐτῷ
427 561 503 611 καὶ
536 561 666 631 μόνῷ
699 563 881 623 δοκοῦν,
906 565 989 625 τῆς
1025 564 1343 615 θεοπνεύστου
1379 568 1570 634 γραφῆς
1603 565 1689 630 τὴν
1715 567 1863 631 συνή-
1889 585 1912 624 5

276 646 405 693 θειαν
431 644 737 711 ἐπιδείξομεν.
794 644 899 698 ἔθος
933 643 1027 710 γὰρ
1063 645 1181 712 αὐτῇ
1217 645 1373 712 λέγειν
1399 647 1505 698 ἔσθ’
1534 647 1610 698 ὅτε
1647 651 1750 699 ἀντὶ
1785 655 1868 700 τοῦ

275 725 350 775 διὰ
385 729 524 788 Θεοῦ,
551 724 605 776 τό
639 727 724 776 Ἐν
751 729 876 795 Θεῷ.
939 729 1036 777 ἐπεὶ
1073 727 1249 794 λεγέτω
1284 727 1378 795 γὰρ
1413 730 1582 782 ἐκεῖνος
1616 730 1738 794 ἡμῖν,
1765 736 1868 785 πῶς

47 800 102 832 Ps.
119 800 175 832 lix.
287 808 297 822 ⁹
527 812 546 821 Α
614 809 625 824 ’
737 808 750 825 Ι
969 809 982 826 ‘
1200 817 1227 839 cc
1246 811 1255 825 ’
1403 815 1422 824 ἢ
1540 815 1559 824 ⁶
1687 812 1699 828 '

52 853 103 884 14·
274 830 323 857 εν
348 810 565 872 ψαλμοις
598 831 886 874 ανακεκραγε
919 815 1077 875 λεγων
1102 832 1172 863 τις
1262 814 1332 861 Εν
1358 834 1424 880 τῷ
1452 815 1560 881 Θεῷ
1590 835 1866 877 ποιησωμεν

48 887 195 961 16³s.xlfii.
273 895 300 918 ‘⁶
327 888 563 954 δύναμιν””
604 892 681 941 καὶ
706 890 856 941 πάλιν
883 893 944 944 ὡς
970 890 1089 957 πρὸς
1113 891 1255 942 αὐτόν
1275 900 1300 921 “
1318 892 1405 943 Ἐν
1431 896 1511 944 σοὶ
1536 893 1644 948 τοὺς
1669 895 1866 962 ἐχθροὺς

807 971 832 988 ‘2

273 977 300 1001 ‘⁶
328 971 459 1035 ἡμῶν
485 979 801 1039 κερατιοῦμεν.
876 974 930 1023 οὐ
965 972 1058 1040 γὰρ
1092 973 1149 1038 δή
1183 997 1252 1028 τις
1288 974 1499 1039 οἰήσεται
1533 982 1673 1027 τοῦτο
1708 977 1865 1042 λέγειν
1888 1002 1941 1028 10

231 1075 254 1103 c
272 1052 427 1116 αὐτὸν,
456 1056 518 1108 ὡς
543 1056 591 1105 ἐν
619 1059 677 1122 τῇ
704 1055 845 1124 οὐσίᾳ
870 1060 953 1106 τοῦ
981 1060 1106 1107 Θεοῦ
1139 1057 1335 1118 δύναμίν
1361 1080 1464 1108 τινα
1500 1059 1865 1124 δημιουργήσειν

270 1136 638 1202 ἐπαγγέλλεται,
671 1138 781 1187 ἀλλ’
808 1137 912 1188 οὐδὲ
948 1139 997 1188 ἐν
1029 1139 1147 1206 αὐτῇ
1183 1137 1290 1192 τοῦς
1326 1141 1468 1194 ἰδίους
1505 1140 1700 1208 ἐχθροὺς
1736 1143 1862 1208 εὑρί-

270 1241 476 1271 σκοντας
516 1225 739 1285 κερατιεῖν
775 1219 943 1273 αὐτοὺς
981 1221 1006 1270 ὁ
1045 1219 1259 1289 ψάλλων
1299 1223 1468 1289 φησίν·
1515 1223 1627 1273 ἀλλ’
1656 1225 1704 1274 ἐν
1732 1227 1861 1292 Θεῷ,

270 1302 436 1368 φησὶν,
470 1302 574 1352 ἀντὶ
609 1307 692 1353 τοῦ
725 1301 821 1352 Δια
856 1306 994 1365 Θεοῦ,
1024 1305 1099 1353 καὶ
1135 1302 1189 1354 τό
1216 1304 1302 1354 Ἐν
1334 1310 1414 1355 σοὶ
1449 1304 1612 1368 πάλιν,
1645 1307 1747 1356 ἀντὶ
1781 1311 1865 1356 τοῦ

270 1381 366 1432 Διά
405 1389 513 1436 σοῦ.
571 1384 621 1435 τί
661 1384 709 1435 δὲ
753 1387 829 1435 καὶ
877 1386 902 1435 ὁ
940 1385 1169 1450 μακάριος
1210 1389 1406 1440 Παῦλος
1448 1387 1714 1454 Κορινθίοις
1757 1390 1857 1438 ἐπι-
1886 1412 1934 1450 15

50 1477 206 1516 1cor.i.4.
269 1463 497 1515 στέλλων
529 1464 726 1531 ἐ’λεγενς
768 1468 1106 1534 ((Εύχαριστῶ
1145 1472 1211 1537 τῷ
1252 1472 1360 1537 Θεῷ
1398 1492 1488 1531 μου
1527 1471 1633 1535 περὶ
1671 1469 1864 1520 πάντων

271 1553 298 1576 “
325 1548 455 1610 ὑμῶν
481 1549 554 1598 ἐπὶ
589 1550 646 1616 τῇ
680 1550 874 1616 δοθείσῃ
908 1551 1015 1611 ὑμῖν
1051 1551 1099 1599 ἐν
1125 1554 1326 1619 Χριστῷ
1360 1551 1524 1614 Ἰησοῦ
1559 1550 1755 1618 χάριτι,”
1786 1553 1862 1601 καὶ

46 1636 163 1676 Ib·30-
269 1627 418 1680 πάλιν
459 1636 486 1659 “
512 1630 606 1698 Ἐξ
647 1631 789 1681 αὑτοῦ
834 1630 882 1681 δὲ
925 1632 1052 1694 ὑμεῖς
1097 1633 1204 1682 ἐστε
1251 1634 1298 1682 ἐν
1339 1636 1542 1701 Χριστῷ
1588 1634 1766 1697 Ἰησοῦ,
1812 1631 1863 1687 ὃς

270 1716 298 1741 “
325 1711 521 1777 ἐγενήθη
549 1713 660 1776 ἡμῖν
686 1714 840 1780 σοφία
867 1712 960 1764 ἀπὸ
988 1717 1126 1775 Θεοῦ,
1148 1715 1422 1774 δικαιοσύνη
1448 1737 1497 1764 τε
1525 1717 1599 1765 καὶ
1626 1715 1863 1780 ἁγιασμὸς

223 1799 297 1842 (1“
321 1795 397 1844 καὶ
436 1793 819 1860 ἀπολύτρωσις.”
878 1792 970 1860 ἆρα
1008 1794 1101 1860 γὰρ
1139 1797 1234 1862 ἐρεῖ
1267 1819 1338 1850 τις
1376 1801 1625 1864 νουνεχῶς,
1667 1797 1739 1848 ὅτι
1777 1797 1862 1862 τὴν
1882 1819 1933 1845 20

268 1876 651 1940 ἀπονεμηθεῖσαν
696 1876 876 1928 ἄνωθεν
920 1881 1016 1930 τοῖς
1060 1878 1328 1943 Κορινθίοις
1372 1878 1512 1946 χάριν
1549 1881 1598 1929 ἐν
1640 1880 1758 1947 αὐτῇ
1803 1885 1862 1948 τῇ

267 1956 409 2026 οὐσίᾳ
435 1964 517 2009 τοῦ
544 1962 763 2024 Χριστοῦ
790 1958 1014 2010 δεδόσθαι
1042 1961 1195 2027 φησὶν
1220 1961 1244 2010 ὁ
1271 1960 1682 2030 πνευματοφόρος,
1714 1961 1862 2028 ἤγουν

267 2040 540 2094 ἀκολούθως
578 2041 729 2110 τούτῳ
768 2040 822 2092 τὸ
865 2041 1023 2106 ἕτερον
1060 2040 1356 2110 ἐκλήψεται;
1411 2045 1486 2093 καὶ
1531 2047 1632 2096 πῶς
1675 2044 1759 2095 οὐκ
1801 2043 1862 2095 ἂν

267 2123 419 2191 ὁρῷτο
446 2127 638 2189 ληρῶν,
681 2124 731 2173 τί
752 2124 906 2173 τοίνυν
933 2124 1009 2173 καὶ
1041 2121 1155 2174 αὐτὸ
1192 2122 1245 2173 τὸ
1282 2128 1377 2173 τῶν
1404 2128 1540 2190 ἱερῶν
1565 2124 1861 2191 γραμμάτων

267 2204 530 2269 παραλύων
580 2204 697 2267 ἔθος,
744 2207 819 2255 καὶ
870 2204 955 2268 τὴν
1005 2210 1088 2255 τοῦ
1140 2205 1373 2271 μακαρίου
1421 2206 1624 2257 Παύλου
1673 2208 1859 2272 βουλὴν
1881 2224 1929 2262 25

266 2286 658 2353 συκοφαντήσας,
697 2285 923 2352 ὑπάρχειν
968 2286 1089 2349 ἡμᾶς
1138 2288 1187 2336 ἐν
1232 2290 1354 2355 Θεῷ,
1400 2288 1661 2350 τουτέστιν,
1705 2290 1755 2339 ἐν
1799 2294 1858 2357 τῇ

265 2368 406 2435 οὐσίᾳ
446 2373 530 2418 τοῦ
571 2367 762 2432 Πατρὸς
806 2367 969 2432 λέγεις,
1011 2367 1124 2417 ὅταν
1159 2367 1368 2435 ἀκούσῃς
1406 2373 1503 2422 τοῖς
1542 2371 1590 2420 ἐν
1621 2369 1857 2439 Ἀθήνῃσι

265 2447 536 2511 διειπόντος,
565 2448 635 2500 ὅτι
662 2451 709 2500 ἐν
735 2450 860 2518 αὐτῷ
888 2448 1036 2514 ζῶμεν
1063 2451 1139 2499 καὶ
1165 2449 1418 2513 κινούμεθα
1444 2453 1520 2501 καὶ
1546 2452 1690 2514 ἐσμέν
1712 2474 1724 2514 3

224 2551 246 2578 e
337 2570 365 2593 ,,
384 2529 548 2581 Ἀλλὰ
591 2530 706 2593 ναὶ,”
748 2533 900 2600 φησὶν
942 2532 966 2581 ὁ
1011 2535 1105 2581 τῶν
1146 2530 1373 2598 ὀλεθρίων
1416 2532 1668 2598 δογμάτων
1708 2556 1854 2600 προε-

309 2711 343 2741 4.
369 2698 579 2742 περιέλκοντι
607 2699 645 2732 F.
672 2698 723 2733 ἰ’σ.
751 2698 964 2743 περιέλκοντι
994 2698 1060 2731 Ed.
1088 2710 1161 2742 mg.
1191 2697 1415 2741 περιέλκοντα
1444 2698 1486 2732 Ε.
1512 2697 1749 2742 περιέλκοντες
1784 2699 1853 2735 Ed.

265 2754 367 2789 7—p.
383 2755 464 2789 447,
483 2757 502 2789 9
522 2745 603 2779 citat
622 2758 656 2790 p.
800 2746 832 2779 8.
860 2744 1056 2788 ποιήσωμεν
1074 2745 1103 2777 F
1108 2757 1154 2788 ..p
1173 2744 1233 2788 (66
1252 2745 1312 2789 al.)
1332 2744 1375 2778 cf.
1394 2745 1429 2778 in
1449 2745 1510 2777 Es.
1525 2753 1586 2789 771
1604 2745 1625 2778 d
1644 2756 1663 2778 a
1683 2745 1779 2779 Pars.
1794 2747 1854 2780 cit.

261 2791 452 2835 ποιήσομεν
471 2791 537 2825 Ed.
703 2802 756 2825 11.
783 2792 910 2835 πατρὸς
928 2803 990 2835 pro
1012 2793 1099 2824 Θεοῦ
1118 2791 1160 2825 Ε.
1331 2769 1538 2835 IS.(11’1†ov¹]
1552 2791 1696 2834 εμαυτοῦ
1715 2792 1796 2835 (Sic)
1816 2804 1853 2836 p.

267 2848 319 2881 19.
347 2837 506 2882 ἐγεννήθη
527 2838 567 2871 Ε.
587 2837 630 2872 cf.
648 2838 684 2871 in
703 2850 750 2872 xu
770 2838 899 2883 proph.
920 2848 985 2882 555
1006 2850 1035 2871 e.
1237 2847 1293 2871 22.
1319 2840 1380 2871 τοῦ
1398 2840 1551 2881 Χριστοῦ
1570 2843 1648 2881 post
1664 2851 1851 2879 πνευματο-

261 2885 371 2927 φόρος
388 2885 585 2928 tlansponit
602 2896 637 2930 p.
867 2895 922 2928 23.
947 2898 1055 2930 τουτῳ
1073 2895 1142 2918 om.
1160 2895 1195 2928 p.
1432 2893 1488 2928 25.
1513 2882 1660 2928 βουλὴν]
1681 2884 1798 2928 φωνὴν
1814 2896 1850 2929 p.

264 2939 319 2974 27.
345 2929 450 2975 λέγης
470 2931 508 2964 E.
