1971 3272
95 139 133 164 x.
155 126 191 166 8.
341 127 416 167 IN
460 128 501 169 S.
536 127 873 168 JOANNEM.
936 126 1060 165 LIB.
1085 125 1163 165 VI.
1225 125 1360 165 CAP.
1394 124 1429 164 Ι.
1595 122 1678 161 213

94 288 258 330 Πάντες
294 290 390 332 ὅσοι
428 288 560 332 ἦλθον
597 292 774 331 κλέπται
813 287 891 330 εἰσί
932 288 1000 328 καὶ
1039 287 1203 345 Λῌοταί·
1248 286 1338 327 ἀλλ’
1376 287 1451 326 οὐκ
1489 278 1720 324 ι’ἰκουσανὸ

647 373 789 414 αὐτῶν
829 372 878 414 τὰ
918 372 1126 428 Πρόβοιτα,
1699 344 1717 367 L

171 486 482 552 Πανταχόθεν
513 484 597 549 τὴν
633 485 863 536 ἀτίθασον
891 488 984 534 τῶν
1011 484 1289 548 Φαρισαίων
1323 477 1681 544 καταγοητεύων

95 565 315 629 διάνοιαν,
355 571 429 618 καὶ
469 566 587 632 πρὸς
626 567 840 635 ἔμφρονα
879 567 1137 627 μετατιθεὶς
1176 561 1428 629 λογισμὸν,
1467 565 1681 626 πειρᾶται

54 648 315 700 5δεικνύειν
363 653 425 703 ὡς
477 649 705 713 ἀνόνητόν
756 672 799 699 τι
845 651 1012 715 χρῆμα
1062 649 1137 697 καὶ
1188 645 1581 714 σφαλερώτατον,
1627 640 1681 692 τὸ

95 736 405 797 καθηγεῖσθαι
446 737 643 794 τολμᾶν,
684 733 737 781 οὐ
779 732 854 781 διὰ
898 733 981 793 τῆς
1026 730 1203 780 ἄνωθεν
1242 727 1539 795 χειροτονίας,
1579 724 1682 774 οὐδὲ

95 813 171 865 διὰ
215 818 298 878 τῆς
343 815 467 868 θείας
513 813 806 878 βουλήσεως,
854 811 966 862 ἀλλ’
1014 812 1070 880 ἐξ
1118 809 1414 876 ἀνθρωπίνης
1458 807 1681 859 ἀπονοίας

95 897 329 960 οἰομένους
382 896 452 947 ὅτι
503 895 799 962 περιάγονται
848 898 930 959 τῆς
983 897 1143 961 ἀρχῆς,
1189 892 1276 943 κᾶν
1321 893 1345 941 ὁ
1395 890 1567 953 ταύτης
1616 888 1680 952 μὴ
1700 897 1726 938 d

94 979 329 1043 βούληται
367 977 585 1046 χορηγός.
644 977 810 1028 ἑαυτὸν
848 983 1100 1042 τοιγαροῦν
1140 976 1287 1042 θύραν
1326 972 1579 1040 διαῤῥήδην
1613 976 1676 1022 εὶ-

30 1081 79 1107 10
95 1059 211 1123 πὼν,
252 1060 333 1112 ἅτε
372 1061 428 1125 δὴ
468 1063 543 1112 καὶ
581 1059 726 1124 μόνον
765 1059 1088 1125 εἱσκομίζοντα
1126 1055 1245 1124 πρὸς
1286 1057 1537 1122 ἡγεμονίαν
1576 1054 1683 1107 τοὺς

95 1143 478 1208 ἐπιτηδείους,τά
513 1147 607 1194 τῶν
639 1143 956 1210 ἀρχαιοτέρων
991 1139 1327 1208 ἐπιχειρήματα
1362 1139 1684 1204 παρατίθησιν

96 1224 244 1288 εὐθὺς,
282 1226 357 1276 ἵνα
397 1224 607 1292 καθάπερ
648 1227 695 1276 ἐν
736 1224 895 1276 πίνακι
936 1221 1386 1291 σκιαγραφουμένην
1425 1219 1684 1280 βλέποντες

96 1307 182 1372 τὴν
231 1312 293 1362 εἷς
343 1307 479 1362 τέλος
530 1314 613 1358 τοῦ
663 1307 944 1373 πράγματος
994 1303 1303 1374 διεξαγωγὴν,
1351 1303 1544 1366 μάθοιεν
1595 1303 1684 1366 ἤδη

96 1395 269 1460 σαφῶς
308 1393 370 1444 ὡς
408 1389 461 1441 τὸ
501 1390 734 1441 δύνασθαι
770 1394 955 1455 κρατεῖν
990 1390 1065 1439 καὶ
1105 1391 1420 1454 προηγεῖσθαι
1455 1386 1685 1448 ποιμνίων

30 1489 77 1528 15
97 1475 171 1524 καὶ
198 1477 344 1536 λαῶν,
372 1472 447 1523 διὰ
473 1471 619 1537 μόνης
645 1475 727 1536 τῆς
759 1472 938 1522 ἄνωθεν
965 1468 1164 1537 ὑπάρχει
1190 1467 1393 1536 χάριτος,
1421 1469 1496 1518 καὶ
1524 1468 1606 1517 οὐκ
1632 1466 1688 1535 ἐξ

97 1555 468 1623 ἐπιχειρημάτων
511 1559 815 1621 τυραννικῶν.
890 1553 1138 1621 χρησίμως
1189 1556 1440 1617 τοιγαροῦν
1484 1548 1726 1600 κάνθάδεο

98 1640 222 1706 φησὶ
259 1636 378 1703 πρὸς
418 1636 684 1702 ἀνάμνησιν
720 1635 1011 1701 ἀνακομίζων
1041 1633 1129 1698 τὴν
1159 1635 1207 1684 ἐν
1238 1639 1333 1687 τοῖς
1370 1629 1688 1700 ἀρχαιοτέροις

99 1719 170 1770 ὅτι
215 1720 374 1775 πάντες
426 1720 515 1772 ‘oo-ot
566 1717 686 1779 ἦλθον
735 1716 932 1770 κλέπται
981 1722 1060 1768 εἰσ-ἱ
1109 1720 1186 1768 καὶ
1241 1721 1404 1788 λῃσταὶ
1452 1717 1562 1764 ἀλλ’
1612 1717 1688 1764 οὐκ

99 1826 273 1862 ηκουσεν
318 1801 455 1853 αὐτων
499 1800 579 1852 τέι.
608 1802 839 1870 προβατσι.
910 1798 1265 1864 ὑποκρινάμενοι
1315 1795 1409 1862 γὰρ
1460 1794 1545 1860 τὴν
1595 1799 1690 1846 τῶν

31 1904 81 1930 20
100 1886 294 1949 ἀγαθῶν
344 1883 578 1947 ποιμένων
622 1882 910 1933 ἐπιστασίαν
953 1882 1204 1947 παρῆλθον
1250 1883 1312 1932 εἷς
1355 1901 1504 1941 μεσον
1546 1900 1685 1939 τινες,

98 1965 253 2029 ἐπειδη
289 1965 337 2016 δε
373 1988 456 2016 ουκ
490 1964 549 2029 ἦν
576 1966 731 2018 αυτοῖς
760 1966 784 2014 ὁ
810 1964 1042 2015 ὑποτιθεις
1069 1961 1123 2011 τὸ
1152 1960 1430 2028 ἡγούμενον,
1460 1982 1534 2010 και
1564 1960 1683 2009 ὑπα-

99 2047 250 2098 κούειν
275 2048 539 2099 ἀναπείθων
563 2045 626 2097 ῶν
652 2046 947 2112 ἡγεμονεύειν
973 2045 1129 2111 ἐχρῆν,
1156 2043 1508 2110 ἀπεσκίρτησεν
1534 2041 1561 2104 ἡ
1595 2045 1689 2092 τῶν

99 2128 357 2196 προβάτων
382 2129 583 2194 πληθύς.

173 2212 528 2277 ’Υποτοπητεόν
554 2209 601 2262 δὲ
638 2211 853 2273 οὐδαμῶς
889 2208 964 2260 διὰ
999 2209 1054 2260 τό
1093 2208 1264 2263 Πάντες
1301 2211 1459 2270 εἰπεῖν,
1486 2208 1685 2273 ἀκυροῦ-

33 2310 81 2348 25
100 2296 216 2343 σθαι
252 2293 383 2360 παρὰ
426 2300 508 2345 τοῦ
549 2296 770 2359 Σωτῆρος
815 2293 947 2357 ἡμῶν
983 2295 1202 2357 Χριστοῦ
1243 2294 1338 2341 τῶν
1377 2289 1524 2355 ἁγίων
1563 2312 1683 2355 προ-

102 2379 267 2443 φητῶν
307 2375 393 2440 τὴν
434 2374 732 2439 ἀποστολήν·
793 2376 846 2425 οὑ
890 2373 984 2441 γὰρ
1028 2374 1126 2424 κατ’
1168 2374 1366 2434 ἐκείνων,
1406 2370 1538 2422 ἀλλὰ
1579 2372 1729 2422 καθ’ίι
1769 2380 1910 2416 641Α·

101 2456 269 2524 ἑτέρων
308 2459 333 2508 ὁ
379 2457 542 2524 λόγος.
612 2457 768 2521 ἐπειδὴ
807 2455 902 2523 γὰρ
939 2457 1050 2523 περί
1084 2479 1133 2507 τε
1172 2455 1575 2523 ψευδοποιμένων,
1614 2456 1690 2505 καὶ

101 2543 196 2590 τῶν
221 2538 493 2607 ἀλλαχόθεν
520 2538 872 2600 ἀναβαινόντων
906 2542 968 2591 εἷς
1003 2537 1090 2602 τὴν
1125 2536 1276 2600 αὐλὴν
1308 2541 1402 2587 τῶν
1433 2534 1690 2602 προβάτων

101 2622 346 2687 προῦκειτο
385 2621 553 2687 λέγειν,
585 2622 849 2686 ἀναγκαίως
886 2619 976 2684 ἤδη
1014 2617 1449 2685 προσημανθέντων
1483 2618 1690 2682 ἐναργῶς

154 2803 184 2826 1.
210 2790 305 2836 ὅσοι]
329 2795 366 2832 —†-
387 2791 453 2835 πρὸ
472 2790 554 2834 ἐμοῦ
571 2789 666 2823 Aub.
731 2790 881 2832 ἤκουσαν
897 2786 1002 2821 habet
1022 2786 1064 2820 Β.
1185 2785 1218 2820 6.
1245 2786 1375 2829 τολμᾶν
1393 2784 1434 2818 Β.
1439 2795 1469 2818 a.
1490 2783 1567 2818 Cat.
1586 2783 1687 2818 Harl.

103 2840 201 2883 τιμᾶν
220 2839 340 2873 Holst.
358 2837 426 2872 Ed.
538 2848 571 2882 9.
599 2834 720 2881 θύραν]
744 2839 781 2876 -Ι-
802 2837 885 2869 εἰναι
902 2846 919 2868 e
939 2833 1016 2868 Cat.
1035 2838 1074 2867 ut
1090 2832 1162 2867 vid.
1181 2832 1277 2866 Aub.
1296 2837 1329 2866 et
1346 2832 1394 2866 ita
1411 2843 1441 2866 a.
1557 2831 1610 2865 18.
1637 2830 1689 2865 ὅτι

104 2892 327 2930 assumptum
346 2896 387 2918 ex
405 2896 436 2919 a.
775 2893 829 2927 19.
854 2883 998 2925 ἤκουσεν
1018 2880 1058 2914 Β.
1078 2882 1227 2924 η’κουσαν
1244 2878 1441 2914 emendavit
1461 2877 1524 2912 Ht.
1544 2884 1577 2912 et
1594 2879 1640 2912 ita
1658 2889 1688 2911 a.

108 2942 162 2976 29.
188 2930 390 2977 ἀναγκαίως]
414 2935 450 2973 -ἐ-
472 2931 516 2966 ὣς
533 2942 563 2965 a.
