2037 3266
288 140 373 180 350
682 142 731 184 B.
766 142 1041 184 CYRILLI
1082 143 1468 186 ALEXANDR.
1618 143 1704 185 xiii.
1728 156 1792 194 10,
1815 118 1878 184 11'.

224 326 271 350 10
291 312 410 360 ΛέΓει
447 315 566 369 αὐτῷ
598 315 621 359 ὁ
648 315 816 357 ἸΗσοῡς
840 316 895 358 ‘O
927 318 1187 365 λελουμένος
1225 319 1272 358 οὐ
1312 317 1455 374 χρείαν
1486 317 1585 373 ἔχει,
1612 315 1647 358 εἰ
1684 317 1740 365 μὴ
1779 316 1880 358 τοὺς

360 397 498 439 Πὸὃας
536 398 752 451 νίψασθαι,
789 401 880 440 ἀλλ’
918 400 1009 442 ἔστι
1047 400 1234 457 καθαρὸς
1270 401 1384 443 ὅλος·
1436 400 1505 440 καὶ
1542 397 1662 448 ὑμεῖς
1699 398 1880 455 καθαροί

226 491 268 516 11
359 480 471 533 ἐστε,
513 481 602 521 ἀλλ’
653 482 742 537 οὐχὶ
791 484 961 524 Πάντες·
1019 482 1113 541 ᾔδει
1157 483 1234 540 Γὰρ
1276 483 1349 525 τὸν
1395 483 1690 540 Παραὸιὸόντα
1734 482 1878 524 αὐτόν·

359 562 428 605 διὰ
467 568 594 606 τοῦτο
632 561 750 606 εἶπεν
788 566 855 607 ὅτι
891 566 982 621 οὐχὶ
1019 567 1178 608 Πάντες
1218 566 1397 623 καθαροί
1434 567 1546 613 ἐστε,

365 694 566 761 Δέχεται
591 693 675 758 μὲν
700 697 750 746 ἐκ
779 700 875 747 τῶν
900 698 1005 748 καθ’
1036 697 1156 761 ἡμᾶς
1190 695 1284 748 ἀπὸ
1320 703 1475 748 κοινοῦ
1509 697 1791 764 πράγματος
1824 694 1877 747 τὸ
1899 712 1921 751 5

251 776 607 842 επαράδειγμα,
656 777 936 845 εὐαφόρμως
986 802 1035 830 τε
1086 777 1358 845 διαπράττει
1415 783 1482 848 τῷ
1533 779 1744 846 προδότῃ
1795 777 1879 829 τὸν

290 856 505 926 ἐ’λεγχον,
532 860 922 924 μεταβούλεσθαί
953 884 1003 912 τε
1042 860 1283 912 διδάσκων
1322 863 1399 912 καὶ
1439 861 1777 925 μετατίθεσθαι
1815 865 1879 914 εὶς

290 940 388 1008 ἕξιν
422 940 509 1006 τὴν
543 941 715 1005 ἀμείνω
753 941 838 993 τὸν
875 942 1141 1009 ἄνθρωπον.
1196 947 1234 994 εἰ
1271 942 1365 1009 γὰρ
1403 945 1479 994 καὶ
1518 945 1649 995 οὔπω
1688 946 1878 1008 γυμνῶς

287 1026 371 1087 τῆς
419 1023 617 1088 ἐνούσης
662 1025 787 1093 αὐτῷ
835 1025 1128 1086 δυσβουλίας
1170 1025 1426 1092 ἀπελέγχει
1471 1024 1531 1076 τὰ
1575 1023 1873 1091 ἐγκλήματα,

287 1106 397 1155 ἀλλ’
435 1106 517 1156 οῦν
555 1128 610 1170 γε
655 1108 865 1172 δριμεῖαν
903 1107 928 1156 ὁ
970 1105 1118 1172 λόγος
1159 1107 1251 1174 ἔχει
1291 1106 1378 1171 τὴν
1416 1107 1644 1175 ἔμφασιν.
1717 1107 1771 1157 δι’
1813 1103 1878 1155 ὧν
1901 1124 1949 1149 10

285 1185 380 1252 γὰρ
418 1192 514 1241 τοῖς
552 1186 723 1242 ἄλλοις
764 1187 850 1252 τὴν
888 1192 950 1242 εἷς
992 1188 1261 1255 ὁλόκληρον
1299 1188 1601 1255 καθαρότητα
1638 1191 1877 1254 μαρτυρεῖ,

287 1270 499 1321 ὕποπτον
529 1268 749 1334 δηλονότι
783 1269 866 1322 τὸν
898 1270 964 1336 μὴ
999 1276 1212 1322 τοιοῦτον
1241 1271 1511 1336 καθίστησι,
1542 1272 1617 1322 καὶ
1655 1277 1871 1334 μεμολυ-

287 1351 464 1414 σμένον
495 1351 800 1403 ἀποδεικνύει.
858 1358 956 1406 τοῖς
993 1352 1079 1417 μὲν
1112 1352 1206 1419 γὰρ
1244 1353 1413 1419 ἑτέροις
1449 1354 1592 1404 αὐτοῦ
1625 1357 1874 1417 μαθηταῖς,

66 1450 149 1485 725
164 1449 218 1487 A.
248 1459 269 1483 a
287 1435 362 1484 καὶ
389 1433 442 1484 τὸ
469 1437 551 1498 τῆς
583 1433 950 1501 ἀπερισπάστου
984 1436 1295 1501 προσεδρείας
1328 1435 1561 1502 καύχημα,
1586 1439 1662 1485 καὶ
1685 1435 1769 1486 τὸν
1794 1438 1877 1499 τῆς

287 1516 653 1581 ἀκολουθησεως
702 1517 864 1578 πόνον,
909 1518 986 1567 καὶ
1036 1516 1091 1567 τὸ
1141 1516 1341 1578 βέβαιον
1384 1518 1432 1567 ἐν
1474 1518 1650 1579 πίστει,
1694 1519 1771 1568 καὶ
1821 1515 1876 1568 τὸ
1899 1540 1947 1578 15

286 1601 466 1665 πλῆρες
504 1600 553 1649 ἐν
589 1597 752 1667 ἀγάπῃ
791 1603 849 1667 τῇ
887 1601 994 1666 περὶ
1032 1599 1263 1666 Χριστὸν,
1291 1598 1377 1663 τὴν
1412 1599 1713 1665 καθαρότητα
1751 1623 1871 1666 προ·

287 1681 425 1750 ξενεῖ·
475 1685 541 1750 τῷ
577 1679 725 1747 γεμὴν
758 1681 913 1751 ἑτέρῳ,
949 1683 1026 1732 καὶ
1064 1680 1179 1731 αὐτὸ
1218 1683 1300 1744 τῆς
1339 1681 1595 1745 ἀπλήστου
1633 1686 1874 1751 φιλοχρη-

287 1764 456 1826 ματίας
493 1762 548 1814 τὸ
587 1763 816 1829 ἔγκλημα,
854 1765 929 1814 καὶ
969 1761 1023 1814 τὸ
1063 1762 1260 1816 ἀσθενὲς
1297 1767 1361 1817 εἰς
1399 1763 1611 1814 διάθεσιν
1647 1763 1734 1828 τὴν
1770 1765 1878 1830 περὶ

286 1844 370 1896 τὸν
414 1844 591 1911 Κύριον
643 1846 775 1909 ἡμῶν
813 1845 1005 1909 Ἰησοῦν
1048 1844 1131 1895 τὸν
1174 1844 1406 1911 Χριστὸν,
1451 1844 1538 1909 τὴν
1581 1845 1877 1897 ἀνέκπλυτον

286 1930 458 1991 κηλῖδα
495 1928 853 1993 προστρίβεται,
893 1928 969 1978 καὶ
1007 1929 1091 1991 τῆς
1131 1928 1425 1994 ἀσυγκρίτου
1463 1928 1757 1989 δυσβουλίας
1794 1926 1876 1979 τὸν
1896 1950 1949 1978 20

285 2008 543 2072 μολυσμὸν
575 2011 769 2073 ἐμποιεῖ.
823 2008 938 2060 ὅταν
976 2009 1135 2060 τοίνυν
1173 2009 1293 2077 λε’γῃ
1333 2009 1548 2076 Χριστός
1576 2008 1712 2074 ”Ηδη
1753 2013 1876 2077 ὑμεῖς

240 2099 266 2141 b
290 2090 471 2159 καθαροί
508 2093 619 2153 ἐστε,
646 2094 757 2142 ἀλλ’
788 2095 884 2154 οὐχὶ
925 2090 1103 2154 πάντες,
1131 2092 1447 2157 κεκρυμμένον
1481 2091 1567 2155 μέν
1602 2093 1718 2154 ἐστι,
1745 2090 1876 2155 πλὴν

286 2175 511 2242 ἐπωφελῆ
549 2177 614 2241 τῷ
649 2171 858 2240 προδότῃ
892 2177 1092 2224 ποιεῖται
1118 2171 1201 2223 τὸν
1228 2172 1443 2240 ἐ’λεγχον.
1497 2177 1535 2224 εἰ
1571 2173 1665 2239 γὰρ
1699 2175 1776 2223 καὶ
1809 2172 1875 2237 μὴ

286 2254 378 2322 ἔφη
416 2259 602 2322 σαφῶς,
630 2253 843 2320 καθάπερ
881 2254 1051 2319 ἀρτίως
1089 2253 1349 2320 εἰρήκαμεν,
1375 2256 1485 2305 ἀλλ’
1513 2254 1570 2318 ἦν
1603 2257 1651 2305 ἐν
1688 2253 1874 2323 ἑκάστῳ

287 2334 473 2400 δικάζον
500 2334 555 2386 τὸ
581 2335 810 2398 συνειδὸς,
836 2338 912 2386 καὶ
939 2339 1209 2386 διακεντοῦν
1235 2335 1318 2386 τὸν
1343 2334 1661 2402 ἡμαρτηκότα,
1688 2338 1764 2386 καὶ
1789 2334 1874 2399 τὴν
1896 2355 1945 2394 25

286 2421 382 2466 τῶν
407 2416 657 2483 εἰρημένων
684 2417 881 2482 δύναμιν
905 2416 1118 2484 καθάπερ
1153 2417 1210 2486 ἐξ
1241 2417 1449 2484 ἀνάγκης
1485 2423 1663 2469 καλοῦν
1688 2419 1762 2469 ἐπὶ
1792 2417 1875 2469 τὸν

287 2499 515 2549 ὑπαίτιον.

359 2579 541 2632 Ἐννόει
577 2580 624 2632 δὲ
659 2581 786 2636 ὅπως
820 2582 1085 2646 οἰκονομίας
1123 2581 1248 2636 τινὸς
1285 2584 1361 2632 καὶ
1396 2586 1686 2649 θεοπρεποῦς
1711 2582 1870 2650 ἀνεξι-

285 2663 448 2716 κακίας
483 2662 537 2714 rb
574 2668 776 2729 πρᾶγμα
813 2663 1134 2731 πεπλήρωται·
1178 2668 1215 2715 εἱ
1253 2665 1346 2731 γὰρ
1385 2664 1476 2734 ε”φη
1515 2669 1703 2733 σαφῶς,
1738 2664 1806 2718 τίς
1845 2665 1871 2715 ὁ

337 2814 366 2836 1.
392 2803 481 2846 εἰμὴ
500 2803 542 2837 Ε.
561 2802 579 2846 ἢ
599 2802 666 2837 Ed.
817 2815 851 2848 3.
876 2804 1125 2847 παραδιδοῦντα
1144 2804 1186 2839 Ε.
1328 2816 1361 2846 4.
1387 2804 1508 2839 πάντες
1525 2809 1748 2849 assumptum
1766 2815 1807 2837 ex
1827 2803 1869 2839 E.

285 2848 319 2882 6.
345 2850 486 2893 προδότι
505 2849 586 2892 (sic)
605 2849 647 2884 Ε.
791 2858 822 2893 7.
839 2850 1117 2894 μεταβούλεσθαί
1135 2851 1176 2885 Ε.
1193 2849 1507 2896 μεταβουλεύεσθαι
1526 2850 1592 2884 Ed.
1740 2861 1792 2894 19.
1811 2851 1871 2884 τὸν

285 2896 343 2928 alt.
363 2907 432 2929 0111.
454 2896 493 2929 E.
566 2895 774 2930 ἀνέκπλυτον
793 2896 834 2930 Ε.
851 2897 1070 2932 ἀνέκλειπτον
1089 2897 1155 2933 Ed.
1430 2908 1485 2933 22.
1510 2898 1631 2932 πάντες
1650 2896 1691 2931 Ε.
1710 2896 1777 2932 Ed.
1794 2908 1868 2942 mg.

284 2942 416 2978 πάντως
435 2942 501 2976 Ed.
598 2941 691 2987 ἐστι]
713 2943 965 2988 Legendumne
981 2944 1055 2977 ἔτι.>
