2011 3266
80 252 128 284 Of.
148 253 222 285 Des.

79 307 150 337 cap.
167 308 198 328 x.

79 344 194 371 contra

78 383 200 415 Theod.

77 438 107 468 p.
128 436 189 468 234
201 438 230 459 a.

303 144 387 184 282
701 145 752 185 Β.
785 144 1063 187 CYRILLI
1105 145 1482 187 ALEXANDR.
1659 145 1714 186 xi.
1733 144 1801 200 36,
1819 153 1888 197 37.

303 252 518 320 ἑωρακὼς
557 253 639 305 τὸν
677 256 776 306 κατ’
818 256 938 306 ἰδίαν
983 255 1137 307 εἰκόνα
1181 256 1411 322 γεγονότα
1453 256 1704 322 ἄνθρωπον
1747 275 1883 304 κατε-

305 337 590 404 φθαρμένον,
616 337 691 387 ἵνα
716 337 770 388 τὸ
797 338 928 402 ἡμῶν
954 340 1229 406 περιστείλῃ
1257 337 1471 404 δάκρυον.
1530 336 1605 389 διὰ
1631 336 1723 403 γὰρ
1749 341 1888 387 τοῦτο

304 419 380 468 καὶ
407 419 651 481 ἀπέθανεν,
679 420 754 470 ἵνα
780 421 854 470 καὶ
882 420 1010 483 ἡμεῖς
1044 422 1404 486 ἀπαλλαγῶμεν
1429 420 1649 472 θανάτου.
1702 417 1888 484 δακρύει

303 499 352 551 δὲ
378 499 538 564 μόνον,
572 504 644 551 καὶ
673 500 805 554 εὐθὺς
831 501 982 569 ἐπέχει
1010 500 1063 553 τὸ
1091 502 1303 567 δάκρυον,
1330 503 1406 553 ἵνα
1431 500 1496 566 μὴ
1523 501 1640 570 δόξῃ
1666 524 1734 554 τις
1762 501 1888 564 ὠμὸς

301 584 376 633 καὶ
401 582 717 649 ἀπάνθρωπος
743 581 872 646 εἶναι,
897 585 973 634 καὶ
999 584 1121 647 ἡμᾶς
1151 587 1224 635 ε’πὶ
1255 590 1351 638 τοῖς
1383 585 1538 637 αὐτοῖς
1563 582 1795 634 παιδεύων
1820 583 1885 647 μὴ
1906 601 1929 639 5

300 666 373 716 ε’πῖ
412 664 539 716 πολὺ
576 665 830 717 ἐκλύεσθαι
866 668 940 717 ἐπὶ
973 672 1069 720 τοῖς
1098 666 1361 731 τεθνηκόσι.
1414 667 1468 717 τὸ
1503 666 1587 729 μὲν
1618 665 1728 731 γὰρ,
1762 688 1886 727 συμ-

299 748 493 801 παθείας
520 746 759 814 ἐχόμενον·
801 746 856 799 τὸ
885 747 933 799 δὲ
959 748 1228 814 γυναικικὸν
1253 751 1327 799 καὶ
1355 749 1598 814 ἄνανδρον.
1648 747 1723 798 διὰ
1748 753 1886 798 τοῦτο

253 834 280 875 b
301 830 382 879 οῦν
413 829 722 896 συνεχώρησε
760 833 818 898 τῇ
860 829 950 899 ἰδίᾳ
991 833 1135 897 σαρκὶ
1168 837 1375 882 κλαῦσαι
1413 832 1594 895 ὀλίγον,
1623 829 1785 895 καίπερ
1821 827 1886 879 ῶν

300 915 358 978 τῇ
393 911 538 979 φύσει
570 912 774 978 ἄδακρυς
810 917 885 963 καὶ
921 912 1112 976 ἀπάσης
1151 915 1444 966 ἀνεπίδεκτος
1483 912 1651 976 λύπης,
1679 911 1797 962 ὅσον
1823 915 1885 964 εἰς

299 994 420 1044 ἰδίαν
465 994 631 1061 φύσιν.
696 995 988 1062 θαυμάζουσι
1029 994 1076 1046 δὲ
1118 998 1194 1046 καὶ
1239 996 1368 1046 αὐτοὶ
1412 999 1454 1046 οἱ
1498 1000 1762 1057 μισοῦντες,
1802 998 1884 1044 τοῦ

302 1077 479 1142 Κυρίου
514 1075 569 1127 τὸ
605 1076 818 1143 δάκρυον.
869 1082 910 1128 οἱ
937 1077 1031 1144 γὰρ
1058 1082 1118 1132 εἱς
1145 1078 1290 1144 ἄκρον
1317 1082 1699 1147 φιλοσοφοῦντες
1733 1077 1809 1126 καὶ
1843 1079 1886 1127 οἱ

297 1160 345 1208 ἐν
385 1158 627 1226 ὑπολήψει
666 1163 869 1228 λαμπρᾷ
907 1161 1266 1227 δυσχερέστατα
1304 1159 1601 1226 δακρύουσιν,
1642 1161 1704 1212 ὡς
1744 1180 1886 1208 κατα-

297 1239 632 1302 νεανιευόμενοι
667 1241 828 1306 πάσης
862 1247 1135 1311 συμφορᾶς.
1190 1242 1396 1308 ἐνόμιζον
1424 1241 1470 1292 δὲ
1506 1246 1547 1292 οἱ
1573 1241 1787 1291 Ἰουδαῖοι
1815 1239 1885 1290 ὅτι

299 1322 375 1372 διὰ
417 1321 500 1373 τὸν
539 1323 743 1374 θοίνατον
781 1323 1008 1391 ἐδάκρυσε
1049 1325 1280 1391 Λαζάρου,
1319 1323 1457 1378 αὐτὸς
1503 1323 1551 1375 δὲ
1598 1328 1762 1374 πᾶσαν
1799 1323 1885 1387 τὴν

257 1405 598 1470 οάνθρωπίνην
636 1406 786 1473 φύσιν
823 1411 1057 1457 κατελεῶν
1094 1406 1362 1473 ἐδάκρυσεν,
1399 1407 1452 1457 οὐ
1490 1406 1635 1468 μόνον
1666 1405 1884 1471 Λάζαρον

299 1488 491 1549 κλαίων,
531 1486 662 1537 ἀλλὰ
706 1486 760 1538 τὸ
803 1493 926 1539 πᾶσι
968 1488 1274 1553 συμβεβηκὸς
1320 1491 1510 1550 ἐννοῶν,
1554 1488 1624 1539 ὅτι
1668 1492 1804 1539 πᾶσα
1855 1488 1883 1551 ἡ

299 1568 607 1635 ἀνθρωπότης
642 1570 835 1635 γε’γονεν
867 1569 956 1621 ὑπὸ
992 1570 1209 1633 θάνατον,
1238 1571 1422 1625 δικαίως
1456 1574 1522 1640 τῷ
1558 1568 1752 1638 τοιούτῳ
1786 1570 1882 1620 ε’πι,

297 1651 433 1720 τιμίῳ
474 1653 801 1702 ὑποπεσοῦσα.
869 1652 1013 1703 ἄλλοι
1053 1653 1101 1704 δὲ
1141 1653 1229 1705 ὑπὸ
1270 1659 1354 1704 τοῦ
1397 1652 1577 1721 φθόνου
1616 1652 1882 1717 τρωθέντες,

296 1734 429 1783 οὐδὲν
468 1732 636 1800 ἐ’λεγον
675 1732 869 1799 ἀγαθόν·
918 1736 971 1785 οὐ
1010 1734 1103 1801 γὰρ
1143 1735 1261 1787 κατὰ
1300 1735 1524 1800 ἀλήθειαν
1564 1736 1760 1803 ᾐτιῶντο
1798 1733 1881 1785 τὸν

297 1816 490 1882 Κύριον,
518 1818 580 1869 ὡς
608 1815 930 1883 ἐπιτρέψαντα
957 1818 1210 1868 ἀποθανεῖν
1236 1818 1319 1869 τὸν
1347 1817 1578 1884 Λάζαρον·
1620 1823 1759 1868 τοῦτο
1785 1816 1879 1883 γὰρ

293 1896 352 1962 ἦν
394 1896 720 1949 πιστευόντων
762 1898 832 1949 ὅτι
874 1899 1075 1963 ἠδύνατο
1116 1899 1198 1950 τὸν
1241 1899 1444 1952 θάνατον
1484 1903 1679 1964 στῆσαι·
1748 1899 1881 1950 ἀλλὰ

293 1982 546 2047 μονονουχὶ
582 1979 720 2031 τοῦτό
760 1985 913 2048 φασιν
940 1985 1044 2032 Ποῦ
1080 1982 1106 2046 ἦ
1144 1982 1282 2049 ἰσχύς
1317 2006 1408 2034 σου
1443 1980 1479 2032 ῶ
1514 1982 1875 2048 θαυματουργε’;

249 2067 277 2108 d
295 2060 396 2112 ἰδοὺ
422 2061 516 2128 γὰρ
543 2064 617 2113 καὶ
643 2061 710 2126 μὴ
735 2064 1030 2127 βουλομένου
1056 2087 1160 2125 σου,
1178 2064 1396 2127 τέθνηκεν
1423 2066 1447 2116 ὁ
1475 2063 1564 2116 ὑπὸ
1590 2070 1682 2115 σοῦ
1707 2062 1878 2132 φιλού-

294 2167 444 2207 μενος.
497 2144 567 2195 ὅτι
594 2143 687 2210 γὰρ
714 2144 916 2210 ἠγάπας,
942 2148 1090 2209 δῆλον
1115 2146 1172 2214 ἐξ
1194 2146 1248 2197 οὗ
1274 2146 1496 2214 δακρύεις.
1547 2151 1583 2197 εἰ
1609 2147 1690 2198 οὖν
1716 2145 1773 2211 ἧν
1798 2149 1881 2210 τῆς

294 2229 386 2289 σῆς
413 2226 579 2294 ἰσχύος
605 2225 659 2277 τὸ
690 2232 772 2276 τοῦ
807 2231 995 2294 τυφλοῦ
1031 2227 1182 2294 ἔργον,
1210 2228 1421 2292 ἠδύνασο
1455 2231 1531 2280 καὶ
1564 2227 1647 2280 τὸν
1676 2227 1880 2280 θάνατον

346 2414 374 2436 1.
402 2401 506 2449 ἰδίαν]
531 2406 566 2442 -4-
588 2403 691 2436 αὐτοῦ
709 2415 755 2436 m.
882 2414 913 2437 2.
940 2403 1009 2449 ἵνα]
1029 2405 1081 2438 καὶ
1100 2405 1233 2449 δακρύει
1251 2404 1303 2439 ἵνα
1321 2418 1367 2439 m.
1488 2419 1520 2449 4.
1546 2405 1615 2451 ἵνα]
1635 2405 1674 2441 ἵν’
1692 2407 1760 2449 ἅμα
1777 2421 1812 2440 τε
1830 2418 1878 2441 m.

293 2450 376 2493 δόξῃ
395 2464 444 2484 τις
462 2449 566 2494 ὠμὸς]
588 2450 676 2492 ὠμὸς
693 2450 775 2493 δόξῃ
794 2461 840 2484 m.
995 2461 1026 2493 5.
1053 2452 1277 2496 ἀπάνθρωπος
1294 2465 1340 2487 m.
1358 2452 1561 2497 ἀσυμπαθὴς
1578 2454 1661 2488 Nik.
1682 2453 1749 2488 Ed.
1768 2453 1880 2499 pergit

292 2512 375 2547 εἶναι
392 2514 458 2556 ἅμα
477 2513 512 2547 δέ
531 2514 583 2547 καὶ
602 2513 685 2557 ἡμᾶς
701 2505 832 2548 παιδεῦ’
847 2513 891 2557 μὴ
911 2513 963 2548 ἐπὶ
980 2516 1070 2549 πολυ
1087 2528 1134 2549 m.
1320 2516 1352 2551 6.
1378 2517 1556 2560 τεθνηκόσι
1574 2517 1609 2550 k.
1614 2529 1660 2551 m.
1681 2517 1757 2551 Cat.
1779 2517 1879 2552 Harl.

293 2560 359 2595 Ed.
378 2562 634 2603 τετελευτηκόσι
652 2573 682 2595 a.
746 2558 801 2605 τὸ]
821 2563 880 2594 τοῦ
899 2561 992 2596 Aub.
1105 2572 1136 2608 7.
1161 2564 1350 2608 γυναικικὸν
1367 2578 1419 2597 και
1439 2563 1601 2608 ιίνανδρον
1619 2570 1651 2597 et
1669 2564 1879 2608 συμπαθείας

291 2608 454 2652 ἐχόμενον
472 2608 562 2640 inter
580 2619 615 2640 se
633 2613 869 2652 transponunt
886 2619 916 2641 a.
920 2608 941 2641 k
947 2621 1004 2642 .Π].
1136 2610 1168 2644 8.
1195 2608 1270 2654 οὖν]
1289 2613 1371 2655 γοῦν
1388 2622 1435 2644 Π].
1568 2622 1602 2655 9.
1627 2625 1712 2645 οσον
1728 2611 1775 2646 εἷς
1792 2611 1879 2645 ἰδίαν

291 2653 453 2699 φύσιν]“
438 2669 481 2689 ως
500 2656 585 2689 Θεός
604 2666 649 2688 m.
758 2665 810 2688 10.
837 2653 912 2699 τοῦ]
933 2656 971 2689 τὸ
990 2655 1084 2689 Aub.
1103 2657 1162 2690 τὸν
1180 2655 1303 2700 Κύριον
1320 2656 1505 2701 δακρύοντα
1522 2669 1570 2692 m.
1679 2668 1732 2692 ΙΙ.
1756 2674 1775 2690 ιι
1762 2656 1874 2703 ”κρον]

291 2718 376 2762 ιίγαν
393 2729 441 2751 m.
554 2728 606 2750 12.
633 2711 927 2763 δυσχερεστατοιο
929 2712 1160 2762 υδακρυουσιν
1179 2719 1259 2763 (sic)
1281 2719 1356 2753 Cat.
1378 2719 1477 2753 Harl.
1588 2731 1641 2764 13.
1667 2721 1699 2753 οἱ
1717 2732 1786 2754 Om.
1805 2733 1835 2755 a.
1838 2722 1875 2757 k.

296 2764 347 2797 16.
374 2766 460 2797 πᾶσι
486 2764 553 2797 a..k
559 2776 605 2797 m.
631 2765 736 2797 πάλαι
756 2764 833 2798 Cat
862 2764 961 2799 Harl.
987 2765 1052 2799 Ed.
1080 2765 1123 2799 cf.
1148 2778 1253 2810 supra
1275 2766 1316 2821 §r
1302 2778 1342 2810 53
1361 2766 1395 2806 d,
1414 2766 1475 2800 ubi
1498 2767 1602 2800 πάλιν
1624 2778 1685 2811 pro
1707 2769 1813 2801 πᾶσιν
1833 2780 1875 2801 ex

292 2810 412 2843 eadem
438 2810 513 2844 Cat.
535 2810 634 2844 Hzmnl
653 2811 849 2845 emendavit
867 2812 962 2847 Aub.
1119 2821 1171 2855 17.
1198 2811 1337 2846 τοιούτω
1355 2825 1424 2847 0111.
1443 2825 1491 2847 m.
1652 2824 1703 2858 19.
1729 2813 1873 2869 ἀγαθόν]

292 2857 404 2900 pergit
422 2857 499 2890 ιὶλλ
518 2858 636 2901 ὥσπερ
655 2858 947 2902 ἐπικερτομοῦντες
964 2873 1144 2904 μονονουχι
1164 2859 1239 2903 (22)
1259 2872 1306 2893 m.
1431 2870 1486 2902 24.
1513 2857 1807 2903 ἠγάπα-δακρύει
1825 2873 1872 2895 m.

291 2902 385 2946 οὗ]
368 2909 412 2936 ὼν
429 2915 459 2937 a.
463 2904 496 2936 k.
502 2915 547 2936 m.
622 2908 661 2946 ἠν
678 2916 748 2938 om.
767 2916 796 2938 a.
802 2916 847 2938 tn.
867 2904 971 2939 habet
988 2905 1023 2938 k.
1239 2915 1294 2950 25.
1320 2904 1401 2950 σῆς]
1421 2906 1523 2940 αὐτοῦ
1541 2917 1587 2939 m.
1659 2907 1697 2940 τὸ
1716 2907 1799 2940 κατὰ
1816 2908 1875 2942 τὸν

292 2948 458 2993 τυφλὸν
442 2964 491 2992 ην,
510 2948 683 2993 ἠδύνατο
668 2966 708 2985 αν
725 2951 778 2985 καὶ
795 2950 854 2986 τὸν
870 2953 929 2986 τοῦ
946 2953 1054 2998 φίλου
1072 2953 1199 2997 στῆσαι
1216 2952 1390 2987 θάνατον
1374 2967 1418 2988 ως
1437 2952 1532 2997 (283,
1555 2952 1588 2997 1)
1608 2963 1654 2987 m.

1909 1016 1957 1042 10

1905 1425 1953 1464 15

1901 1840 1952 1865 20

1900 2245 1950 2284 25
