2011 3266
328 131 413 171 240
734 131 784 171 Β.
818 131 1094 171 CYRILLI
1137 131 1517 172 ALEXANDR.
1794 142 1833 167 X.
1857 136 1922 179 17.

331 238 479 307 φύσις
530 239 644 291 ὅταν
690 243 852 308 ἐνεργῇ
903 263 948 291 τι
999 245 1094 291 τῶν
1141 242 1264 295 ἰδίως
1316 241 1628 304 ἀνακειμένων
1673 239 1804 306 αὐτῇ,
1847 239 1924 288 καὶ

285 333 309 374 d
329 328 578 388 προσεῖναι
613 322 910 392 πεφυκότων,
939 322 1044 373 τότε
1073 322 1130 386 δὴ
1157 321 1375 385 μάλιστα
1400 326 1475 374 καὶ
1503 321 1619 386 αὐτὴ
1645 321 1754 387 παρ’
1783 322 1924 388 ἑαυτῇ

330 405 615 471 χαριεστέρα
656 405 886 474 φαίνεται,
926 405 1090 470 ὁρᾶται
1134 404 1181 455 δὲ
1220 406 1341 456 οὕτω
1388 409 1463 456 καὶ
1503 406 1613 470 παρ’
1656 405 1779 468 ἡμῖν.
1848 404 1924 453 καὶ

107 491 195 522 Prov
399 493 417 501 ⁶
495 488 504 501 ‘
664 489 674 504 '
850 489 862 504 ⁸
942 488 950 502 ³
1144 488 1154 503 ²
1441 492 1460 500 ⁶
1520 495 1546 517 ιε
1567 488 1575 502 ’
1671 485 1683 501 x
1750 486 1772 503 Ἰ
1900 483 1921 504 '³

199 517 205 523 ·
331 509 447 551 γουν
480 512 507 551 η
547 492 701 555 σοφια
741 493 894 555 φησιν
928 510 976 537 εν
1009 492 1188 557 βιβλιερ
1227 510 1492 553 παροιμιων
1584 491 1698 552 Εγω
1737 509 1861 550 ημην
1893 509 1922 553 ῃ

105 535 171 566 viii.
191 543 242 575 30,

107 588 158 618 31·
330 576 357 598 “
383 570 685 638 προσέχαιρε,
733 571 840 620 καθ’
890 569 1068 636 ἡμέραν
1112 570 1160 620 δὲ
1213 569 1542 639 ηὐφραινόμην
1585 571 1632 620 ἐν
1676 568 1963 637 προσώπῳ5

329 659 355 680 “
384 653 527 703 αὐτοῦ
578 654 626 703 ἐν
671 655 813 703 παντὶ
865 656 1024 720 καιρῷ,
1071 651 1146 703 ὅτε
1190 653 1474 720 ηὐφραίνετο
1520 651 1606 716 τὴν
1652 650 1924 714 οἰκουμένην

329 741 355 763 “
383 735 692 797 συντελέσας,
721 736 795 784 καὶ
832 735 1168 803 ε’νηυφραίνετο
1202 737 1250 785 ἐν
1278 737 1389 789 υἱοῖς
1424 734 1733 801 ἀνθρώπων.”
1775 734 1923 783 καίτοι

328 816 382 867 τὸ
409 822 569 884 χαρεῖν
589 819 655 867 ἀεὶ
683 816 920 881 πρόσεστι
948 821 1014 886 τῷ
1041 820 1163 886 Θεῷ,
1185 819 1258 867 καὶ
1287 817 1341 867 τὸ
1369 817 1680 880 ἀτελεύτητον
1704 818 1752 866 ἐν
1774 820 1923 880 θυμη-

330 899 464 952 δίαις·
509 899 562 950 τὸ
604 898 696 965 γὰρ
735 905 916 950 λυποῦν
952 899 1077 952 ὅλως
1113 899 1245 950 οὐδὲν
1278 899 1360 950 τὸν
1387 900 1609 951 ἁπάντων
1635 899 1803 965 ἔχοντα
1838 895 1925 961 τὴν

329 981 567 1048 ἐξουσίαν,
604 980 735 1031 ἀλλὰ
774 982 1062 1049 προσέχαιρε
1100 986 1156 1049 τῇ
1194 982 1285 1050 ἰδίᾳ
1322 983 1475 1051 σοφία
1511 982 1804 1034 συντελέσας
1839 978 1924 1044 τὴν

291 1063 622 1128 Θοῖκουμένην.
696 1067 757 1118 εἷς
811 1063 950 1130 ε”ργον
995 1063 1089 1130 γὰρ
1140 1066 1412 1131 ἐνεχθεῖσαν
1458 1066 1581 1130 ὁρῶν
1625 1067 1707 1128 τῆς
1760 1066 1926 1114 ἑαυτοῦ

331 1147 510 1213 σοφίας
548 1146 634 1209 τὴν
673 1147 919 1212 ἐνέργειαν,
960 1145 1065 1197 τότε
1105 1145 1161 1209 δὴ
1201 1145 1417 1209 μάλιστα
1456 1148 1634 1214 χαίρειν
1673 1144 1789 1215 ᾤετο
1831 1147 1926 1196 δεῖν

106 1232 269 1307 5¹5}ng-
331 1230 705 1294 πλουσιώτερον.
760 1230 880 1279 οὕτω
920 1234 1171 1295 τοιγαροῦν
1206 1228 1408 1280 κάνθάδε
1444 1229 1707 1292 νοήσωμεν.
1762 1227 1925 1294 ἀγάπη

332 1309 426 1376 γὰρ
455 1311 680 1378 ὑπάρχων
708 1312 732 1361 ὁ
762 1310 883 1364 Θεὸς
914 1314 988 1362 καὶ
1019 1309 1203 1377 Πατὴρ,
1232 1310 1351 1361 κατὰ
1376 1311 1460 1376 τὴν
1485 1311 1707 1362 Ἰωάννου
1737 1309 1922 1378 φωνὴν,

331 1395 407 1444 καὶ
440 1395 522 1444 οὐκ
556 1393 735 1459 ἀγαθὸς
772 1395 952 1456 ἁπλῶς,
981 1393 1094 1444 αὐτὸ
1131 1393 1178 1445 δὲ
1213 1399 1404 1457 μᾶλλον
1429 1392 1482 1444 τὸ
1517 1391 1714 1458 ἀγαθὸν,
1739 1394 1926 1459 ἐπείπερ

331 1473 419 1526 εἶδε
462 1475 544 1526 τὸν
583 1476 699 1527 ἰ’διον
738 1476 857 1527 Υὶὸν
898 1475 1013 1542 ὑπὲρ
1056 1477 1187 1540 ἡμῶν
1226 1476 1413 1527 τιθέντα
1458 1475 1532 1527 διὰ
1575 1479 1657 1539 τῆς
1702 1479 1763 1528 εἷς
1806 1475 1924 1539 ἡμᾶς

330 1557 520 1623 ἀγάπης
565 1563 640 1609 καὶ
686 1559 978 1624 ἀσυγκρίτου
1023 1559 1351 1626 χρηστότητος
1398 1562 1480 1621 τῆς
1525 1560 1690 1609 ἑαυτοῦ
1735 1558 1926 1626 φύσεως

329 1642 536 1706 ἀκριβεῖς
577 1642 890 1708 ἀποσώζοντα
929 1640 1037 1694 τοὺς
1075 1645 1389 1708 χαρακτῆρας,
1427 1641 1677 1706 ἠγάπησεν
1716 1638 1921 1702 εἰκότως,

108 1743 196 1776 659
212 1741 264 1775 A.
293 1751 313 1775 a
331 1725 384 1774 οὑ
410 1723 587 1787 μισθὸν
614 1724 777 1790 ὥσπερ
812 1723 917 1774 τινὰ
953 1728 1048 1774 τῶν
1076 1728 1138 1778 εὶς
1174 1725 1293 1787 ἡμᾶς
1328 1722 1595 1790 γεγονότων
1623 1723 1707 1787 τὴν
1735 1722 1926 1787 ἀγάπην

331 1807 456 1876 αὐτῷ
498 1806 804 1872 δωρούμενος,
845 1807 974 1868 ἀλλ’,
1015 1804 1179 1872 ὥσπερ
1219 1805 1479 1872 εἰρήκαμεν,
1520 1809 1601 1870 τῆς
1641 1806 1806 1858 οὐσίας
1844 1807 1925 1868 τῆς

331 1890 498 1940 ἑαυτοῦ
530 1888 584 1939 τὸ
618 1887 819 1954 γνήσιον
845 1891 893 1939 ἐν
919 1893 1021 1958 Υἱῴ
1058 1893 1262 1955 θεωρῶν,
1291 1891 1363 1939 καὶ
1393 1888 1584 1956 φύσεως
1611 1887 1774 1953 ὥσπερ
1799 1887 1926 1937 τισὶν

332 1972 601 2037 ἀναγκαίοις
641 1995 687 2022 τε
730 1974 805 2022 καὶ
845 1971 1181 2037 ἀπαραιτήτοις
1222 1973 1381 2025 ὁλκοῖς
1420 1971 1538 2037 πρὸς
1576 1977 1715 2021 τοῦτο
1754 1968 1926 2020 καλού-

332 2077 486 2117 μενος.
543 2052 706 2119 ὥσπερ
742 2055 823 2104 οὖν
859 2053 901 2104 εἴ
935 2077 1004 2107 τις
1041 2056 1117 2103 καὶ
1157 2058 1251 2104 τῶν
1279 2055 1386 2103 καθ’
1416 2053 1535 2116 ἡμᾶς
1571 2055 1618 2103 ἐν
1645 2053 1745 2120 ἰδίῳ
1780 2051 1925 2120 τέκνω

333 2135 478 2203 τυχὸν
504 2139 586 2200 τῆς
623 2137 790 2190 οἰκείας
825 2139 1015 2204 μορφῆς
1048 2138 1220 2202 ἀκριβῆ
1257 2135 1339 2185 τὸν
1368 2138 1643 2203 χαρακτῆρα
1681 2133 1921 2185 καταθεώ-

290 2229 317 2270 b
335 2241 485 2281 μενος,
518 2217 695 2282 αἴρεται
730 2218 849 2284 πρὸς
886 2217 1103 2269 ἐπίτασιν
1139 2215 1326 2282 ἀγάπης
1365 2217 1439 2268 ὅτε
1479 2217 1696 2280 μάλιστα
1735 2216 1920 2277 βλέπει·

336 2300 456 2350 κατὰ
490 2306 657 2351 τοῦτον
684 2297 812 2362 οἶμαι
845 2298 928 2350 τὸν
955 2298 1132 2365 τρόπον
1159 2301 1182 2349 ὁ
1210 2298 1331 2353 Θεὸς
1368 2301 1443 2349 καὶ
1473 2299 1642 2364 Πατὴρ
1675 2300 1925 2364 ἀγαπῆσαι

335 2381 522 2445 λέγεται
560 2381 642 2432 τὸν
679 2382 795 2433 ἰ’διον
822 2381 939 2432 Υἱὸν
978 2381 1092 2447 ὑπὲρ
1132 2381 1262 2444 ἡμῶν
1302 2380 1474 2432 τιθέντα
1512 2379 1580 2441 τὴν
1619 2383 1740 2432 ἰδίαν
1770 2378 1926 2449 ψυχὴν

335 2466 409 2515 καὶ
455 2465 586 2518 αὖθις
627 2463 952 2528 λαμβάνοντα.
1017 2463 1205 2529 ἀγάπης
1245 2462 1336 2529 γὰρ
1375 2463 1514 2529 ἔργον
1551 2462 1606 2514 τὸ
1645 2466 1721 2514 καὶ
1759 2467 1926 2515 παθεῖν

407 2603 415 2610 .
441 2576 547 2610 καίτοι
568 2578 606 2611 τὸ
632 2577 674 2611 Β.
693 2577 746 2611 καὶ
768 2578 806 2611 τὸ
829 2578 867 2610 τὸ
889 2576 1021 2619 Holst.‚
1040 2575 1134 2609 unde
1156 2576 1209 2609 καὶ
1232 2577 1270 2610 τὸ
1288 2575 1382 2610 Aub.
1462 2575 1587 2609 Statim
1613 2577 1731 2621 χαρεῖν
1753 2575 1858 2609 habet
1882 2574 1924 2609 B.

333 2638 465 2668 χαιρειν
483 2623 646 2658 emendat
666 2624 800 2667 Migne,
820 2623 880 2657 sed
900 2623 987 2657 forte
1007 2635 1069 2668 pro
1087 2625 1230 2667 χαρῆναι
1250 2629 1313 2657 est.
1370 2623 1511 2656 Desunt
1529 2622 1612 2657 haec
1632 2623 1667 2656 in
1687 2634 1716 2656 a.
1829 2622 1862 2655 8.
1889 2621 1925 2654 ἐν

335 2671 511 2714 θυμηδίαις
530 2670 571 2704 Β.
591 2671 805 2714 εὐθυμηδίαις
826 2671 889 2704 Ht.
908 2670 1002 2704 unde
1020 2670 1220 2713 εὐθυμηδίας
1240 2669 1333 2703 Aub.
1430 2682 1463 2714 9.
1489 2669 1570 2704 ὅλος
1591 2669 1632 2703 Β.
1684 2668 1809 2703 Statim
1828 2667 1925 2702 οὐδὲν

334 2718 394 2752 τὸν
415 2718 562 2751 απίὶντον
585 2718 683 2752 οὐδέν
702 2718 743 2752 Β.
761 2721 828 2752 τῶν
850 2717 1007 2752 ἁπάντων
1029 2717 1126 2750 οὐδὲν
1144 2716 1211 2750 Ed.
1231 2717 1328 2750 οὐδέν
1351 2717 1408 2750 τὸν
1431 2716 1587 2750 ἁπάντων
1605 2715 1767 2749 2mendat
1795 2715 1922 2760 Heyse.

340 2775 392 2808 13.
419 2763 586 2808 νοήσωμεν
603 2776 633 2798 a.
767 2765 819 2798 16.
846 2763 913 2798 εἶδε
931 2776 960 2798 a.
983 2762 1070 2809 [ἴδεν
1088 2763 1184 2808 prius
1204 2763 1372 2808 scriptum
1391 2761 1439 2808 c.]
1461 2775 1490 2797 c.
1509 2760 1579 2797 οἶδε
1598 2775 1615 2797 e
1634 2762 1711 2796 Cat.
1734 2763 1832 2796 Harl.
1851 2761 1922 2795 edi-

337 2810 430 2844 disse
449 2810 592 2845 adnotat
603 2811 698 2845 Aah.
713 2823 824 2857 quum
842 2810 1072 2856 apographon
1092 2821 1197 2844 suum
1217 2810 1300 2844 ἰδεῖν
1311 2809 1483 2844 exhibeat.
1497 2808 1548 2843 ἰ’δε
1564 2809 1671 2843 Cord.
1730 2809 1814 2853 ὑπὲρ
1832 2808 1924 2852 ἡμῶν

335 2857 469 2891 τιθέντα
487 2857 583 2892 deest
601 2858 635 2891 in
652 2858 806 2892 Catenis.
907 2868 959 2902 17.
987 2859 1107 2891 ἑαυτοῦ
1129 2857 1232 2890 B.a.c.
1254 2856 1360 2890 Cord.
1379 2857 1481 2890 αὐτοῦ
1502 2856 1564 2890 Ht.
1584 2855 1650 2890 Ed.
1736 2866 1791 2889 21.
1817 2856 1922 2900 ἑαυτῷ

336 2915 366 2936 c.
388 2903 494 2937 cord.
620 2916 674 2949 23-
701 2905 754 2938 καὶ
773 2910 997 2949 assumptum
1016 2916 1057 2937 ex
1076 2915 1105 2937 a.
1126 2903 1203 2937 Cat.
1225 2903 1324 2937 Ilarl.
1343 2903 1493 2947 (meipso
1511 2903 1624 2946 teste).
1741 2913 1797 2945 24-
1823 2915 1922 2936 κατα-

335 2949 500 2993 θεώμενος
517 2962 534 2984 e
553 2950 630 2985 Cat.
654 2951 752 2986 Harl.
771 2951 969 2985 emendavit
987 2950 1082 2985 Aub.
1100 2949 1322 2995 καταθέμενος
1341 2949 1383 2984 Β.
1406 2949 1467 2983 Ht.

1947 996 1996 1022 10

1947 1408 1992 1448 15

1946 1823 1993 1849 20
