2001 3231
66 286 229 323 Es.vi.1‚2.

289 96 343 134 14
691 98 739 138 B.
775 97 1051 140 CYRILLI
1092 99 1475 142 ALEXANDR.
1707 99 1794 141 viii.
1812 111 1878 154 23.

289 209 317 232 ‘⁶
344 205 532 269 στηκὼς
567 206 764 259 ἐνώπιον
796 214 880 259 τοῦ
918 212 1059 271 Θεοῦ,
1084 210 1162 260 καὶ
1195 209 1477 274 ἀπεστάλην
1511 211 1727 273 λαλῆσαι
1762 206 1882 274 πρὸς

291 292 318 315 “
344 287 408 337 σέ
417 288 454 314 ·”
496 287 707 340 εΗσαίου
746 289 794 340 δὲ
832 288 983 341 πάλιν
1020 290 1090 341 ὅτι
1123 297 1150 321 “
1172 288 1315 342 Εἶδον
1350 289 1433 342 τὸν
1462 290 1638 358 Κύριον
1673 290 1881 351 σαβαὼθ

67 377 154 411 505
169 376 219 410 A·
252 375 318 410 {2⁶⁶
344 368 606 434 καθήμενον
635 372 709 422 ἐπὶ
749 372 920 438 θρόνου
961 373 1156 441 ὑψηλοῦ
1194 374 1271 423 καὶ
1309 373 1585 439 ἐπηρμένου,
1620 377 1696 422 καὶ
1733 375 1881 436 Σερα-

66 855 162 886 Infra
172 855 228 886 xii.

67 908 119 938 41.

68 1281 156 1312 Heb.
167 1280 187 1312 i.
200 1288 230 1321 5.

70 1608 123 1640 Ib.
139 1615 187 1647 13.

290 457 317 479 ‘⁶
343 454 459 519 φεὶμ
496 451 797 516 εὶστήκεισαν
835 453 995 523 κύκλῳ
1035 455 1226 506 αὑτοῦ.”
1280 456 1356 505 καὶ
1396 455 1450 505 τό
1490 476 1543 520 γε
1581 453 1876 522 παράδοξον,

287 531 370 583 τὸν
395 533 513 584 Υὶὸν
539 536 563 585 ὁ
595 534 845 603 προφήτης
880 539 1145 598 κατεθεᾶτο,
1173 538 1249 586 καὶ
1281 536 1459 601 Κύριον
1486 535 1627 586 αὐτὸν
1653 534 1879 586 ἀπεκάλει

288 614 506 678 σαβαὼθ,
534 618 609 666 καὶ
643 617 691 666 ἐν
725 617 967 677 βασιλέως
1005 616 1138 685 τάξει
1176 618 1586 686 δορυφορούμενον
1616 616 1747 682 παρὰ
1784 621 1880 667 τῶν

288 695 511 748 ἀνωτάτω
555 697 795 761 δυνάμεων
833 698 1055 768 εἰσφέρει.
1112 698 1183 749 ὅτι
1231 698 1279 750 δὲ
1323 698 1410 763 τὴν
1448 705 1531 750 τοῦ
1572 703 1880 764 Μονογενοῦς

289 778 434 847 δόξαν
461 783 710 830 κατεθεᾶτο
745 784 932 848 σαφῶς,
958 779 1250 847 μαρτυρήσει
1285 779 1441 846 λέγων
1468 782 1492 831 ὃ
1528 779 1684 849 σοφὸς
1710 779 1875 831 Ἰωάν-

291 884 371 924 νης
412 868 438 890 “
466 865 629 912 Ταῦτα
671 861 718 912 δὲ
757 860 883 913 εἶπεν
916 861 1127 915 “Ησαἰ”ας
1172 862 1243 913 ὅτι
1282 860 1370 914 εἶδε
1409 862 1495 927 τὴν
1535 861 1681 931 δόξαν
1716 863 1877 913 αὑτοῦ·

290 950 317 971 “
343 944 419 993 καὶ
459 943 672 1008 ε’λάλησε
710 947 817 1010 περὶ
857 944 1046 995 αὐτοῦ.”
1094 944 1242 995 διάτοι
1278 950 1417 995 τοῦτο
1453 946 1529 995 καὶ
1565 945 1589 994 ὁ
1625 944 1880 998 θεσπέσιος

293 1028 490 1078 Παῦλος
525 1026 619 1076 ἀπό
655 1048 705 1076 τε
740 1031 822 1076 τοῦ
858 1025 1154 1092 συνεδρεύειν
1187 1026 1329 1077 αὐτὸν
1353 1028 1419 1095 τῷ
1446 1030 1555 1096 Θεῷ
1589 1028 1664 1077 καὶ
1701 1028 1877 1092 Πατρὶ,

247 1109 366 1156 bna}
394 1106 488 1157 ἀπὸ
526 1113 607 1158 τοῦ
641 1111 905 1171 κεκλῆσθαι
940 1106 1060 1158 κατὰ
1097 1108 1248 1175 φύσιν
1275 1108 1406 1170 Υὶὸν,
1435 1111 1497 1162 εἷς
1532 1107 1882 1175 ἀκριβεστάτην

291 1187 542 1256 ἐρχόμενος
593 1195 676 1240 τοῦ
728 1190 993 1257 μυστηρίου
1044 1189 1335 1258 κατάληψιν,
1378 1192 1455 1241 καὶ
1506 1193 1588 1254 τῆς
1639 1191 1707 1241 ἐπ’
1755 1190 1882 1259 αὐτῷ

291 1271 486 1336 θεωρίας
524 1271 785 1337 συλλέγων
823 1271 909 1335 τὴν
948 1276 1131 1337 γνῶσιν
1164 1279 1191 1301 “
1211 1272 1317 1323 Τίνι
1356 1271 1449 1338 γὰρ
1487 1270 1592 1324 εἶπέ
1624 1275 1749 1341 φησι
1786 1275 1882 1322 τῶν

361 1354 371 1367 ’
453 1350 464 1368 Ι
720 1353 733 1370 Ι
830 1352 868 1369 ‘l
1110 1351 1128 1372 ’ἰ
1230 1353 1281 1369 l„
1339 1355 1348 1369 ι
1478 1353 1490 1367 ἱ
1736 1353 1747 1368 x
1865 1355 1879 1371 x

291 1359 318 1382 ‘⁶
346 1361 568 1418 αγγελων
610 1376 725 1404 ποτε
779 1357 894 1406 Υιος
944 1376 1035 1416 μου
1086 1376 1125 1403 ει
1176 1376 1240 1404 συ
1330 1377 1354 1404 ο
1403 1357 1524 1407 Θεος
1571 1355 1753 1419 δηλαδή
1805 1376 1881 1404 και

1338 1436 1348 1452 ’

293 1431 480 1500 Πατὴρ,
511 1441 538 1463 “
558 1433 650 1500 ἐγὼ
689 1434 900 1501 σήμερον
934 1434 1191 1501 γεγέννηκά
1229 1436 1333 1498 σε;’
1389 1437 1437 1486 ἐν
1472 1435 1566 1501 γὰρ
1605 1437 1671 1505 τῷ
1711 1435 1882 1501 Γεγέν-

294 1539 425 1579 νηκα,
452 1515 505 1566 τὸ
533 1518 677 1584 φύσει
705 1515 829 1567 Θεὸν
857 1515 1083 1584 ὑπάρχειν
1108 1519 1158 1568 ἐκ
1186 1521 1311 1568 Θεοῦ
1338 1516 1420 1568 τὸν
1446 1517 1563 1568 Υἱὸν
1588 1517 1879 1582 σημαίνεται.

294 1599 368 1647 καὶ
413 1596 561 1648 πάλιν
603 1605 630 1627 “
655 1599 761 1649 Τίνι
806 1598 853 1649 δὲ
899 1597 1024 1650 εἶπέν
1065 1622 1180 1650 ποτε
1223 1603 1317 1650 τῶν
1359 1598 1583 1665 ἀγγέλων
1625 1597 1789 1650 Κάθου
1831 1600 1882 1650 ἐκ

294 1686 321 1708 “
349 1680 516 1747 δεξιῶν
542 1703 631 1742 μου
652 1681 693 1742 ;”
723 1682 798 1731 καὶ
826 1681 879 1731 οὐ
906 1680 1057 1744 δήπου
1082 1680 1140 1732 τὰ
1165 1687 1357 1732 τοιαῦτα
1384 1682 1554 1747 λέγων,
1576 1679 1604 1746 ἢ
1632 1682 1694 1735 ὡς
1720 1679 1881 1731 ἄδικόν

292 1785 337 1812 τι
369 1765 484 1828 δρᾶν
509 1762 703 1813 εἰωθότα
729 1767 1020 1813 καταιτιᾶται
1046 1762 1128 1813 τὸν
1155 1762 1279 1813 Θεὸν
1305 1765 1380 1814 καὶ
1408 1762 1613 1830 Πατέρα,
1641 1762 1669 1828 ἢ
1702 1765 1764 1816 ὡς
1795 1761 1880 1826 τὴν

254 1847 386 1893 οτῶν
424 1843 646 1909 ἀγγέλων
685 1843 970 1910 ἀτιμάζοντα
1012 1845 1173 1912 φύσιν,
1214 1844 1291 1895 ὅτε
1332 1849 1428 1898 τοῖς
1469 1845 1695 1911 δευτέροις
1735 1844 1881 1909 αὐτὴν

291 1925 412 1990 ε”γνω
438 1930 577 1988 τιμᾶν
603 1924 734 1992 παρὰ
760 1926 842 1976 τὸν
863 1925 999 1976 Υἱόν·
1041 1927 1090 1977 τί
1111 1925 1204 1992 γὰρ
1231 1925 1287 1990 δὴ
1313 1925 1366 1977 τὸ
1395 1926 1670 1990 διακωλύον,
1697 1928 1793 1994 ε’ρεῖ
1813 1949 1882 1981 τις

289 2006 446 2074 τυχὸν,
469 2008 655 2073 ἐπείπερ
682 2008 785 2058 ἐστὶ
812 2009 986 2062 δίκαιος
1013 2010 1088 2058 καὶ
1115 2007 1294 2074 ἀγαθὸς
1320 2010 1343 2059 ὁ
1372 2007 1494 2062 Θεός
1519 2031 1567 2060 τε
1595 2011 1670 2060 καὶ
1696 2008 1880 2075 Πατὴρ,

290 2088 520 2155 σύνεδρον
547 2089 696 2159 ἑαυτῷ
722 2092 797 2140 καὶ
824 2088 910 2153 τὴν
936 2094 1031 2140 τῶν
1058 2088 1280 2155 ἀγγέλων
1304 2094 1542 2142 ποιεῖσθαι
1568 2089 1731 2159 φύσιν,
1753 2089 1881 2157 εἴπερ

290 2172 422 2221 ἐστὶν
449 2170 565 2221 ὅλον
590 2172 638 2222 ἐν
664 2175 875 2237 γενητοῖς
911 2172 935 2222 ὁ
963 2170 1078 2225 Υἱὸς
1114 2175 1188 2222 καὶ
1225 2171 1454 2238 ὁμογενὴς
1488 2173 1644 2226 αὐτοῖς
1673 2171 1794 2223 κατά
1826 2194 1881 2238 γε

290 2251 374 2302 τὸν
409 2258 492 2303 τοῦ
531 2256 819 2317 πεποιῆσθαι
858 2252 1020 2318 λόγον,
1055 2251 1142 2303 κᾶν
1178 2254 1427 2320 ὑπεροχαῖς
1463 2276 1588 2305 τισιν
1620 2253 1795 2320 ἑτέραις
1826 2253 1880 2305 τὸ

291 2332 396 2384 ἐνὸν
446 2334 602 2388 αὐτοῖς
653 2338 912 2403 πλεονεκτῇ
964 2334 1150 2400 μέτρον,
1201 2333 1365 2400 ὥσπερ
1415 2336 1498 2385 οῦν
1548 2335 1669 2399 ἡμᾶς
1719 2337 1881 2387 ἐκεῖνοι

291 2414 452 2482 τυχόν.
521 2418 631 2467 ἀλλ’
679 2417 761 2467 οὐκ
807 2416 965 2470 ἄδικος
1009 2417 1034 2467 ὁ
1076 2415 1196 2470 Θεὸς
1240 2418 1315 2467 καὶ
1359 2414 1542 2483 Πατὴρ,
1585 2417 1609 2467 ὁ
1657 2422 1753 2471 τοῖς
1796 2417 1881 2481 μὲν

248 2495 515 2562 ἆάγγέλοις
549 2496 844 2564 παρεστάναι
881 2498 1098 2560 κελεύων,
1126 2499 1200 2549 καὶ
1237 2503 1376 2549 τοῦτο
1414 2497 1567 2552 διδοὺς
1603 2502 1661 2566 τῇ
1696 2500 1880 2550 ἐκείνων

1900 552 1922 591 5

1903 965 1950 990 10

1901 1788 1951 1813 20

293 2578 438 2646 φύσει
464 2578 518 2629 τὸ
545 2580 733 2648 ἀξίωμα
759 2579 988 2646 σύνεδρον
1013 2578 1132 2647 ἔχων
1157 2579 1239 2630 τὸν
1265 2579 1382 2630 ἴδιον
1409 2579 1540 2643 Υἱὸν,
1568 2580 1754 2646 ἐπείπερ
1786 2579 1879 2632 οἶδε
1900 2598 1949 2634 30

293 2659 412 2710 κατὰ
439 2661 589 2728 φύσιν
616 2660 730 2713 ὅντα
756 2660 893 2725 Θεὸν,
921 2663 997 2712 καὶ
1034 2662 1118 2712 οὐκ
1154 2660 1410 2728 ἀλλότριον
1436 2665 1518 2725 τῆς
1549 2663 1711 2716 οὐσίας
1737 2663 1880 2714 αὐτοῦ

342 2798 374 2831 9.
401 2786 452 2820 ὅτι
474 2787 515 2822 Β.
534 2787 588 2822 ὅτε
608 2789 676 2823 Ed.
833 2799 886 2833 15.
913 2790 998 2824 ποτέ
1014 2792 1240 2835 assumptum
1257 2802 1303 2832 exv
1318 2790 1360 2824 B.
1517 2801 1571 2824 22.
1599 2790 1638 2834 δὴ
1656 2795 1878 2834 assumptum

292 2848 397 2929 ΞΧάΒ.
650 2862 703 2896 25.
730 2852 812 2887 ὅλον
830 2853 864 2887 ἐν
882 2852 986 2887 edidi.
1007 2846 1105 2888 ὁλονεν
1124 2853 1166 2887 Β.
1185 2852 1272 2889 ὅλως
1290 2853 1324 2888 ἐν
1344 2852 1462 2888 Holst.
1480 2852 1561 2888 ὅλος
1578 2853 1612 2887 ἐν
1631 2852 1698 2887 Ed.
1717 2866 1773 2898 γρ.
1791 2852 1879 2888 ὅλως

354 2921 361 2929 .
380 2907 450 2940 mg.
