2001 3231
312 108 368 147 50
630 146 637 149 ,
716 108 766 148 Β.
799 107 1079 148 CYRILLI
1117 107 1501 149 ALEXANDR.
1726 106 1812 148 viii.
1834 119 1899 162 29.

311 215 395 266 τὸν
437 219 637 268 Παῦλον
676 217 700 267 ὁ
743 216 1016 271 Σιλουανός.
1089 216 1159 284 ἆρ’
1203 218 1285 269 οὖν
1327 220 1415 286 οὐχ
1459 218 1608 281 ὅμοιοι
1653 215 1773 268 κατὰ
1814 214 1901 279 τὴν

312 298 477 367 φύσιν,
516 297 545 363 ἢ
588 299 799 368 ὑπερέξει
840 298 960 350 κατὰ
1001 299 1084 350 τὸν
1122 300 1286 354 οὐσίας
1327 299 1477 366 λόγον
1515 301 1540 351 ὁ
1581 303 1778 351 Παῦλος
1818 295 1902 347 τὸν

311 379 589 443 Σιλουανὸν,
616 381 803 448 ἐπείπερ
835 380 955 446 ἔγνω
982 380 1200 447 μειζόνως
1224 380 1254 446 ὴ
1282 383 1378 432 κατ’
1408 384 1580 433 ἐκεῖνον
1607 386 1690 432 τοῦ
1717 401 1902 443 μυστη-

309 464 412 528 ρίου
450 461 505 514 τό
542 461 723 525 βάθος,
770 464 881 513 ἀλλ’
911 463 1074 513 οὐδένα
1114 468 1275 529 ληρεῖν
1311 466 1373 518 εἷς
1411 469 1642 514 τοσοῦτον
1677 463 1898 523 ὑπολαμ-

87 556 173 590 529
188 554 238 590 A.
269 543 457 607 αβάνω,
497 546 559 598 ὡς
599 545 791 609 νομίσαι
829 543 945 596 ποτὲ
984 545 1274 613 διηλλάχθαι
1312 544 1399 609 τὴν
1437 544 1587 614 φύσιν
1626 544 1781 597 αὐτοῖς
1826 541 1945 602 διά5

310 625 364 676 τὸ
403 628 452 677 ἐν
490 627 667 692 γνώσει
706 626 861 693 μεῖζον
900 625 928 690 ἢ
968 625 1186 677 ἐ’λαττον.
1243 627 1318 677 ὅτε
1357 628 1513 678 τοίνυν
1548 627 1630 676 οὐκ
1669 627 1717 676 ἐν
1751 628 1818 693 τῷ
1856 647 1902 676 τι

309 712 475 771 μαθεῖν
525 707 554 773 ἢ
611 706 812 774 διδάξαι,
862 707 921 759 τὰ
978 711 1060 772 τῆς
1112 708 1276 763 οὐσίας
1327 711 1532 775 ἀκριβῶς
1587 705 1898 772 δοκιμάζεται,

309 789 522 856 καθάπερ
567 789 827 855 εἰρήκαμεν,
870 789 1002 841 οὐδὲν
1043 789 1256 855 ἀδικήσει
1301 791 1384 842 τὸν
1422 789 1541 841 Υἱὸν
1583 794 1645 844 εἱς
1689 789 1744 840 τὸ
1788 786 1901 839 εἶναι

307 871 428 923 κατὰ
464 872 616 942 φύσιν
644 870 783 934 Θεὸν,
810 872 923 922 ὅταν
959 895 1003 923 τι
1038 872 1158 940 λε’γῃ
1197 875 1271 924 καὶ
1306 877 1473 937 μαθεῖν
1501 871 1632 938 παρὰ
1665 876 1749 922 τοῦ
1785 871 1901 922 ἰδίου

308 954 517 1021 Πατρός.
581 956 633 1004 οὐ
670 954 763 1020 γὰρ
800 953 877 1004 διὰ
912 960 1050 1006 τοῦτο
1085 958 1168 1019 τῆς
1202 954 1320 1022 πρὸς
1356 956 1498 1006 αὑτὸν
1533 951 1901 1017 ὁμοουσιότητος
1924 975 1972 1001 10

305 1035 618 1105 ἐξοιχήσεται,
651 1037 775 1098 μένει
816 1036 864 1088 δὲ
903 1036 1092 1091 πάντως
1132 1037 1244 1103 ὅπερ
1282 1039 1403 1100 ἐστὶ,
1432 1035 1661 1099 τουτέστι,
1690 1033 1812 1089 Θεὸς
1850 1035 1900 1085 ἐκ

306 1122 446 1180 Θεοῦ,
475 1122 578 1186 φῶς
605 1119 653 1168 ἐκ
682 1117 856 1187 φωτός.

378 1200 522 1250 Ἀλλ’
552 1199 668 1253 ἴσως
708 1201 821 1266 ἐρεῖς
857 1204 972 1255 Πῶς
1009 1202 1124 1263 οῦν,
1168 1204 1216 1252 ἐν
1243 1202 1420 1267 γνώσει
1455 1201 1620 1268 μείζων
1652 1201 1677 1250 ὁ
1707 1197 1894 1265 Πατήρ·

305 1281 379 1331 διὰ
419 1280 513 1346 γὰρ
553 1286 692 1332 τοῦτο
731 1282 944 1333 διδάσκει
984 1283 1066 1334 τὸν
1105 1284 1237 1335 Υὶόν.
1311 1286 1503 1350 ἐροῦμεν
1544 1281 1593 1333 δὲ
1636 1280 1786 1333 πάλιν
1827 1279 1897 1331 ὅτι

259 1375 284 1416 b
303 1362 519 1426 μάλιστα
545 1363 629 1426 μὲν
655 1363 744 1427 ἤδη
785 1364 861 1414 διὰ
893 1370 1095 1416 πολλῶν
1121 1365 1430 1434 ἀπεδείξαμεν
1457 1364 1616 1430 λόγων
1643 1363 1713 1414 ὅτι
1738 1361 1892 1427 μαθή-
1921 1386 1968 1425 15

303 1467 427 1498 σεως
453 1447 528 1495 καὶ
564 1446 875 1500 διδασκαλίας
911 1447 1182 1512 ἀπροσδεὴς
1216 1448 1244 1511 ἡ
1280 1448 1433 1516 σοφία
1467 1452 1550 1498 τοῦ
1579 1443 1791 1512 Πατρὸς,
1822 1446 1899 1495 καὶ

303 1526 518 1580 πολλοὺς
570 1527 645 1578 ἐπὶ
693 1528 844 1597 τούτῳ
896 1531 1190 1595 συνείροντες
1243 1527 1525 1595 λογισμοὺς,
1579 1533 1641 1581 εἷς
1693 1527 1898 1593 ἄμετρον

304 1608 585 1676 δυσφημίαν
628 1610 1023 1678 καταστρέφοντα
1067 1611 1150 1661 τὸν
1192 1609 1342 1677 λόγον
1387 1611 1723 1680 ἐξηλέγχομεν.
1798 1606 1897 1660 εἶτά

301 1712 382 1740 σοι
409 1692 592 1741 κάκεῖνο
628 1689 747 1757 πρὸς
781 1691 963 1745 τούτοις
998 1697 1140 1743 εἰπεῖν
1167 1695 1423 1759 ἀναγκαῖον
1448 1693 1536 1757 ἤδη
1564 1694 1796 1761 φαίνεται,
1826 1691 1897 1743 ὅτι

302 1771 490 1837 σπουδὴ
537 1777 603 1841 τῷ
646 1777 747 1842 Υἱῶ
790 1776 866 1824 καὶ
915 1774 1079 1839 πολλὴ
1131 1775 1240 1825 λίαν
1287 1776 1312 1839 ἡ
1358 1775 1633 1841 ἐπιτήρησις
1677 1773 1795 1840 πρὸς
1839 1774 1894 1826 τὸ
1917 1801 1968 1828 20

301 1859 538 1915 κολοβοῦν
578 1856 645 1905 ἀεὶ
685 1855 739 1905 τὸ
780 1856 895 1907 ἴδιον
934 1857 1135 1925 ἀξίωμα,
1176 1859 1251 1908 καὶ
1293 1858 1346 1908 οὐ
1388 1856 1583 1926 σφόδρα
1624 1860 1896 1922 θεοπρεπῶς

301 1937 605 2001 διαλέγεσθαι
646 1937 720 1987 διὰ
761 1937 847 2001 τὴν
879 1943 963 1988 τοῦ
1002 1938 1176 1989 δούλου
1213 1939 1418 2009 μορφὴν,
1453 1942 1528 1989 καὶ
1567 1937 1652 2002 τὴν
1684 1940 1896 1990 ἐντεῦθεν

301 2020 356 2068 δι’
386 2019 507 2083 ἡμᾶς
544 2021 910 2088 ἀναληφθεῖσαν
937 2021 1239 2073 ταπείνωσιν.
1292 2028 1384 2072 ποῦ
1417 2021 1511 2087 γὰρ
1549 2021 1890 2085 καταβέβηκεν,

261 2098 329 2164 (ῑῆ
377 2103 426 2151 ἐκ
469 2102 617 2152 ποίων
656 2106 717 2154 εἷς
763 2102 837 2152 οἷα
879 2103 1084 2167 μετέστη
1131 2103 1314 2165 λοιπὸν,
1355 2108 1391 2154 εἰ
1437 2102 1502 2167 μὴ
1547 2108 1690 2153 λαλεῖ
1729 2125 1773 2153 τι
1817 2105 1893 2153 καὶ

301 2182 666 2246 ὑποβεβηκότως
705 2186 777 2233 καὶ
813 2187 896 2248 τῆς
932 2189 1219 2249 θεοπρεποῦς
1256 2185 1397 2253 δόξης
1432 2186 1485 2235 οὐ
1520 2185 1628 2235 λίαν
1653 2183 1887 2252 ἐπαξίωςς
1914 2206 1964 2246 25

299 2263 375 2313 διὰ
421 2264 513 2331 γάρ
560 2288 632 2315 τοι
678 2265 857 2315 τούτων
900 2265 1151 2328 πολλάκις,
1195 2269 1270 2317 καὶ
1317 2266 1435 2332 ἅπερ
1480 2264 1601 2317 οἶδεν
1643 2268 1703 2319 ὡς
1746 2265 1887 2330 Θεὸς,

298 2347 486 2411 ἀγνοεῖν
517 2348 579 2400 ὡς
614 2347 862 2411 ἄνθρωπος
900 2347 1253 2414 σχηματίζεται.
1308 2347 1419 2416 ὄψει
1457 2346 1504 2399 δὲ
1543 2353 1680 2398 τοῦτο
1719 2353 1892 2417 σαφῶς

297 2429 345 2478 ἐν
382 2428 569 2496 ἱστορίᾳ
607 2431 666 2494 τῇ
706 2428 825 2479 κατὰ
863 2428 945 2479 τὸν
973 2429 1191 2496 Λάζαρον
1217 2430 1299 2481 τὸν
1326 2432 1374 2480 ἐκ
1402 2430 1637 2494 Βηθανίας
1673 2434 1808 2498 φημὶ,
1836 2429 1891 2482 ὃν

298 2511 373 2559 καὶ
399 2508 659 2579 παραδόξῳ
687 2509 878 2574 δυνάμει
905 2515 980 2561 καὶ
1008 2511 1395 2580 θεοπρεπεστάτῃ
1431 2515 1566 2581 φωνῇ
1603 2511 1890 2579 τεθρήμερον

296 2591 411 2641 ὄντα
446 2593 522 2642 καὶ
559 2590 783 2654 ὀδωδότα,
810 2591 979 2643 λοιπὸν
1011 2595 1398 2660 παλινδρομῆσαι
1432 2593 1549 2661 πρὸς
1587 2593 1706 2660 ζωὴν
1737 2617 1883 2661 παρε-
1910 2617 1961 2653 30

344 2742 375 2764 2.
402 2732 459 2764 τὸν
478 2730 593 2776 prius]
618 2736 653 2771 4-
676 2733 733 2775 τῆς
755 2732 872 2766 Holst.
892 2732 959 2766 Ed.
1094 2733 1127 2766 8.
1153 2733 1199 2769 εἷς
1216 2734 1254 2767 τὸ
1273 2745 1342 2768 om.
1362 2734 1455 2768 Aub.
1597 2746 1629 2779 9.
1656 2749 1692 2767 τε
1709 2734 1824 2779 λέγειν
1842 2734 1883 2769 Β.

295 2791 327 2809 τι
344 2776 428 2821 λέγῃ
447 2778 645 2812 emendavit
667 2779 729 2812 Ut.
886 2780 1009 2822 IS—p.
1027 2790 1082 2821 51,
1102 2790 1153 2813 10.
1185 2780 1280 2814 Haec
1299 2781 1381 2814 citat
1401 2780 1550 2814 Severus
1569 2787 1689 2814 eontra
1706 2780 1883 2815 ,loannem

296 2822 584 2863 Grmnmatimnn,
604 2825 731 2858 citatur
751 2825 892 2870 Syl-iace
918 2826 952 2858 in
974 2826 1062 2859 (lod.
1083 2826 1176 2860 Add.
1200 2838 1252 2860 12.
1276 2836 1352 2871 157,
1379 2827 1438 2860 fol.
1460 2838 1515 2871 29.
1535 2828 1619 2871 (sec.
1639 2827 1696 2860 vii.
1715 2833 1775 2860 aut
1795 2827 1880 2871 viii.)

294 2868 331 2902 in
352 2868 446 2901 Mus.
470 2869 555 2903 Brit.
576 2878 764 2905 asservato.
945 2883 999 2917 27.
1026 2872 1108 2916 ὄψει
1127 2873 1163 2906 δέ
1181 2873 1217 2906 δέ
1237 2874 1316 2916 (sic)
1339 2873 1379 2907 B.
1397 2874 1537 2917 conjicit
1555 2873 1590 2907 δέ
1609 2873 1648 2915 δὴ
1670 2873 1798 2916 Heyse‚
1819 2873 1881 2908 sed

292 2914 435 2948 exhibet
455 2915 532 2960 Syr.
550 2915 584 2949 id
604 2917 697 2961 quod
717 2917 811 2952 Aub.
933 2930 988 2963 29.
1015 2918 1221 2964 τεθρὴμερον
1241 2920 1281 2954 Β.
1304 2919 1366 2955 Ht.
1385 2918 1601 2964 τετριὴμερον
1620 2917 1700 2963 (sic)
1720 2919 1815 2953 Aub.
