2001 3231
276 116 333 155 46
682 116 732 157 B.
766 116 1044 157 CYRILLI
1084 116 1465 157 ALEXANDR.
1697 115 1781 157 viii.
1803 114 1868 158 28.

281 226 568 292 διερωτῶσιν
608 226 778 279 ἐκεῖνος
822 229 917 276 τῶν
957 228 1041 290 τῆς
1081 226 1321 286 εὐσεβείας
1363 223 1616 291 δογμάτων
1654 225 1679 275 ὁ
1720 222 1867 288 κατή-

280 328 422 372 γορος
460 308 547 362 Τίς
584 308 688 359 εἰπέ
719 330 801 371 μοι
838 306 892 358 τὸ
925 307 1107 375 βρέφος
1141 306 1196 357 τὸ
1231 306 1468 373 ἀρτιγενὲς
1505 311 1564 374 τῇ
1603 307 1871 374 ἀνθρωπεία

280 388 492 441 διδάσκει
530 393 794 457 κεχρῆσθαι
833 393 1004 458 φωνῇ,
1057 388 1133 439 διὰ
1171 389 1221 439 τί
1254 387 1320 452 μὴ
1357 393 1593 457 βρυχᾶται
1630 388 1751 440 κατὰ
1788 388 1872 439 τὸν

280 470 467 534 λέοντα,
510 472 659 537 ἤγουν
708 469 866 538 ἕτερόν
910 493 956 521 τι
1007 475 1102 520 τῶν
1152 470 1347 535 ἀλόγων
1397 468 1527 539 ζῴων
1571 470 1876 532 ἀπομιμεῖταί

280 576 393 604 ποτε
411 575 425 616 3
475 553 586 604 ἀλλ’
615 553 704 604 ε”δει
739 552 890 617 δήπου
924 551 1129 615 πάντως,
1153 553 1229 602 καὶ
1266 552 1336 603 ἐπ’
1364 553 1507 603 ἐκεῖνο
1542 555 1783 618 δραμεῖται
1816 551 1871 602 τὸ
1890 567 1912 606 5

243 635 437 686 οκοινὸν
475 638 549 686 καὶ
589 641 713 687 πᾶσι
751 635 1123 697 κατειθισμένον·
1170 634 1198 698 ἡ
1238 633 1385 701 φύσις
1424 634 1715 688 διδάσκαλος
1752 633 1873 700 πρὸς

280 716 366 781 τὴν
406 723 489 768 τοῦ
532 719 811 784 σπείροντος
855 715 1063 781 ἰδιότητα
1105 715 1159 767 τὸ
1205 716 1262 785 ἐξ
1301 717 1444 767 αὑτοῦ
1488 716 1867 767 διαπλάττουσα.

278 797 410 850 ἔστιν
436 799 518 850 οὖν
544 799 636 866 ἄρα
661 803 824 864 μαθεῖν
850 798 1110 852 ἀδιδάκτως
1140 797 1272 865 παρὰ
1307 801 1389 862 τῆς
1425 798 1631 867 φύσεως,
1657 797 1788 862 ὅλης,
1814 799 1869 849 ἵν’

279 882 425 934 οὕτως
471 881 598 944 εἴπω,
640 884 723 946 τῆς
767 887 851 933 τοῦ
895 881 1175 946 σπείροντος
1223 879 1452 945 ἰδιότητος
1500 880 1762 944 ἐντεθείσης
1804 884 1872 950 τῷ

279 962 550 1028 γεννήματι.
605 965 726 1015 οὕτω
765 968 1017 1029 τοιγαροῦν
1044 965 1119 1014 καὶ
1159 962 1299 1016 αὐτὸς
1333 964 1357 1013 ὁ
1392 960 1673 1027 Μονογενὴς
1707 967 1873 1026 μαθεῖν
1894 985 1943 1012 10

278 1044 409 1110 παρὰ
447 1052 530 1097 τοῦ
570 1044 762 1112 Πατρὸς
807 1048 883 1096 καὶ
922 1046 970 1095 ἐν
1009 1044 1191 1099 τούτοις
1230 1045 1575 1112 διισχυρίσατο.
1624 1044 1740 1111 ὅπερ
1780 1044 1873 1111 γάρ

279 1129 410 1178 ἐστιν
437 1128 545 1191 ἡμῖν
571 1129 599 1192 ἡ
627 1127 787 1196 φύσις,
813 1133 954 1178 τοῦτο
980 1126 1036 1191 δὴ
1062 1126 1251 1180 πάντως
1277 1128 1403 1196 αὐτῷ
1435 1128 1572 1177 νοοῖτ’
1600 1125 1660 1177 ἂν
1686 1126 1874 1180 εἰκότως

281 1211 306 1260 ὁ
343 1208 465 1264 Θεὸς
497 1212 572 1260 καὶ
605 1209 790 1276 Πατὴρ,
817 1212 893 1261 καὶ
930 1207 1095 1275 ὥσπερ
1131 1210 1273 1273 ἡμεῖς,
1297 1209 1486 1275 ἐπείπερ
1521 1208 1763 1275 ἄνθρωποι
1797 1210 1874 1259 καὶ

235 1292 339 1360 de}
391 1291 656 1359 ἀνθρώπων
706 1291 864 1355 ἐσμὲν,
916 1290 1175 1345 ἀδιδάκτως
1229 1290 1547 1354 μανθάνοντες
1603 1290 1734 1356 παρὰ
1790 1293 1875 1354 τῆς

281 1374 471 1443 φύσεως
506 1380 750 1438 λαλοῦμεν
778 1375 1206 1439 ἀνθρωποπρεπῶς,
1234 1374 1356 1424 οὕτω
1394 1375 1470 1423 καὶ
1504 1371 1660 1435 αὐτὸς,
1686 1373 1873 1439 ἐπείπερ
1895 1395 1943 1435 15

280 1455 402 1510 Θεὸς
446 1459 496 1507 ἐκ
538 1460 663 1507 Θεοῦ
701 1455 821 1506 κατὰ
866 1454 1016 1525 φύσιν
1054 1457 1199 1517 ἐστὶν,
1239 1455 1409 1518 ε”μαθεν
1447 1455 1612 1521 ὥσπερ
1653 1454 1748 1505 ἀπὸ
1790 1457 1874 1518 τῆς

280 1539 399 1591 ἰδίας
449 1538 639 1607 φύσεως
689 1542 870 1601 λαλεῖν,
921 1540 984 1591 ὡς
1035 1536 1176 1600 Θεὸς,
1229 1539 1304 1587 καί
1355 1536 1415 1588 τὰ
1471 1537 1715 1602 πρέποντα
1765 1540 1874 1606 Θεῷ

281 1620 601 1686 διαλέγεσθαι,
629 1619 745 1686 ὅπερ
785 1620 916 1671 ἐστίν
941 1618 1073 1685 Ἐγώ
1113 1623 1204 1682 εἰμι
1243 1618 1297 1670 τὸ
1337 1624 1440 1688 φῶς
1478 1625 1561 1670 τοῦ
1601 1617 1805 1683 κόσμου·
1847 1618 1873 1671 ὃ

280 1702 374 1768 γὰρ
414 1701 536 1753 οἶδεν
569 1702 735 1753 ἑαυτὸν
767 1702 880 1753 ὅντα
920 1701 995 1752 διὰ
1034 1699 1088 1752 τὸ
1127 1702 1184 1770 ἐξ
1218 1701 1361 1767 οὗπέρ
1400 1703 1503 1752 ἐστι
1537 1701 1724 1767 Πατήρ·
1769 1706 1874 1770 φῶς

281 1787 385 1835 ἐστι
410 1784 504 1851 γὰρ
530 1786 579 1835 ἐκ
607 1784 780 1853 φωτός·
826 1789 965 1835 τοῦτο
991 1788 1156 1848 μαθεῖν
1184 1784 1274 1851 ε”φη
1300 1782 1410 1851 παρ’
1439 1784 1595 1846 αὐτοῦ,
1623 1783 1874 1835 ἀδίδακτόν
1894 1807 1945 1832 20

281 1890 386 1918 τινα
423 1866 635 1932 μάθησιν
673 1871 767 1918 τῶν
805 1871 1080 1933 θεοπρεπῶν
1119 1866 1271 1932 ἔργων
1308 1889 1358 1917 τε
1397 1868 1472 1917 καί
1510 1864 1672 1932 λόγων
1701 1867 1751 1917 ἐκ
1790 1869 1874 1930 τῆς

282 1955 366 2000 τοῦ
400 1948 718 2014 γεννήσαντος
755 1949 982 2013 ἰδιότητος
1018 1949 1140 2016 ἔχων
1173 1951 1250 2000 καὶ
1282 1949 1490 2018 φύσεως,
1520 1947 1685 2015 ὥσπερ
1717 1949 1867 2014 ἀναγ-

243 2032 428 2086 εκαιόις
466 2035 661 2095 θεσμοῖς
700 2035 762 2086 εἰς
799 2031 1147 2091 ταυτοβουλίαν
1173 2030 1259 2095 τὴν
1285 2032 1357 2101 ἐφ’
1388 2029 1542 2082 ἅπασι
1582 2033 1658 2082 καὶ
1696 2053 1869 2082 ταυτο-

283 2113 454 2179 λογίαν
480 2112 748 2175 ἀναβαίνων
773 2117 839 2182 τῷ
867 2117 976 2182 Θεῷ
1003 2116 1077 2164 καὶ
1107 2114 1278 2179 Πατρί.
1334 2118 1436 2167 πῶς
1470 2112 1563 2180 γὰρ
1594 2114 1677 2164 οὐκ
1703 2113 1792 2164 ἔδει
1817 2112 1872 2163 τὸ

283 2196 332 2245 ἐν
373 2195 568 2259 θελήσει
607 2195 793 2258 ταύτὸν,
835 2197 910 2246 καὶ
956 2194 1011 2246 τὸ
1056 2196 1105 2245 ἐν
1145 2193 1309 2260 λόγοις
1354 2195 1463 2245 ἰ’σον
1501 2218 1551 2245 τε
1594 2197 1669 2246 καὶ
1711 2195 1872 2259 ὅμοιον
1894 2217 1944 2257 25

283 2278 627 2345 ἀναμφιλόγως
653 2276 931 2345 ἐνυπάρχειν
956 2281 1067 2339 τοῖς,
1094 2276 1215 2342 οἵγε
1241 2277 1353 2340 μιάν
1379 2277 1544 2344 ἔχουσι
1569 2276 1655 2341 τὴν
1681 2277 1832 2344 φύσιν
1853 2299 1866 2339 ;

283 2361 357 2411 ἐπὶ
386 2363 511 2410 Θεοῦ
546 2359 593 2411 δὲ
627 2358 816 2413 πάντως
855 2360 880 2409 ὁ
920 2357 1080 2424 λόγος,
1106 2359 1189 2409 οὐκ
1223 2358 1297 2427 ἐφ’
1324 2360 1473 2423 ἡμῶν·
1517 2360 1638 2423 ἡμᾶς
1665 2359 1751 2422 μὲν
1776 2359 1872 2427 γὰρ

283 2443 360 2492 καὶ
398 2442 525 2506 ἠθῶν
558 2443 872 2508 παρατροπαὶ,
900 2442 975 2491 καὶ
1013 2441 1295 2505 θελημάτων
1329 2442 1564 2508 διαφοραὶ,
1590 2443 1666 2491 καὶ
1705 2445 1872 2493 παθῶν

282 2523 552 2592 πλεονεξίαι
584 2527 679 2574 τῶν
704 2529 787 2574 τοῦ
821 2522 1082 2590 πρέποντος
1115 2520 1396 2591 ἐξέλκουσιν
1423 2522 1563 2589 ὅρων·
1616 2523 1644 2587 ἡ
1684 2521 1732 2573 δὲ
1771 2524 1872 2574 θειά

283 2627 332 2656 τε
359 2607 435 2656 καὶ
469 2606 773 2672 ἀπερινόητος
807 2605 968 2673 φύσις,
995 2604 1223 2658 ὡσαύτως
1259 2604 1440 2672 ε”χουσα
1475 2604 1551 2655 διὰ
1584 2603 1761 2659 παντὸς
1796 2607 1871 2656 καί
1893 2624 1943 2661 30

335 2749 365 2772 1.
393 2738 648 2783 Legendumne
666 2739 796 2773 ἐκεῖνοέ
916 2749 949 2783 3.
975 2739 1034 2773 τὸν
1051 2750 1121 2773 om.
1139 2738 1235 2773 Aub.
1253 2738 1385 2773 habent
1404 2738 1479 2773 B.a.
1500 2738 1618 2772 Holst.
1729 2750 1763 2781 4.
1787 2738 1873 2772 ἀπο-

282 2786 430 2828 μιμεῖται
448 2798 478 2818 a.
498 2786 592 2820 Aub.
610 2786 818 2830 ἀπομιμᾶται
838 2785 880 2819 Β.
901 2785 966 2820 Ht.
1113 2795 1144 2830 7.
1170 2787 1475 2820 διοπαλλάττουσα
1495 2785 1536 2819 Β.
1558 2785 1620 2818 Ht.
1639 2784 1837 2819 emendavit
1854 2796 1874 2818 e

285 2830 363 2864 Cat.
385 2831 483 2864 Harl.
503 2832 597 2866 Aub.
709 2834 742 2866 8.
769 2833 887 2876 μαθεῖν
905 2833 1090 2867 ἀδιδάκτως
1107 2832 1174 2867 hoc
1193 2832 1315 2866 ordine
1335 2832 1409 2866 B.a.
1531 2843 1584 2877 13.
1611 2831 1715 2875 ἡμεῖς,
1733 2831 1872 2875 ἐπείπερ

286 2877 361 2911 B.a.
380 2876 508 2911 desunt
526 2878 611 2913 haec
628 2879 734 2913 verba
751 2879 787 2912 in
808 2879 870 2914 Ht.
889 2879 994 2922 ἡμεῖς,
1013 2878 1193 2924 ἐπειδήπερ
1213 2892 1230 2913 e
1249 2880 1327 2913 Cat.
1349 2879 1447 2912 Harl.
1466 2881 1508 2912 ut
1524 2879 1669 2912 adnotat
1686 2878 1760 2923 ipse
1776 2877 1872 2912 Aub.

286 2935 342 2969 ²3·
368 2923 510 2968 θεσμοῖς
529 2925 571 2958 Β.
593 2925 656 2959 Ht.
675 2926 815 2969 δεσμοῖς
833 2938 851 2960 e
869 2926 946 2961 Cat.
968 2926 1070 2960 Harl.
1088 2926 1183 2961 Aub.
1201 2932 1234 2960 et
1252 2926 1301 2960 sic
1321 2929 1360 2960 ut
1377 2925 1446 2960 vid.
1465 2936 1495 2958 a.
