2037 3266
310 118 393 158 610
712 120 763 160 B.
798 120 1067 161 CYRILLI
1110 121 1489 162 ALEXANDR.
1754 114 1838 157 xvi,
1862 127 1896 155 1.

91 282 192 332 Κεφ·
217 277 278 327 ις’·
530 287 677 330 Ταῦτα
715 290 935 330 λελάλΗκο(
974 287 1081 341 ὑμῖν,
1119 290 1187 331 ἵνα
1226 291 1281 338 μὴ
1322 289 1674 333 σκανδαλισθῆτε.

384 398 489 464 Τὴν
514 401 863 451 τῶνἸουδαίων
889 399 1116 451 ἀπόνοιαν
1143 398 1416 468 φανοτάτην
1436 404 1531 453 τοῖς
1558 400 1722 450 ἑαυτοῦ
1748 400 1900 460 μαθη-

308 486 409 535 ταῖς
455 480 688 535 καθιστὰς
738 483 762 532 ὁ
816 482 999 549 Σωτὴρ,
1051 482 1175 550 τάχα
1226 483 1301 533 καὶ
1346 484 1604 548 ἐπενεγκεῖν
1648 485 1745 534 τοῖς
1794 479 1900 544 περὶ

91 570 170 604 912
185 569 237 604 Α·
270 563 488 615 ἃτούτων
514 563 684 627 ἐᾷιελλε
720 565 896 630 λόγοις,
923 564 994 615 ὅτι
1031 563 1087 627 δὴ
1121 564 1239 631 πρὸς
1273 564 1513 629 τοσαύτην
1538 564 1708 632 ἥξουσι
1745 566 1896 626 δυση-

309 645 441 697 κοίαν
468 649 510 697 οἱ
545 646 758 709 τάλανες,
794 645 1134 715 ἀποφράξουσι
1170 646 1218 698 δὲ
1253 648 1373 697 οὕτω
1412 646 1498 710 τὴν
1528 644 1688 710 ἀκοὴν,
1723 645 1800 695 καὶ
1838 647 1900 698 εἰς
1921 658 1943 697 5
1975 680 1979 684 -

307 733 447 779 τοῦτο
496 731 770 789 βαδιοῦνται
817 727 1064 790 μισοθεΐας
1112 732 1154 780 οἱ
1199 730 1410 791 δείλαιοι,
1458 727 1808 794 καθυβρίσουσι
1853 724 1901 777 δὲ

309 811 431 861 οὕτω
476 808 583 863 τοὺς
627 810 742 877 ὑπὲρ
786 813 868 875 τῆς
917 811 1141 875 ἀληθείας
1186 810 1375 878 λόγους,
1417 813 1478 865 ὡς
1523 811 1651 876 ε’ίπερ
1697 811 1771 860 καὶ
1818 807 1902 860 δύο

309 891 521 958 γένοιντο
564 890 710 960 τυχὸν
749 895 833 957 τῆς
877 894 1020 944 αὑτοῦ
1061 893 1204 962 δόξης
1250 897 1291 944 οἱ
1336 892 1581 960 μάρτυρες,
1622 891 1740 956 μηδὲ
1780 892 1901 942 οὕτω

309 974 674 1043 παραδέξασθαι
702 974 857 1026 θέλειν
880 975 1039 1040 αὐτὴν,
1068 977 1216 1027 καίτοι
1250 975 1502 1043 διαῤῥήδην
1529 973 1902 1041 ἀνακεκραγότος

311 1062 395 1109 τοῦ
431 1056 589 1120 νόμου,
615 1057 927 1109 πιστεύεσθαι
966 1060 1070 1122 δεῖν,
1104 1063 1180 1109 καὶ
1215 1057 1557 1111 ἀνενδοιάστως
1592 1056 1706 1108 εῖναι
1740 1079 1895 1123 παρα·
1925 1076 1974 1103 10

89 1132 192 1164 Dent.

90 1187 157 1207 xlx.
177 1186 225 1216 15.

313 1138 490 1202 δεκτὸν,
522 1144 619 1190 πᾶν
651 1139 764 1207 ὅπερ
795 1139 851 1190 ἂν
881 1140 958 1191 διὰ
991 1143 1073 1204 τῆς
1111 1141 1193 1191 δύο
1231 1139 1374 1208 τυχὸν
1409 1138 1438 1204 ἢ
1473 1144 1615 1207 τριῶν
1649 1141 1903 1205 ἐπιμαρτυ-

310 1226 441 1288 ροῖτο
481 1224 658 1291 φωνῆς.
714 1221 846 1273 ἀλλὰ
886 1228 1024 1274 τοῦτο
1066 1223 1150 1286 μὲν
1189 1224 1248 1274 οὕ
1285 1228 1409 1291 φησι
1453 1223 1700 1291 χρησίμως
1742 1224 1805 1275 εἰς
1848 1219 1903 1272 τὸ

266 1315 294 1357 b
312 1303 479 1370 παρόν.
525 1305 599 1355 καὶ
628 1303 722 1371 γὰρ
748 1303 807 1355 ἀν
833 1306 887 1356 οὐ
912 1306 1106 1372 μετρίαν
1132 1306 1288 1359 αὐτοῖς
1314 1307 1558 1370 ἐνεποίησε
1583 1303 1668 1368 τὴν
1694 1303 1903 1367 ἀκηδίαν,

312 1388 388 1437 καὶ
427 1386 692 1441 διακλάσας
731 1385 897 1453 ὥσπερ
936 1391 998 1441 εἷς
1036 1388 1314 1454 ἀπόγνωσιν
1349 1387 1456 1441 τοὺς
1500 1386 1727 1452 μαθητὰς,
1766 1385 1904 1437 ὄκνου

312 1470 389 1519 καὶ
427 1468 602 1521 δειλίας
641 1467 1038 1536 ἀπαραπόδιστον
1079 1471 1127 1520 ἐν
1165 1471 1322 1525 αὐτοῖς
1366 1471 1502 1521 ἐτίθει
1546 1468 1632 1532 τὴν
1675 1467 1898 1536 πάροδον.
1926 1488 1974 1527 15

312 1549 431 1604 εἰκὸς
457 1549 549 1616 γὰρ
581 1549 731 1614 δήπου
765 1552 871 1601 καθ’
901 1550 1092 1605 ἑαυτοὺς
1125 1553 1308 1614 ἐννοεῖν,
1334 1554 1395 1605 ὡς
1433 1554 1470 1601 εἰ
1503 1552 1665 1615 μηδενὶ
1698 1550 1898 1615 πεισθή-

313 1655 483 1683 σονται
519 1637 767 1687 παντελῶς
807 1637 901 1684 τῶν
936 1633 1176 1684 Ἰουδαίων
1215 1637 1257 1684 οἱ
1295 1637 1446 1697 δῆμοι,
1479 1632 1609 1684 ἀλλὰ
1647 1636 1723 1684 καὶ
1761 1631 1905 1684 αὐτὸν

314 1714 577 1781 ἡγήσονται
624 1716 734 1782 παρ’
778 1714 910 1765 οὐδὲν
954 1714 1037 1766 τὸν
1083 1715 1419 1782 Παράκλητον,
1464 1716 1612 1767 καίτοι
1653 1720 1749 1769 τοῖς
1791 1712 1905 1781 ὑπὲρ

313 1797 464 1863 λόγον
487 1796 903 1864 τερατουργήμασι
929 1797 1338 1862 καταπλήττοντα,
1365 1797 1497 1849 οὐδὲν
1524 1797 1572 1849 δὲ
1602 1797 1744 1862 ἧττον
1770 1796 1898 1848 ἀλώ-

313 1902 482 1930 σονται
525 1882 600 1930 καὶ
642 1878 760 1943 μετὰ
801 1885 939 1931 τοῦτο
976 1886 1227 1944 μισοῦντες
1269 1880 1498 1947 Χριστὸν,
1535 1883 1610 1931 καὶ
1648 1879 1740 1931 σὺν
1778 1880 1903 1949 αὐτῷ
1926 1899 1978 1926 20

314 1960 397 2013 τὸν
426 1962 633 2029 Πατέρα,
664 1962 714 2013 τί
747 1964 823 2013 καὶ
861 1960 1010 2014 πόνον
1044 1964 1312 2027 ἀνατλῆσαι
1352 1963 1509 2027 δεήσει
1550 1961 1714 2025 κενόν,
1756 1963 1806 2013 τί
1838 1962 1904 2027 μὴ

278 2069 299 2095 c
317 2045 392 2094 καὶ
418 2043 714 2110 πραγμάτων
740 2044 1136 2096 ἀπαλλάττεσθαι
1162 2047 1241 2107 δεῖ,
1266 2044 1351 2110 τὴν
1379 2048 1441 2099 εἰς
1466 2044 1691 2109 ἀνηκόους
1716 2043 1906 2108 σιωπὴν

316 2132 400 2177 τοῦ
427 2125 667 2178 διδάσκειν
692 2126 1082 2193 προτιμήσαντας
1105 2149 1116 2189 ;
1160 2127 1308 2178 ταῦτά
1343 2150 1416 2178 τοι
1450 2126 1570 2178 κατὰ
1595 2126 1649 2178 τὸ
1676 2125 1796 2180 εἰκὸς
1822 2128 1906 2177 οὐκ

316 2208 562 2273 ἀγνοήσας
605 2213 876 2274 λογιεῖσθαι
921 2208 1028 2263 τοὺς
1073 2208 1302 2273 μαθητὰς,
1348 2208 1653 2276 περιστέλλει
1697 2208 1782 2272 μὲν
1825 2210 1902 2259 ε’ν-

316 2290 490 2358 τέχνως
540 2290 599 2341 τὰ
652 2291 836 2357 ὅσαπερ
886 2290 945 2355 ἧν
996 2291 1324 2360 μοχθηρότερά
1375 2291 1494 2357 πρὸς
1545 2290 1777 2360 ἐξήγησιν
1827 2292 1903 2341 καὶ
1927 2311 1976 2350 25

319 2372 494 2426 δειλίας
521 2374 597 2423 καὶ
622 2371 761 2423 ὄκνου
787 2377 870 2423 τοῦ
895 2371 1015 2439 πρὸς
1049 2372 1103 2424 τὸ
1140 2376 1310 2441 χρῆναι
1345 2371 1583 2424 διδάσκειν
1608 2372 1899 2437 ἐμποιητικά·

317 2453 604 2521 παρατρέπει
655 2453 703 2504 δὲ
751 2455 999 2521 χρησίμως
1048 2459 1131 2505 τοῦ
1177 2455 1327 2520 λόγου
1371 2453 1457 2519 τὴν
1499 2454 1695 2518 δύναμιν
1735 2455 1810 2505 ἐπὶ
1849 2452 1905 2504 τὸ

318 2535 767 2602 προευτρεπίζεσθαι
794 2539 908 2599 δεῖν,
940 2535 1016 2586 καὶ
1040 2536 1426 2603 προεσκευάσθαι
1453 2541 1673 2590 νεανικῶς
1702 2535 1821 2602 πρὸς
1845 2534 1905 2586 τὰ

277 2626 304 2667 d
322 2618 377 2687 ἐξ
409 2619 593 2669 ἐκείνων
618 2616 835 2681 ἐσόμενα,
863 2617 966 2682 ἤτοι
999 2618 1388 2684 προσδοκώμενα.
1443 2618 1498 2669 τὸ
1532 2617 1625 2685 γὰρ
1663 2617 1905 2685 αἰφνιδίως

321 2701 395 2749 καὶ
435 2700 675 2764 ἀδοκήτως
713 2702 839 2751 τισὶν
876 2698 1091 2763 ἐπελθὸν,
1125 2699 1283 2751 ἱκανὸν
1320 2700 1521 2769 ταράξαι
1559 2702 1634 2751 καὶ
1672 2699 1757 2765 τὴν
1795 2699 1904 2751 λίαν
1925 2717 1975 2754 30

331 2924 338 2935 ,
370 2877 427 2959 ελόῤ
446 2879 579 2959 §agaae
596 2879 680 2914 EF.
699 2880 828 2914 δειλίαν
846 2892 926 2915 cum
944 2880 1109 2916 asterisco
1126 2885 1287 2915 notatum
1305 2880 1400 2916 Aub.
1622 2891 1673 2926 30.
1698 2880 1842 2915 ἐπελθὸν
1860 2879 1901 2913 Ε.

322 2939 379 2958 επε
429 2940 477 2959 ειν
509 2933 538 2959 ⁴(
554 2951 561 2960 .
