2022 3272
124 118 249 145 xv.1.
371 105 442 145 IN
488 107 529 146 S.
564 106 900 148 JOANNEM.
964 107 1087 146 LIB.
1125 108 1175 148 X.
1238 108 1371 147 CAP.
1407 107 1467 146 Π.
1631 105 1714 144 543

123 214 379 282 καταπείθῃ
418 214 593 281 λόγοις,
633 217 787 269 ἐπίδος
825 215 910 280 τὴν
941 216 1105 267 πῖστιν
1139 218 1262 285 αὐτῷ
1300 222 1473 278 βοῶντι
1515 218 1715 283 Χριστῷ

1693 302 1713 310 Λ

125 302 152 325 “
178 295 333 360 Ἀμὴν
373 295 497 360 ἀμὴν
535 298 662 363 λέγω
704 299 824 362 ὑμῖν,
862 297 942 348 ἐὰν
980 298 1044 362 μὴ
1085 298 1269 366 φάγητε
1309 298 1394 362 τὴν
1434 297 1590 363 σάρκα
1630 320 1714 347 του

141 385 152 407 ‘
179 381 277 428 υἱοῦ
315 385 398 429 τοῦ
437 379 689 444 ἀνθρώπου
728 381 802 429 καὶ
844 381 978 443 πίητε
1019 382 1160 430 αὐτοῦ
1200 379 1253 431 τὸ
1296 379 1424 443 αἷμα,
1465 381 1547 429 οὐκ
1589 379 1754 445 ε”χετεο

126 466 153 488 “
180 458 300 524 ζωὴν
327 462 373 511 ἐν
400 462 592 514 ἑαυτοῖς.
648 462 673 511 ὁ
700 461 896 527 τρώγων
921 485 1012 525 μου
1037 462 1123 525 τὴν
1149 462 1308 528 σάρκα
1344 463 1419 512 καὶ
1452 461 1599 512 πίνων
1625 483 1716 523 μου

85 549 154 597 5“
181 541 234 592 τὸ
275 541 389 605 αἷμα
428 542 519 610 ε”χει
559 541 679 608 ζωὴν
704 543 903 605 αἰώνιον,
931 544 1063 610 κάγὼ
1103 544 1366 609 ἀναστήσω
1405 542 1547 594 αὐτὸν
1579 544 1626 592 ἐν
1659 545 1717 608 τῇ

128 623 361 692 “ε’σχάτῃ
399 624 593 693 ἡμέρα.”
647 624 825 678 ἀκούεις
870 625 959 690 ἠδη
1004 625 1176 677 λοιπὸν
1215 628 1420 693 ἐναργῶς
1463 624 1718 678 διειπόντος

128 707 282 767 αὐτοῦ,
312 708 372 760 ὡς
413 704 468 756 ἂν
500 706 565 770 μὴ
605 705 856 774 φάγωμεν
868 730 953 771 την
984 706 1141 773 σάρκα
1178 709 1319 759 αὑτοῦ
1355 731 1428 758 και
1461 730 1639 770 πιωμεν
1665 705 1719 757 τὸ

128 787 255 852 αἷμα,
296 789 379 839 οὐκ
419 789 586 856 ε’χομεν
624 791 672 839 ἐν
713 790 905 851 ἑαυτοῖς,
942 812 1198 851 τουτεστιν,
1240 793 1289 840 ἐν
1330 795 1388 857 τῇ
1430 789 1521 857 ὶδιᾳ
1562 790 1719 855 σαρκὶ,

129 869 248 936 ζωὴν
292 870 509 932 αἷώνιον;
574 870 758 935 νοηθείη
812 872 854 921 δ’
903 870 960 921 ἂν
1003 872 1030 935 ἡ
1080 871 1262 926 αἰώνιος
1310 871 1413 938 ζωὴ,
1461 874 1536 921 καὶ
1586 869 1721 934 μάλα

63 973 112 999 10
131 952 382 1015 δικαίως,ἡ
418 951 551 1021 σὰρξ
581 955 664 1015 τῆς
701 952 832 1018 ζωῆς,
859 952 1077 1004 τουτέστι
1112 960 1195 1004 τοῦ
1232 958 1550 1019 Μονογενοῦς.
1603 954 1721 1016 αὕτη

130 1033 178 1085 δὲ
205 1034 326 1098 ἡμᾶς
351 1034 604 1098 ἀνίστησιν
629 1036 677 1084 ἐν
703 1038 761 1101 τῇ
789 1035 970 1103 ἐσχάτῃ
997 1036 1164 1105 ἡμέρᾳ,
1195 1041 1295 1090 πῶς
1332 1035 1359 1101 ἦ
1391 1037 1495 1086 τίνα
1521 1033 1718 1101 τρόπον,

130 1116 314 1184 ἀκούσῃ
364 1115 448 1180 μὲν
496 1116 648 1180 δήπου
698 1116 901 1179 πάντως,
946 1117 1038 1183 ἐγὼ
1090 1118 1138 1169 δὲ
1188 1122 1330 1169 εἰπεῖν
1375 1119 1456 1168 οὐκ
1511 1115 1769 1181 ὀκνήσω(1

131 1197 286 1262 ἐπειδὴ
325 1197 418 1264 γὰρ
458 1197 591 1267 σὰρξ
626 1198 808 1264 ἐγένετο
847 1202 929 1263 τῆς
968 1200 1099 1266 ζωῆς,
1129 1199 1357 1262 τουτέστι,
1389 1206 1472 1251 τοῦ
1512 1202 1561 1250 ἐκ
1598 1203 1724 1250 Θεοῦ

133 1282 209 1331 καὶ
238 1281 429 1347 Πατρὸς
466 1280 844 1348 ἀναλάμψαντος
872 1281 1047 1346 Λόγου,
1073 1282 1192 1348 πρὸς
1224 1281 1310 1346 τὴν
1336 1285 1417 1346 τῆς
1446 1282 1562 1348 ζωῆς
1585 1303 1719 1345 μετε-

69 1387 114 1424 15
135 1362 326 1430 χώρησε
361 1362 570 1425 δύναμιν,
597 1365 672 1413 καὶ
711 1363 815 1412 ε”στι
854 1367 950 1413 τῶν
985 1363 1254 1431 ἀμηχάνων,
1282 1364 1469 1434 θανάτῳ
1506 1367 1727 1414 νικᾶσθαι

134 1445 220 1509 τὴν
248 1444 382 1511 ζωήν.
437 1446 603 1495 οὐκοῦν
638 1444 824 1511 ἐπείπερ
862 1446 911 1495 ἐν
947 1446 1056 1510 ἡμῖν
1087 1447 1281 1511 γε’γονεν
1315 1447 1342 1510 ἡ
1383 1445 1489 1513 ζωὴ,
1516 1450 1609 1496 τῶν
1643 1451 1726 1496 τοῦ

135 1525 340 1577 θανάτου
376 1529 566 1590 δεσμῶν
593 1528 675 1577 οὐκ
710 1527 935 1595 ἀνέξεται,
963 1527 1142 1592 νικήσει
1176 1528 1223 1579 δὲ
1262 1526 1450 1582 πάντως
1485 1527 1572 1592 τὴν
1599 1531 1721 1596 φθο-

1774 298 1879 337 Supra
1894 297 1936 327 vi.

1777 350 1826 380 53,
1842 350 1893 381 54·

1789 1611 1802 1634 1
1817 1603 1891 1635 Cor.

135 1608 237 1675 ράν,
271 1609 456 1705 ἐπείπερ
495 1609 578 1659 οὐκ
619 1606 711 1659 οἶδε
750 1609 808 1659 τὰ
847 1609 904 1678 ἐξ
939 1610 1080 1673 αὐτῆς
1120 1611 1379 1673 ὑπομενειν.
1435 1611 1490 1661 οὐ
1527 1609 1659 1676 γαρ6
1664 1609 1723 1673 (ἡ
1786 1658 1838 1679 xv
1857 1656 1909 1688 50

1098 1691 1122 1707 ’9

137 1690 351 1759 “φθορά
385 1713 471 1754 την
498 1690 775 1759 ἀφθαρσίαν
802 1693 1107 1757 κληρονομεῖ,’
1151 1691 1271 1743 κατὰ
1304 1692 1389 1757 τὴν
1415 1698 1497 1743 τοῦ
1527 1692 1726 1743 Παύλου

71 1801 119 1826 20
139 1771 318 1843 φωνήν.
390 1776 425 1822 εἰ
474 1771 566 1838 γὰρ
613 1796 689 1823 και
737 1772 808 1823 ὅτι
859 1771 1075 1836 μάλιστα
1118 1774 1330 1840 Χριστός
1373 1772 1516 1840 Ἐγὼ,
1562 1776 1767 1842 φησιν,θ

138 1853 401 1918 ἀναστήσω
444 1853 599 1916 αὑτὸν,
639 1854 741 1921 οὐχὶ
783 1852 903 1922 μόνῃ
944 1859 1002 1923 τῇ
1045 1856 1137 1924 ἰδίᾳ
1176 1856 1452 1923 περιτέθεικε
1492 1858 1635 1922 σαρκὶ
1673 1854 1729 1906 τὸ

140 1937 372 1988 δύνασθαι
418 1938 664 1986 διανιστᾶν
703 1935 811 1989 τοὺς
855 1937 1228 2000 κεκοιμημένους,
1267 1939 1378 1988 ἀλλ’
1420 1937 1468 1988 ἓν
1507 1935 1731 2005 ὑπάρχων

140 2018 257 2083 μετὰ
284 2021 366 2081 τῆς
395 2018 510 2071 ἰδίας
537 2016 715 2083 σαρκὸς
742 2019 766 2068 ὁ
794 2019 842 2068 ἐν
868 2019 986 2086 αὐτῇ
1015 2018 1136 2072 Θεὸς
1158 2019 1331 2085 Λόγος,
1349 2019 1403 2070 τό
1428 2020 1559 2084 Ἐγώ
1587 2024 1729 2087 φησι,

142 2102 218 2152 καὶ
253 2100 362 2150 λίαν
389 2100 555 2164 ὀρθῶς.
613 2100 666 2149 οὐ
705 2098 797 2165 γὰρ
837 2104 899 2153 εἷς
936 2104 1046 2150 υἱῶν
1081 2101 1229 2151 δυάδα
1262 2102 1475 2164 τέμνεται
1500 2099 1732 2168 Χριστὸς,

76 2203 125 2242 25
144 2183 248 2232 οὔτε
285 2180 378 2245 μὴν
417 2180 674 2246 ἀλλότριον
709 2186 793 2231 τοῦ
834 2185 1138 2247 Μονογενοῦς
1178 2182 1441 2247 ὑπονοήσαι
1479 2206 1549 2236 τις
1589 2182 1646 2233 ἂν
1680 2181 1735 2233 τὸ

143 2268 287 2326 σῶμα
313 2264 469 2326 αὐτοῦ,
496 2261 659 2330 ὥσπερ
685 2264 767 2314 οὖν
794 2263 958 2327 ἀμέλει
985 2266 1060 2314 καὶ
1087 2267 1168 2328 τῆς
1196 2265 1421 2331 ἡμετέρας
1454 2267 1618 2334 ψυχῆς
1652 2265 1737 2315 οὐκ

120 2342 122 2346 ⁸
145 2343 202 2396 ἂν
230 2343 363 2407 οἶμαί
383 2367 452 2398 τις
479 2345 736 2411 ἀλλότριον
761 2350 991 2412 προσερεῖ
1011 2344 1065 2397 τὸ
1092 2351 1235 2409 σῶμα
1263 2348 1422 2411 αὐτῆς.

211 2426 331 2478 “Ore
359 2426 515 2477 τοίνυν
541 2428 615 2477 καὶ
643 2426 720 2477 διὰ
745 2427 925 2478 τούτων
951 2428 1061 2492 ἡμῖν
1087 2429 1413 2496 ἀναπέφανται
1438 2434 1533 2480 τῶν
1559 2433 1733 2495 θεωρη-

145 2507 322 2571 μάτων,
347 2507 561 2570 ἄμπελος
586 2507 671 2570 μὲν
699 2508 924 2575 ὑπάρχων
949 2508 1069 2559 κατὰ
1095 2516 1234 2560 τοῦτο
1259 2510 1487 2576 Χριστὸς,
1514 2510 1736 2574 κλήματα
1753 2538 1776 2563 a
1805 2529 1894 2564 864
1907 2527 1961 2564 A.

81 2617 130 2653 30
148 2589 197 2641 δὲ
224 2590 366 2654 ἡμεῖς,
391 2587 472 2639 ἅτε
500 2588 556 2652 δὴ
584 2591 658 2639 καὶ
685 2593 769 2653 τῆς
792 2589 911 2654 πρὸς
938 2590 1079 2641 αὐτὸν
1105 2591 1316 2657 ἐχόμενοι
1348 2593 1604 2650 κοινωνίας,
1633 2593 1738 2659 οὐχὶ

147 2670 294 2736 μόνον
330 2674 663 2734 πνευματικῆς,
706 2670 838 2721 ἀλλὰ
878 2673 954 2722 καὶ
995 2675 1284 2735 σωματικῆς·
1331 2673 1381 2723 τί
1414 2671 1568 2737 μάτην
1605 2673 1738 2737 ἡμῶν

201 2827 230 2850 Ι.
258 2815 449 2850 zaram-efflet
470 2815 511 2849 Ε.
741 2829 774 2859 4.
801 2818 931 2851 ἑαυτοῖς
949 2817 990 2850 Ε.
1009 2817 1122 2852 αὐτοῖς
1140 2815 1207 2850 Ed.
1442 2828 1496 2862 13.
1521 2817 1587 2862 ’γὰρ
1605 2829 1676 2852 om.
1696 2818 1738 2852 E.

154 2873 208 2906 21„
234 2862 462 2905 ἀναστήσεται
482 2862 523 2896 Ε.
595 2863 800 2907 περιτέθεικε
819 2866 858 2906 τῇ
879 2863 946 2907 ι’δίᾳ
963 2863 1102 2897 inverso
1120 2862 1244 2896 ordine
1264 2863 1305 2897 E.
1489 2874 1545 2908 23.
1572 2866 1590 2898 ὁ
1607 2876 1676 2900 om.
1696 2865 1738 2899 Ε.

155 2909 209 2943 28.
234 2909 446 2953 ἀναπεφᾶται
467 2908 506 2941 E.
