2037 3266
309 139 394 180 576
711 140 762 182 Β.
796 140 1070 183 CYRILLI
1111 142 1498 184 ALEXANDR.
1649 156 1717 182 xv.
1741 153 1806 190 12,
1828 152 1891 194 13.

309 246 364 298 τὸ
407 247 615 300 νεανικὸν
658 251 735 302 καὶ
780 249 1008 319 φιλόθεον
1053 250 1434 319 ἐγχαλκεύοντος,
1482 253 1557 302 καὶ
1601 253 1664 304 εἷς
1708 246 1893 315 ἄμαχόν

310 353 414 381 τινα
444 333 520 382 καὶ
552 332 942 398 ἀκαταγώνιστον
977 334 1236 399 ἐγείροντος
1265 334 1530 400 προθυμίαν
1555 335 1617 386 εἰς
1648 332 1702 383 τὸ
1737 329 1893 382 πάντα

144 484 150 491 .
194 483 201 490 ι
311 418 571 480 κατορθοῦν
598 415 867 481 ἐπείγεσθαι
893 420 1079 481 γοργῶς
1105 415 1163 466 τά
1191 416 1316 485 αὐτῷ
1341 416 1688 482 θυμηρέστατα.
1741 417 1892 464 τοιοῦ-

88 484 214 559 {lh-‘¹³‘
272 513 394 545 οτον
431 496 541 560 ἡμῖν
578 495 743 548 ἑαυτὸν
768 497 999 548 ἐπεδείκνυ
1031 497 1186 563 λέγων
1219 499 1243 547 ὁ
1273 501 1468 551 Παῦλος
1508 504 1534 527 “
1554 497 1692 559 Ἐμοὶ
1718 494 1812 560 γὰρ
1837 494 1891 545 τὸ

91 572 250 655 ssfissgv'
312 582 340 605 “
365 574 448 642 ζῆν
484 578 698 644 Χριστὸς
732 580 807 629 καὶ
842 577 897 629 τὸ
937 580 1190 630 ἀποθανεῖν
1229 579 1429 645 κε’ρδος,”
1482 581 1557 629 καὶ
1595 577 1743 629 πάλιν
1779 577 1889 626 “‘H
1911 586 1933 624 5

310 666 338 688 ‘⁶
364 659 459 726 γὰρ
497 659 658 726 ἀγάπη
697 665 780 710 τοῦ
818 663 1035 727 Χριστοῦ
1074 660 1261 728 συνέχει
1299 661 1419 724 ἡμᾶς
1457 661 1701 726 κρίναντας
1739 663 1891 721 τοῦτο,

311 747 339 770 “
365 741 435 792 ὅτι
466 741 528 795 εἷς
560 741 675 807 ὑπὲρ
705 741 897 792 πάντων
924 742 1166 804 ἀπέθανεν,
1195 742 1287 809 ἄρα
1325 746 1368 793 οἱ
1405 741 1577 795 πάντες
1616 738 1889 803 ἀπε’θανον,”

86 821 225 905 ἓξὶῐῃΞὸ.
310 826 385 874 καὶ
410 822 528 890 πρὸς
554 823 733 876 τούτοις
760 823 825 874 ε”τι
853 830 879 852 “
896 825 982 877 Τίς
1008 824 1127 888 ἡμᾶς
1150 825 1342 892 χωρίσει
1369 823 1461 875 ἀπὸ
1488 827 1570 888 τῆς
1596 821 1783 888 ἀγάπης
1808 827 1892 873 τοῦ

311 912 337 935 “
362 909 613 972 Χριστοῦ;
671 906 842 974 θλίψις
879 904 908 969 ἦ
948 907 1240 973 στενοχωρία
1277 905 1306 971 ἢ
1346 905 1484 970 λιμὸς
1522 905 1550 971 ἢ
1590 903 1824 970 γυμνότης
1862 902 1891 968 ἢ

311 995 338 1016 “
365 988 575 1041 κίνδυνος
602 986 628 1052 ἢ
656 986 865 1055 μάχαιρα
885 988 928 1048 ;”
970 988 1162 1050 ἀκούεις,
1202 987 1328 1041 ὅπως
1368 987 1500 1038 οὐδὲν
1530 987 1653 1040 ὅλως
1692 987 1812 1055 ἕξειν
1837 985 1890 1037 τὸ
1914 1007 1962 1032 10

310 1071 623 1120 ἀντιστατοῦν
657 1068 1018 1135 ἐπαγγέλλεται,
1045 1069 1193 1135 ἤγουν
1225 1068 1488 1121 διακόπτειν
1523 1068 1690 1137 ἰσχύον
1716 1072 1798 1133 τῆς
1829 1072 1892 1122 εἷς

87 1150 136 1181 Cf.
155 1151 240 1181 iufra

86 1205 151 1225 xxx.
175 1203 224 1234 15,

309 1151 526 1217 Χριστὸν
552 1150 741 1217 ἀγάπης
773 1151 969 1212 αῦτούςς
1010 1155 1048 1202 εἰ
1075 1151 1123 1202 δὲ
1149 1150 1202 1203 τὸ
1228 1153 1488 1215 ποιμαίνειν
1514 1151 1573 1203 τὰ
1597 1150 1790 1215 ποίμνια
1816 1152 1892 1201 καὶ

89 1236 138 1269 16.

264 1250 291 1290 d
308 1232 361 1283 τὸ
387 1233 582 1294 βόσκειν
608 1233 668 1284 τὰ
706 1235 842 1300 ἀρνία
880 1240 963 1285 τοῦ
989 1238 1220 1300 Χριστοῦ,
1247 1240 1385 1285 τοῦτο
1420 1234 1476 1284 ἂν
1503 1234 1570 1298 ε’ίη
1609 1232 1663 1284 τὸ
1702 1234 1892 1298 ἀγαπᾶν

307 1314 465 1366 αὐτόν·
519 1320 619 1369 πῶς
647 1317 729 1366 οὐκ
756 1314 891 1366 ἐ’σται
918 1316 1288 1380 προδηλότατον,
1316 1316 1386 1367 ὅτι
1413 1318 1487 1367 καὶ
1515 1314 1718 1367 θανάτου
1744 1315 1892 1381 κρείτ-

307 1421 402 1449 των
427 1397 597 1461 ἔσεται,
625 1401 763 1466 φησὶ,
791 1402 1011 1464 διωγμῶν
1042 1421 1091 1449 τε
1131 1401 1206 1449 καὶ
1245 1400 1479 1466 μαχαίρας
1517 1397 1729 1461 ἀμείνων,
1769 1398 1886 1446 ἀλο-
1914 1417 1961 1457 15

307 1479 447 1546 γήσει
473 1479 521 1530 δὲ
546 1485 789 1534 παντελῶς
817 1483 890 1531 καὶ
923 1481 1239 1548 στενοχωρίας
1267 1481 1291 1530 ὁ
1319 1480 1401 1531 τὸν
1427 1479 1662 1547 σωτήριον
1685 1483 1781 1532 τοῖς
1809 1479 1893 1529 οὐκ

309 1561 457 1612 εἰδόσι
485 1562 608 1613 Θεὸν
648 1561 965 1628 διακηρύττων
991 1561 1174 1628 λόγον,
1219 1567 1255 1614 εἰ
1283 1561 1330 1613 δὲ
1361 1562 1416 1626 δὴ
1441 1561 1676 1628 προσήκοι
1706 1560 1782 1611 διὰ
1807 1559 1892 1624 τὴν

309 1650 393 1695 τοῦ
433 1644 663 1709 νοήματος
701 1643 987 1713 συστροφὴν
1025 1642 1107 1695 τὸν
1145 1649 1228 1695 τοῦ
1268 1647 1486 1711 Σωτῆρος
1525 1641 1892 1708 συνενεγκόντας

310 1725 472 1791 λόγον,
494 1727 962 1796 κεφαλαιωδεό·τερον
989 1730 1128 1777 εἰπεῖν
1154 1725 1178 1777 ὃ
1204 1727 1427 1787 βούλεται
1453 1729 1568 1792 δρᾶν
1594 1722 1700 1778 τοῦς
1727 1725 1892 1775 ἑαυτοῦ

311 1808 540 1872 μαθητάς·
584 1807 869 1859 ἀοκνότατόν
896 1831 943 1859 τε
972 1811 1047 1859 καὶ
1076 1807 1252 1861 παντὸς
1273 1808 1364 1877 ἔξω
1382 1809 1594 1871 δείματος
1620 1806 1701 1857 τὸν
1728 1810 1892 1856 οἰκεῖον
1913 1825 1962 1850 20

312 1890 628 1957 διασώζοντας
668 1896 790 1953 νοῦν,
824 1890 907 1941 τὸν
945 1893 1028 1954 τῆς
1067 1893 1128 1944 εἷς
1167 1889 1308 1941 αὐτὸν
1346 1889 1550 1943 πίστεως
1591 1891 1893 1955 ἱερουργῆσαι

272 1994 293 2021 e
312 1972 486 2023 κελεύει
525 1971 685 2039 λόγον,
713 1974 788 2023 καὶ
827 1977 922 2025 τοῖς
954 1971 1044 2021 ἀνὰ
1072 1977 1236 2023 πᾶσαν
1274 1971 1358 2035 τὴν
1388 1969 1655 2035 οἰκουμένην
1691 1970 1894 2038 ἐμφανὲς

312 2057 612 2118 καταστῆσαι
652 2053 706 2105 τὸ
747 2052 1039 2119 εὐαγγέλιον.
1084 2053 1196 2104 αὐτὸ
1236 2053 1283 2104 δέ
1321 2059 1460 2104 τοῦτο
1498 2057 1573 2104 καὶ
1616 2051 1690 2103 διὰ
1733 2054 1893 2119 φωνῆς

88 2151 144 2183 Es.
158 2152 201 2184 xl.
215 2162 245 2194 9·
311 2135 519 2187 Ἠσαίου
553 2137 715 2203 φησίν·
760 2135 907 2186 “Έπ’
937 2134 1043 2202 ὅρος
1069 2135 1261 2204 ὑψηλὸν
1288 2135 1489 2199 ἀνάβηθι
1529 2136 1553 2185 ὁ
1593 2132 1890 2199 εὐαγγελιζό-

313 2225 340 2247 “
365 2241 501 2282 μενος
529 2217 666 2281 Σιὼν,
695 2220 898 2284 ὕψωσον
924 2222 982 2285 τῇ
1015 2218 1150 2284 ἰσχύϊ
1177 2216 1261 2281 τὴν
1286 2216 1448 2285 φωνήν
1475 2238 1566 2267 σου
1591 2216 1616 2266 ὁ
1643 2217 1889 2281 εὐαγγελι-
1914 2231 1961 2270 25

312 2307 339 2329 “
367 2299 553 2365 ζόμενος
595 2299 929 2366 Ἰερουσαλήμ·
996 2299 1243 2365 ἰσχύσατε,
1283 2298 1347 2362 μὴ
1399 2296 1674 2366 φοβεῖσθε.”
1740 2295 1765 2347 ὃ
1817 2298 1894 2347 καὶ

312 2381 544 2432 δύνασθαι
576 2381 873 2449 ἐξαιτοῦντας
910 2379 1042 2446 παρὰ
1081 2383 1205 2430 Θεοῦ
1245 2383 1504 2446 κατορθοῦν
1543 2380 1596 2429 δι’
1626 2377 1895 2429 ε’κτενεστά-

312 2486 395 2527 της
426 2466 697 2530 προσευχῆς
732 2465 806 2513 καὶ
832 2461 998 2515 αὐτοὺς
1037 2462 1297 2528 εὑρήσομεν
1323 2460 1428 2515 τοῦς
1469 2462 1628 2526 ἁγίους
1666 2459 1893 2524 μαθητὰς,

86 2551 246 2627 ἓθῑῆὶὲῧ·
312 2544 388 2596 ὅτε
423 2548 505 2609 τῆς
537 2544 776 2596 Ἰουδαίων
818 2549 1187 2611 κατηγοροῦντες
1225 2544 1447 2597 ἀπονοίας
1486 2543 1699 2610 ἔφασκον
1750 2549 1776 2570 “
1799 2543 1893 2592 Καὶ

89 2607 155 2681 29Ιῗ·
208 2620 215 2627 ’
313 2635 339 2658 “
364 2627 423 2678 τὰ
449 2633 544 2690 νῦν,
576 2627 734 2694 Κύριε,
762 2626 885 2678 ε”πιδε
911 2627 986 2676 ἐπὶ
1017 2624 1101 2680 τὰς
1139 2625 1335 2679 ἀπειλὰς
1374 2626 1540 2687 αὐτῶν,
1569 2626 1643 2675 καὶ
1683 2622 1761 2677 δὸς
1798 2628 1893 2678 τοῖς
1912 2645 1962 2681 3ο

314 2718 340 2740 “
362 2709 548 2764 δούλοις
598 2732 690 2760 σου
737 2707 854 2772 μετὰ
903 2707 1171 2774 παῤῥησίας
1222 2712 1388 2757 λαλεῖν
1431 2705 1514 2757 τὸν
1564 2704 1712 2771 λόγον
1753 2704 1891 2756 σου.”

92 2804 179 2839 888
194 2803 246 2838 A.
274 2813 295 2838 a
314 2791 700 2858 ὁμολογουμένως
725 2788 809 2854 μὲν
839 2787 931 2856 γὰρ
958 2793 1054 2843 τοῖς
1088 2791 1384 2855 ἱερουργοῦσι
1422 2786 1476 2839 τὸ
1515 2786 1788 2853 εὐαγγέλιον
1811 2792 1893 2838 τοῦ

663 2960 718 2994 29.
745 2947 902 2984 ἀπονοίας
920 2950 1179 2993 κατηγοροῦντες
1197 2949 1334 2983 inverso
1353 2947 1473 2982 ordine
1492 2947 1533 2981 E.
