2022 3272
81 136 234 166 xwzz,
318 124 390 164 IN
433 124 474 164 S.
509 121 844 163 JOANNEM.
909 121 1030 161 11113.
1067 121 1116 161 X.
1182 120 1314 161 CAP.
1350 121 1410 161 ΙΙ.
1586 120 1669 158 599

80 233 137 301 ἐξ
172 232 315 299 οὗπέρ
354 236 458 295 εἰμι,
491 231 594 283 οὐδὲ
633 230 782 296 μόνην
812 230 898 294 τὴν
933 231 1002 281 ἐπ’
1031 229 1249 293 ἀθεότητι
1287 232 1459 297 ψῆφον
1490 229 1667 278 ἀποκο-

81 319 294 379 μιοῦνται
334 315 539 375 δικαίως,
582 312 714 364 ἀλλὰ
759 311 852 378 γὰρ
891 312 967 362 καὶ
1006 311 1124 379 αὐτῇ
1161 308 1332 361 λοιπὸν
1371 312 1670 372 ἐπιτιμῶντες

83 396 418 462 εὑρεθήσονται
469 400 528 462 τῇ
572 396 727 463 σοφίᾳ
776 399 858 445 τοῦ
904 397 1028 444 Θεοῦ
1079 394 1154 443 καὶ
1209 390 1417 457 Πατρός.
1487 394 1524 440 εἰ
1576 389 1670 455 γὰρ

83 478 268 545 ἔπεμψε
300 477 387 542 μὲν
412 477 495 528 τὸν
522 478 637 528 ’ίδιον
663 475 782 527 Υἰὸν
809 478 1059 542 ε’γεροῦντα
1085 472 1138 525 τὸ
1166 471 1452 537 ὠλισθηκὸς,
1483 473 1672 521 ἀνακαι-

42 579 64 619 5
86 565 255 611 νοῦντα
286 559 341 611 τὸ
368 559 777 625 συντετριμμένον,
806 556 1176 624 κατορθώσοντά
1207 578 1255 607 τε
1290 561 1385 608 τοῖς
1420 556 1468 605 ἐν
1505 552 1672 621 κόσμῳ

84 642 170 707 τὴν
196 641 331 709 ζωὴν,
357 641 673 711 ἀντεξάγουσι
713 641 797 705 μὲν
833 643 994 692 ἐκεῖνοι
1032 641 1107 690 καὶ
1146 638 1517 705 ἀντιπράττουσι
1557 639 1674 686 δυσ-

83 729 243 785 σεβῶς
281 730 377 778 τοῖς
413 724 734 791 διακηρύττειν
761 723 981 775 ἐθέλουσι
1020 721 1104 773 τὸν
1135 721 1304 772 τούτου
1342 717 1668 784 κατορθωτὴν,

83 810 183 859 πῶς
209 807 263 857 οὐ
290 807 399 857 λίαν
424 808 631 873 ἐναργῶς
658 803 938 871 ἠγνοηκότες
966 804 1240 855 ἁλώσονται
1267 804 1343 853 καὶ
1370 803 1496 870 αὐτῷ
1522 798 1672 867 μαχό-
1690 814 1718 855 b

84 910 215 951 μενοι
255 892 322 958 τῷ
367 888 617 956 πέμψαντί
655 909 748 951 μες,
805 886 881 938 διὰ
924 886 1018 953 γὰρ
1062 891 1144 937 τοῦ
1185 886 1458 948 πέμπεσθαι
1500 883 1673 947 λε’γειν,

18 994 66 1020 10
87 969 206 1035 ὅλην
256 971 367 1034 ἡμῖν
417 973 500 1034 τῆς
552 968 671 1033 μετὰ
721 968 901 1035 σαρκὸς
958 968 1223 1031 οἰκονομίας
1286 964 1538 1031 εἰσκομίζει
1587 963 1675 1027 τὴν

87 1050 317 1116 δήλωσιν·
372 1053 397 1101 ὁ
432 1051 479 1102 δὲ
512 1049 757 1116 ἠγνοηκὼς
793 1051 859 1102 τὶν
886 1045 1165 1118 πέμψαντα,
1193 1050 1268 1099 καὶ
1297 1046 1422 1098 Θεὸν
1446 1046 1677 1113 ἠγνόηκεν

86 1135 134 1185 ἐν
160 1135 314 1204 ταύτῷ
340 1135 414 1185 καὶ
440 1132 494 1184 τὸ
521 1136 604 1197 τῆς
630 1135 908 1196 ἀποστολῆς
935 1131 1142 1197 ἀτιμάζει
1168 1129 1448 1197 μυστήριον.

93 1303 137 1346 Εἰ
176 1305 231 1354 μή
271 1302 403 1347 ἦλθον
442 1305 510 1346 καὶ
548 1306 739 1347 &moinum
777 1302 934 1355 αὐτοῖς,
979 1302 1191 1359 ἁμαρτίαν
1232 1303 1308 1343 οὐκ
1353 1297 1540 1356 εἷ’χοοαν·
1603 1303 1675 1342 νῦν
1698 1317 1746 1343 22

241 1388 287 1430 δὲ
325 1389 543 1446 Πρόφασιν
582 1390 657 1431 οὐκ
695 1389 837 1445 ἔχουσι
875 1386 972 1444 Περὶ
1013 1391 1082 1428 τῆς
1120 1385 1333 1443 ἁμαρτίας
1372 1384 1526 1426 αὐτῶν.

23 1524 70 1563 15
165 1504 293 1570 Διχῇ
329 1502 519 1566 νοητεόν
545 1501 599 1554 τὸ
637 1504 686 1554 ἐκ
721 1506 816 1554 τῶν
846 1501 1163 1568 προκειμένων
1190 1498 1590 1564 ὑποδηλούμενον.
1644 1500 1722 1554 elo

91 1584 181 1651 γὰρ
209 1584 351 1636 οἴοιτό
389 1608 459 1639 τις
498 1584 643 1653 τυχὸν
681 1585 799 1651 πρὸς
825 1582 1076 1648 “Έλληνάς
1114 1605 1164 1634 τε
1204 1584 1280 1633 καὶ
1304 1582 1559 1635 Ἰουδαίους
1596 1580 1681 1631 τὸν

88 1667 163 1717 ἐπὶ
201 1666 351 1736 τούτῳ
382 1667 603 1733 γενέσθαι
643 1666 811 1732 λόγον,
842 1665 985 1717 ἐκεῖνό
1025 1670 1196 1733 φαμεν,
1225 1666 1287 1718 ὡς
1321 1669 1353 1715 εἰ
1382 1662 1443 1732 μὴ
1471 1662 1680 1729 ἐγεγόνει

89 1747 208 1815 πρὸς
254 1747 468 1803 ἅπαντας
511 1748 619 1803 τοὺς
670 1747 808 1802 ὄντας
853 1750 928 1799 ἐπὶ
976 1750 1060 1812 τῆς
1101 1750 1188 1813 γῆς
1237 1746 1292 1797 τὸ
1339 1746 1464 1797 θεῖόν
1509 1768 1558 1796 τε
1603 1745 1682 1795 καὶ

91 1828 307 1896 οὐράνιον
346 1830 578 1897 κήρυγμα,
620 1833 741 1899 φημὶ
784 1829 841 1894 δὴ
882 1829 937 1880 τὸ
980 1827 1302 1895 εὐαγγελικὸν,
1337 1824 1682 1893 παραδεικνύων

24 1939 74 1964 20
93 1912 278 1982 ἑκάστῳ
319 1915 402 1977 τῆς
442 1912 679 1979 σωτηρίας
724 1911 810 1976 τὴν
855 1910 978 1972 ὁδὸν,
1022 1912 1096 1961 καὶ
1148 1909 1208 1961 τὰ
1248 1913 1331 1974 τῆς
1382 1908 1680 1972 δικαιοσύνης

91 1994 208 2060 ε”ργα
238 2000 616 2057 καταλευκαῖνον,
642 1992 700 2058 ἧν
725 1992 782 2044 ἂν
807 1993 924 2047 ’ίσως
959 1992 1145 2062 ἑκάστω
1171 1990 1317 2057 λόγος
1357 1992 1439 2042 οὐκ
1476 1988 1681 2054 ἀσθενὴς

93 2081 153 2130 εἰς
191 2078 481 2143 παραίτησιν
509 2081 604 2127 τῶν
629 2077 682 2127 οὐ
721 2074 917 2145 σφόδρα
957 2074 1314 2143 φιλεργούντων
1347 2077 1410 2128 εἰς
1441 2071 1624 2140 ἀρετὴν,
1650 2071 1679 2135 ἡ

91 2162 186 2210 τῶν
229 2158 530 2226 ἀρεσκόντων
570 2161 677 2228 Θεῷ
718 2155 958 2221 παντελὴς
1003 2156 1193 2221 ἀμαθία·
1249 2155 1396 2220 ταύτη
1438 2178 1510 2206 τοι
1551 2176 1674 2220 συγ·
1697 2160 1726 2202 d

93 2240 283 2306 γνώμης
317 2240 570 2309 ἀξιοῦσθαι
602 2244 912 2307 παρακαλεῖν.
968 2237 1125 2304 ἐπειδὴ
1164 2236 1212 2290 δὲ
1251 2236 1370 2304 πρὸς
1410 2235 1620 2290 ἅπαντας
1656 2236 1681 2286 ὁ

27 2344 75 2382 25
94 2325 176 2386 τῆς
214 2321 507 2388 εἰσηγήσεως
545 2321 690 2388 λόγος
728 2321 990 2386 πεποίηται,
1029 2321 1096 2375 τίς
1128 2319 1187 2371 ἂν
1216 2320 1284 2385 ε’ίη
1324 2318 1496 2371 λοιπὸν
1531 2320 1556 2370 ὁ
1598 2320 1682 2382 τῆς

93 2403 422 2470 παραιτήσεως
466 2403 624 2470 λόγος,
664 2403 694 2469 ἢ
738 2405 888 2457 ποίοις
933 2401 990 2454 ἂν
1034 2401 1269 2471 χρήσαιτό
1314 2424 1385 2456 τις
1425 2400 1545 2468 πρὸς
1597 2399 1682 2451 τὸν

98 2486 335 2552 Κρίνοντα
360 2484 539 2551 λόγοις,
557 2486 632 2536 ἐπὶ
656 2489 754 2539 τοῖς
778 2486 1048 2553 αἰσχίστοις
1074 2484 1192 2549 μετὰ
1218 2484 1304 2548 τὴν
1332 2483 1516 2549 γνώσιν
1540 2504 1680 2545 κατη-

95 2567 411 2634 γορούμενος;
456 2571 493 2617 εἰ
527 2566 576 2618 δὲ
610 2569 717 2632 περὶ
747 2565 905 2628 μόνων
932 2566 1064 2631 λε’γοι
1098 2568 1227 2617 τουτὶ
1265 2569 1360 2616 τῶν
1386 2563 1627 2614 Ἰουδαίων
1655 2564 1680 2613 ὃ

99 2649 286 2716 Κύριος,
324 2648 403 2700 ἅτε
445 2648 502 2713 δὴ
543 2651 619 2699 καὶ
662 2646 899 2702 πολλάκις
940 2646 1312 2714 ἀκροασαμένων
1354 2643 1679 2705 διδάσκοντος,

147 2789 179 2826 7.
204 2779 334 2815 τούτων
350 2791 381 2814 a.
402 2778 509 2814 Cord.
719 2789 771 2813 10.
799 2778 963 2822 ἐκκομίζει
981 2790 1011 2813 a.
1031 2777 1137 2812 Cord.
1345 2787 1399 2811 12.
1425 2775 1551 2822 ταύτῷ]
1574 2775 1681 2822 τούτῳ

100 2827 207 2862 Cord.
279 2826 335 2872 τὸ]
355 2826 436 2860 αὐτὸ
454 2827 492 2860 τὸ
513 2824 605 2859 Catt.
915 2836 967 2870 13.
995 2823 1153 2870 εἴχοσαν]
1173 2821 1266 2869 εἶχον
1284 2823 1338 2863 Ε.,
1358 2824 1401 2857 cf.
1418 2823 1454 2857 in
1472 2824 1532 2858 xii.
1552 2823 1681 2867 Proph-

100 2875 167 2908 812
186 2873 317 2954 biised
336 2872 379 2907 cf.
400 2884 506 2918 supra
523 2883 590 2918 309
610 2883 639 2913 c,
659 2880 725 2917 352
745 2883 774 2912 e,
794 2880 863 2917 373
881 2871 916 2906 b.
1026 2883 1078 2917 19.
1105 2870 1355 2916 παραδεικνύων
1370 2871 1415 2905 Ε.
1530 2878 1585 2916 27.
1612 2869 1683 2914 κρί-

101 2935 200 2955 ναντα
254 2947 260 2954 .
