1971 3272
89 143 316 197 xi.25—27.
366 144 433 184 IN
467 143 703 184 S.JOAN.
766 142 1002 183 L]ss.VII.
1066 144 1450 183 1³1mm011<ffi¹1½x.
1589 144 1670 183 275

90 251 317 310 πιστεύων,
346 254 455 303 ἀλλ’
485 252 609 316 ὅμως
649 252 781 303 οὐδὲν
814 254 863 303 ἐκ
897 252 1065 303 τούτου
1102 254 1313 303 πείσεται
1354 251 1520 314 δεινὸν,
1552 256 1676 301 Θεοῦ

91 334 347 397 δυναμένου
383 335 620 401 ζωοποιεῖν
645 333 850 388 εὐκόλως
886 333 939 385 ’ὸν
965 332 1024 384 ἂν
1049 334 1205 402 ἐθέλῃ·
1249 336 1273 384 ὁ
1309 333 1401 400 γὰρ
1437 338 1498 386 εἷς
1534 333 1676 384 αὐτὸν

90 416 368 479 πιστεύσας,
395 418 443 467 ἐν
478 421 543 486 τῷ
578 415 806 481 μέλλοντι
846 421 975 467 αἰῶνι
1011 417 1319 480 ἀτελεύτητον
1353 416 1445 483 ἔχει
1483 414 1603 479 ζωὴν
1629 417 1676 465 ἐν

91 496 398 564 μακαριότητι
443 501 518 549 καὶ
568 499 819 568 ὁλοκλήρῳ
865 500 1128 567 ἀφθαρσίᾳ.
1192 498 1261 549 διὸ
1307 498 1443 563 μήτις
1488 496 1676 562 γελάτω

50 592 72 631 5
92 584 187 630 τῶν
213 581 443 631 ἀπίστων·
484 582 538 631 οὐ
574 580 666 647 γὰρ
703 579 828 632 εἶπεν
854 582 878 631 ὁ
906 580 1120 646 Χριστός
1146 579 1352 646 Ἀποῖρτι
1389 579 1591 631 θάνατον
1623 580 1676 629 οὐ
1694 598 1715 625 e

90 660 156 725 μὴ
196 663 283 729 ἴδῃ,
317 664 448 713 ἀλλὰ
484 663 850 727 ἁπολελυμένως
887 664 1029 714 εἰπών
1057 662 1276 714 Θάνατον
1312 664 1365 712 οὐ
1403 661 1467 726 μὴ
1508 662 1580 730 ἴδῃ
1621 667 1677 716 εἰς

91 743 159 795 τὶν
204 743 355 802 alim,
401 749 505 811 περὶ
555 751 638 796 τοῦ
687 745 953 808 μέλλοντος
1003 750 1167 798 αἰῶνος
1215 743 1354 805 εἶπεν,
1398 750 1458 798 εἰς
1507 747 1678 794 ἐκεῖνον

91 825 305 893 τηρήσας
344 827 398 878 τὸ
437 827 581 894 πέρας
619 831 702 891 τῆς
742 827 1058 896 ὑποσχέσεως.
1128 827 1269 878 εἰπὼν
1309 826 1356 878 δὲ
1400 830 1456 894 τῇ
1499 827 1679 894 Μάρθα

95 907 337 972 Πιστεῦεις,
374 911 436 963 ὡς
474 909 652 977 μητέρα
694 911 771 960 καὶ
809 910 1042 979 πρόξενον
1081 913 1164 974 τῆς
1208 909 1324 976 ζωῆς
1369 910 1558 960 ἀπαιτεῖ
1596 911 1679 972 τῆς

27 1008 76 1034 10
92 989 299 1044 πίστεως
331 989 419 1055 τὴν
443 991 719 1057 ὁμολογίαν·
762 992 788 1055 ἡ
825 991 872 1042 δὲ
904 991 1098 1056 ἑτοίμως
1124 991 1348 1042 συνέθετο
1374 993 1448 1041 καὶ
1475 992 1679 1057 ἀκριβῶς

95 1073 333 1137 ὁμολογεῖ,
359 1074 446 1141 οὐχ
472 1074 636 1127 ἁπλῶς
662 1073 960 1125 πιστεύουσα
987 1073 1057 1124 ὅτι
1083 1073 1297 1139 Χριστός
1331 1075 1433 1124 ἐστι
1464 1075 1539 1123 καὶ
1565 1072 1680 1125 Υἱὸς

95 1159 178 1205 τοῦ
205 1157 346 1205 Θεοῦ·
384 1154 582 1223 χριστὸς
615 1154 710 1222 γὰρ
748 1155 940 1207 δύναται
975 1153 1088 1206 εἶναι
1125 1158 1200 1206 καὶ
1234 1154 1497 1224 προφήτης,
1525 1153 1600 1205 διὰ
1627 1153 1720 1205 rba
1752 1166 1838 1201 683
1852 1164 1903 1200 A·

95 1238 358 1304 κεχρίσθαι,
399 1239 423 1288 ὁ
463 1237 602 1292 αὐτὸς
641 1240 716 1288 καὶ
756 1237 848 1292 υἱὸς
889 1243 1098 1289 νοεῖσθαι
1131 1237 1340 1288 δύναται·
1399 1236 1530 1288 ἀλλὰ
1566 1236 1683 1300 μετὰ

96 1324 180 1370 τοῦ
215 1318 392 1386 ἄρθρου
431 1323 632 1371 εἰποῦσα
657 1320 714 1371 ‘O
742 1319 926 1390 Χριστός
960 1326 977 1372 o'
1005 1321 1102 1375 ’Υἱὸς
1130 1321 1200 1371 τοῦ
1228 1321 1356 1378 Θεοῦ,
1385 1318 1467 1370 τὸν
1493 1320 1573 1370 ἕνα
1608 1322 1684 1370 καὶ

29 1413 77 1452 15
96 1401 333 1470 ἐξαίρετον
357 1403 432 1452 καὶ
459 1404 651 1467 ἀληθῶς
677 1401 794 1453 Υὶὸν
820 1400 1154 1468 ὡμολόγησεν.
1208 1405 1270 1455 εἰς
1295 1400 1378 1452 τὸν
1405 1400 1522 1453 Υὶὸν
1548 1402 1630 1453 οὖν
1657 1402 1684 1465 ἡ

95 1485 270 1546 πίστις,
294 1484 376 1535 οὐκ
403 1487 465 1538 εἷς
490 1485 683 1549 ποίημα.

145 1677 176 1701 2.
203 1664 257 1711 ὃν]
278 1665 380 1711 ὅνπερ
399 1677 429 1700 a.
496 1665 577 1710 θέλῃ
596 1666 664 1700 a.k.
781 1676 815 1710 3.
842 1664 910 1708 ἕξει
928 1665 998 1699 a.k.
1119 1674 1152 1708 5.
1178 1662 1319 1709 ἀπάρτι]
1341 1665 1358 1697 ὁ
1375 1661 1547 1697 πιστεύων
1564 1663 1610 1697 εἷς
1628 1662 1685 1706 ε’μέ

96 1712 219 1757 ἀπάρτι
237 1713 305 1747 a.k.
465 1713 498 1748 6.
522 1714 567 1757 μὴ
586 1710 700 1758 prius]
720 1711 785 1756 μὴν
802 1712 897 1746 Aub.
1057 1711 1090 1745 8.
1120 1711 1194 1745 Ine.
1214 1711 1328 1745 Εἰπὼν
1345 1710 1379 1744 δὲ
1399 1712 1416 1744 ὁ
1438 1709 1560 1755 Κύριος
1577 1711 1617 1753 τῇ
1637 1721 1685 1743 m.

97 1771 131 1805 9.
157 1761 215 1804 τῆς
233 1759 329 1804 prius
347 1771 417 1794 om.
436 1771 516 1794 a.m.
734 1770 786 1793 11.
814 1759 1031 1804 ὁμολόγησεν
1048 1770 1095 1792 m.
1318 1768 1370 1792 12.
1396 1759 1456 1791 τοῦ
1475 1769 1544 1791 om.
1564 1757 1685 1790 a.k.m.

101 1815 155 1852 15.
181 1806 289 1850 ἀληθῆ
308 1818 355 1840 m.
428 1807 507 1840 Υἱὸν
524 1805 639 1852 prius]
660 1806 747 1839 Θεὸν
765 1817 811 1840 m.
982 1804 1035 1839 16.
1062 1803 1125 1850 εἷς]
1151 1808 1187 1845 4-
1209 1805 1247 1839 τὸ
1265 1816 1312 1837 m.
1390 1803 1533 1848 ποίημα]
1555 1803 1686 1848 Seque-

97 1853 228 1888 bantur
245 1853 273 1887 εἰ
289 1854 355 1899 γὰρ
371 1853 565 1897 ποίημα-ὁ
583 1854 723 1888 Παῦλός
739 1853 849 1897 φησιν
869 1852 902 1898 (e
919 1851 1025 1885 Thes.
1044 1853 1111 1896 328
1131 1851 1183 1895 b).
1293 1851 1335 1885 In
1353 1850 1437 1884 haec
1455 1851 1561 1884 verba
1584 1849 1687 1883 scho-

97 1901 168 1935 lion
198 1900 369 1945 (primum
398 1900 464 1933 hoc
494 1911 536 1933 ex
566 1906 644 1934 octo
674 1910 844 1933 novemve
877 1911 894 1933 e
923 1898 1055 1932 Catena
1080 1898 1201 1932 eadem
1229 1897 1295 1932 sub
1323 1898 1464 1930 nomine
1492 1897 1528 1930 S.
1550 1896 1686 1941 Cyrilli)

99 1947 239 1981 exhibet
264 1958 282 1980 e
306 1946 438 1980 Catena
456 1946 624 1980 Vaticana
648 1945 750 1990 (Reg.
773 1945 874 1980 Svec.
898 1945 986 1979 Cod.
1007 1957 1038 1988 9.
1060 1944 1120 1978 fol.
1143 1955 1207 1989 123
1226 1944 1274 1987 v.)
1296 1944 1369 1978 Mai
1388 1943 1498 1988 (Bibl.
1520 1943 1622 1977 Nova
1640 1942 1686 1976 iii.

102 1993 197 2038 135.)
227 1993 321 2027 unde
347 1993 482 2037 Migne.
546 1992 613 2026 Cui
642 1998 760 2026 autem
787 1991 938 2026 Catenae
968 2003 1039 2025 non
1068 1991 1203 2024 facilius
1231 1992 1286 2035 (ut
1311 1991 1395 2024 mihi
1421 1989 1572 2033 videtur)
1601 1988 1687 2022 fides

98 2039 283 2074 habenda:
320 2051 577 2085 nonnunquam
603 2051 684 2072 vero
713 2050 753 2072 ea
783 2050 872 2084 quae
901 2037 1042 2072 exhibet
1068 2038 1114 2071 D.
1135 2037 1307 2082 cyrillum
1337 2043 1513 2070 auctorem
1544 2036 1689 2069 minime

99 2086 243 2121 habent.
295 2085 518 2130 Quapropter
535 2097 574 2119 ea
591 2097 678 2131 quae
697 2084 792 2119 dedit
809 2085 940 2119 scholia
958 2084 1067 2118 codex
1084 2084 1152 2122 ille,
1171 2083 1214 2117 ad
1239 2084 1367 2117 calcem
1392 2084 1507 2117 solum
1528 2082 1688 2116 exhibeo.

103 2133 234 2168 Scholii
255 2132 361 2178 hujus
384 2133 487 2177 primi
509 2132 593 2166 haec
617 2137 701 2166 sunt
719 2131 843 2166 verba:
871 2133 966 2176 Τάχα
984 2131 1020 2165 δὲ
1038 2132 1069 2164 οἱ
1086 2131 1213 2165 πολλοὶ
1230 2133 1296 2164 τῶν
1312 2131 1554 2168 πιστευόντων,
1574 2130 1626 2162 καὶ
1643 2128 1688 2172 μὴ

101 2180 268 2226 ἄτρεπτον
287 2181 340 2213 καὶ
361 2180 502 2221 βέβαιον
522 2180 658 2224 ἔχοντες
682 2179 742 2222 τὴν
760 2179 889 2219 πίστιν,
907 2178 1055 2212 τοιοῦτοί
1077 2177 1164 2211 εἶσιν
1187 2176 1267 2211 ὥστ’
1288 2177 1327 2210 ἂν
1350 2177 1454 2210 εἰπεῖν
1477 2177 1555 2220 περὶ
1581 2176 1690 2209 αὐτῶν

102 2227 154 2262 ὅτι
183 2225 406 2262 πιστεύουσιν
435 2226 481 2261 εἷς
513 2227 572 2260 τὸν
599 2225 735 2269 Ἰησοῦν
761 2226 814 2259 καὶ
845 2225 1055 2270 ἐπιδέχονται
1082 2225 1120 2258 τὸ
1147 2223 1373 2267 ἀποθνήσκειν
1403 2224 1456 2256 καὶ
1489 2222 1689 2257 ἀποθάνοιεν

101 2285 195 2309 ποτε·
231 2273 454 2308 ἀποθανόντες
480 2273 527 2316 δὲ,
553 2273 592 2307 οὐ
616 2272 776 2316 μένουσιν
801 2272 836 2306 ἐν
860 2272 1003 2318 θανάτῳ,
1029 2271 1120 2305 ἀλλὰ
1148 2270 1317 2315 ζὴσονται.
1359 2270 1388 2303 εἷ
1414 2269 1453 2303 δέ
1479 2284 1530 2304 τις
1559 2269 1620 2312 ἤδη
1650 2270 1688 2302 τὸ

101 2321 269 2366 ἄτρεπτον
293 2321 346 2354 καὶ
370 2319 512 2360 βέβαιον
533 2319 736 2364 ἀνειληφὼς,
759 2320 842 2362 μετὰ
866 2319 987 2362 ταύτης
1011 2320 1070 2362 τῆς
1093 2318 1193 2361 ἕξεως
1217 2316 1385 2357 πιστεύοι,
1409 2315 1507 2351 οὗτος
1532 2316 1572 2350 ἂν
1595 2314 1643 2358 εἵη
1671 2316 1689 2348 ὁ

104 2369 168 2410 ζῶν
190 2367 243 2401 καὶ
266 2366 438 2401 πιστεύων
459 2367 512 2400 καὶ
533 2367 578 2411 μὴ
602 2365 871 2410 ἀποθανούμενος
896 2366 942 2401 εἷς
964 2366 1023 2400 τὸν
1043 2365 1155 2399 αἷῶνα·
1182 2362 1251 2399 οἶος
1275 2363 1314 2407 ἧν
1334 2365 1351 2397 ὁ
1375 2364 1534 2407 μακάριος
1552 2364 1691 2398 Παῦλος

102 2414 215 2461 λέγων
232 2417 255 2432 “
268 2413 326 2450 Τίς
342 2413 427 2458 ἡμᾶς
443 2414 586 2459 χωρίσει
603 2413 670 2448 ἀπὸ
686 2414 745 2457 τῆς
761 2413 893 2458 ἀγάπης
909 2414 969 2447 τοῦ
987 2414 1139 2457 Χριστοῦ
1151 2411 1189 2452 ;”
1216 2411 1269 2445 καὶ
1286 2411 1327 2444 τὰ
1344 2411 1433 2454 ἑξῆς.
