1971 3272
120 141 172 182 xi.
195 142 257 189 28,
281 154 343 193 29.
398 141 463 181 IN
498 141 540 180 S.
565 139 734 181 JOAN.
799 139 1033 181 LIBNH.
1099 141 1485 180 lvltAflssll-lN'l'sx.
1624 141 1707 179 277

119 247 282 315 φωνὴν
309 253 402 301 τοῖς
434 249 563 318 νόσῳ
590 247 937 312 πεπεδημένοις·
993 247 1107 314 ὅπερ
1145 247 1247 298 ἔστι
1285 251 1485 298 κατιδεῖν
1514 246 1706 312 γεγονὸς
1724 268 1744 289 ²1
1776 256 1864 289 684
1879 255 1930 288 Α·

117 330 197 380 ἐπί
218 353 265 380 τε
297 329 515 397 Λαζάρου
543 332 618 380 καὶ
645 333 726 393 τῆς
753 332 967 398 ἀδελφῆς
993 331 1153 380 αὐτοῦ.
1202 335 1369 398 σοφῶς
1397 329 1444 379 δὲ
1471 330 1497 393 ἡ
1529 327 1709 393 Μάρθα

119 414 192 462 καὶ
221 415 522 476 οἰκονομικῶς
547 412 946 478 προκατασπείρει
972 415 1053 476 τῆς
1079 413 1282 465 πίστεως
1313 410 1398 475 τὴν
1425 410 1704 475 ὁμολογίαν,

117 493 192 544 ἵνα
219 493 301 544 τὸν
326 494 382 563 ἐξ
405 495 547 558 αὐτῆς
575 495 742 562 θερίσῃ
769 493 964 561 καρπόν.

76 709 97 747 5
122 712 197 753 Καὶ
238 715 366 754 ταῦτα
408 709 582 754 εἰποῦσα
623 711 790 752 ἀπῆλθε
831 712 898 752 καὶ
942 710 1143 767 ὲφώνΗοε
1183 711 1357 768 Μαρίαν
1395 712 1471 753 τὴν
1511 711 1708 768 ἀδελφὴν
1731 713 1778 748 28

186 796 315 837 αὐτῆς
357 796 493 852 Λάθρα
534 793 714 836 εἰποῦσα
745 795 799 836 ‘O
842 795 1100 837 διδάσκαλος
1141 796 1321 852 Πάρεστι
1364 797 1431 836 καὶ
1473 795 1611 851 φωνεῖ
1649 812 1707 840 σε.

185 878 327 920 (zm-:ivn
367 879 412 920 δὲ
451 880 511 919 ὡς
551 879 746 930 ἤκουσεν,
784 879 937 935 (ef-{pon
977 880 1045 920 καὶ
1085 879 1238 934 ἤρχετο
1276 878 1384 936 Πρὸς
1423 879 1567 923 αὐτόν.
1730 892 1778 928 29

192 1002 387 1064 'Anime
413 1005 694 1056 καλέσουσα
720 1004 790 1065 τὴν
817 1002 1016 1073 ἀδελφὴν
1043 1004 1174 1065 αὐτῆς
1210 1004 1329 1072 πρὸς
1363 1004 1416 1057 τὸ
1455 1008 1530 1056 καὶ
1565 1004 1712 1069 αὐτὴν

119 1089 404 1150 κοινωνῆσαι
439 1090 522 1151 τῆς
556 1088 631 1138 ἐπὶ
666 1091 732 1156 τῷ
766 1088 1151 1157 προσδοκωμένη)
1187 1087 1433 1153 πράγματι
1475 1088 1709 1150 εὐθυμίας,

52 1192 100 1217 ιο
120 1169 592 1237 συναποληψομένην
619 1168 894 1220 ἀναστάντα
920 1171 1029 1235 παρ’
1058 1171 1227 1221 ἐλπίδα
1253 1175 1418 1221 πᾶσαν
1441 1170 1523 1221 τὸν
1550 1175 1711 1234 τεθνη-
1728 1181 1755 1221 b

121 1249 250 1302 κότα.
306 1249 363 1315 ἧν
402 1250 496 1317 γὰρ
536 1250 790 1302 ἀκούσασα
819 1258 844 1281 “
864 1252 1220 1316 Ἀναστήσεται
1259 1253 1283 1302 ὁ
1323 1254 1531 1322 ἀδελφός
1571 1252 1709 1304 σου.”
1772 1252 1909 1332 {2¹³2

120 1332 266 1402 λάθρα,
311 1333 359 1383 δὲ
403 1332 489 1397 τὴν
530 1340 614 1384 τοῦ
661 1336 881 1400 Σωτῆρος
925 1334 1192 1399 παρουσίαν
1234 1338 1291 1402 τῇ
1336 1336 1524 1403 ἀδελφῇ
1570 1337 1712 1399 αὐτῆς

121 1415 484 1480 εὐηγγελίσατο,
521 1414 596 1467 διὰ
635 1417 688 1467 τὸ
729 1415 1140 1482 παρακαθέζεσθαι
1178 1421 1273 1467 τῶν
1306 1417 1546 1468 Ἰουδαίων
1584 1417 1714 1473 τινὰς

121 1503 216 1563 τῶν
245 1498 548 1566 φθονούντων
576 1502 1011 1564 θαυματουργοῦντι
1038 1502 1104 1567 τῷ
1131 1502 1344 1568 Χριστῷ.

53 1591 100 1630 15
199 1582 291 1631 Καὶ
331 1581 418 1648 οὐχ
457 1579 719 1647 εὑρήσομεν
761 1582 808 1630 ἐν
848 1585 944 1634 τοῖς
984 1581 1275 1646 εὐαγγελίοις
1317 1581 1387 1632 ὅτι
1433 1582 1458 1632 ὁ
1497 1581 1712 1648 Χριστὸς

121 1660 217 1713 εἶπε
248 1661 401 1713 Κάλει
439 1686 517 1725 μοι
557 1662 643 1727 τὴν
678 1661 895 1731 ἀδελφήν
929 1685 1038 1713 σου·
1087 1663 1198 1712 ἀλλ’
1226 1663 1253 1726 ἡ
1293 1662 1474 1729 Μάρθα
1507 1663 1593 1728 τὴν
1628 1669 1712 1715 τοῦ

120 1742 402 1810 πράγματος
428 1745 751 1812 ἀπαραίτητον
777 1745 939 1812 χρείαν
967 1746 1044 1795 καὶ
1070 1743 1124 1795 τὸ
1151 1747 1234 1809 τῆς
1263 1746 1528 1812 παρουσίας
1558 1769 1708 1814 χρεω-

121 1825 398 1889 στούμενον,
449 1829 550 1878 ἀντὶ
603 1825 864 1880 κελεύσεως
922 1828 998 1877 καὶ
1056 1830 1217 1895 φωνῆς
1277 1829 1522 1896 δεξαμένη,
1575 1826 1712 1880 τοῦτό

122 1913 290 1975 φησιν.
337 1909 363 1972 ἡ
392 1907 440 1958 δὲ
467 1910 660 1972 ἑτοίμως
686 1908 856 1974 ἔδραμε
882 1908 999 1974 πρὸς
1027 1907 1184 1971 αὑτὸν,
1211 1911 1285 1960 καὶ
1315 1912 1525 1961 ὑπαντᾶν
1551 1910 1712 1961 ἐθέλει.
1732 1935 1754 1963 c

56 2015 105 2039 20
122 1994 222 2043 πῶς
256 1989 350 2056 γὰρ
385 1991 466 2040 οὐκ
504 1990 674 2052 ἐζαελλε
709 1996 850 2040 τοῦτο
884 1991 1083 2054 ποιεῖνὴ
1118 1990 1313 2058 σφόδρα
1343 1992 1614 2057 λυπουμένη
1640 1995 1715 2044 ἐπὶ

123 2075 181 2139 τῇ
208 2073 418 2140 ἀπουσίᾳ
444 2073 601 2134 αὐτοῦ,
630 2073 704 2122 καὶ
733 2070 905 2138 θερμὸν
932 2071 1109 2140 ἔχουσα
1135 2071 1358 2141 φρόνημα
1384 2078 1444 2128 εἰς
1472 2074 1716 2137 εὐσέβειαν

124 2155 200 2204 καὶ
228 2153 420 2219 ἀγάπην
446 2157 508 2207 εἷς
535 2152 678 2205 αὐτὸν
703 2153 925 2218 πολλήν;

176 2321 206 2345 Ι.
232 2310 270 2353 ἐξ
295 2310 426 2356 ἀγάπης
450 2311 576 2345 iterum
604 2322 667 2355 pro
693 2312 785 2356 νόσῳ
809 2323 838 2345 c.
860 2310 967 2346 Cord.
1063 2313 1203 2358 γεγονὸς
1220 2313 1366 2346 κατιδεῖν
1382 2312 1521 2347 inverso
1542 2313 1663 2347 Ordine
1684 2325 1714 2348 c.

126 2357 271 2390 κατιδεῖν
288 2369 358 2390 om.
379 2357 485 2391 Cord
583 2369 615 2391 2.
640 2358 743 2391 αὐτοῦ
761 2370 832 2392 om.
851 2370 880 2393 c.
898 2357 1005 2392 Cord.
1101 2368 1134 2401 5.
1163 2360 1227 2393 Καὶ
1245 2371 1314 2393 om.
1327 2360 1398 2393 ank
1495 2359 1578 2405 6‚7.
1604 2361 1716 2404 λάθρα

126 2405 258 2447 -πρὸς
277 2404 377 2437 αὐτὸν
395 2403 512 2437 addidi
530 2416 547 2437 e
564 2404 600 2438 k.
619 2404 755 2438 favente
773 2417 802 2438 a.
982 2406 1016 2439 8.
1044 2405 1248 2439 ῙΠο.Ταυτα
1266 2407 1302 2440 δὲ
1321 2407 1464 2441 εἰποῦσα
1482 2406 1530 2449 ἡι
1521 2407 1644 2451 Μάρθα
1662 2421 1716 2441 και

129 2453 216 2484 Θεὸν
232 2450 340 2494 ἀληθῆ
364 2451 422 2484 τὸν
412 2452 590 2521 ωΧριστὸν
607 2452 660 2484 καὶ
679 2453 767 2484 Θεοῦ
784 2452 863 2485 Υιὸν
881 2454 1056 2497 Μονογενῆ
1076 2453 1335 2498 ὁμολογήσασα,
1353 2453 1485 2497 ἀπῆλθε
1503 2465 1550 2488 m.
1615 2454 1717 2498 αυτῆς

128 2540 199 2563 om.
213 2540 242 2562 a.
245 2529 281 2562 k.
286 2541 332 2562 m.
397 2531 435 2563 τὸ
412 2507 529 2564 u'Can
547 2530 647 2564 Harl.
743 2542 777 2576 9.
796 2531 851 2565 ἐπὶ
867 2535 933 2565 τῶν
945 2532 1239 2575 προσδοκωμένων
1251 2533 1458 2577 πραγμάτων
1474 2533 1650 2575 ἐπιθυμίας
1667 2545 1715 2567 m.

134 2587 187 2609 10.
213 2575 405 2609 ἀναστάντα
423 2588 492 2610 om.
511 2588 540 2610 3.
544 2577 567 2609 k
573 2589 632 2610 ..m
878 2589 930 2611 12.
957 2580 996 2621 τῇ
1015 2578 1149 2623 ἀδελφῇ
1169 2584 1249 2612 ante
1265 2579 1325 2622 τὴν
1342 2586 1437 2612 trans
1440 2586 1579 2623 ponunt
1596 2591 1626 2613 3.
1628 2580 1662 2612 k.
1668 2591 1715 2613 m.

131 2622 256 2656 Statim
274 2622 375 2665 αὐτῆς
392 2633 462 2656 om.
481 2634 510 2656 a.
513 2623 548 2657 k.
553 2634 599 2656 m.
756 2634 809 2665 14.
836 2627 974 2670 Χριστῷ
994 2624 1066 2658 des.
1085 2637 1133 2659 m.
1286 2634 1340 2669 15.
1367 2625 1402 2658 ἐν
1418 2627 1488 2659 τοῖς
1505 2626 1716 2677 ευαγγελίοις

130 2680 200 2702 om.
218 2669 287 2702 a.k‚
482 2669 534 2702 16.
562 2683 626 2703 σου
645 2680 714 2703 om.
732 2681 762 2703 3.
766 2670 802 2702 k.
869 2670 943 2704 Ine.
961 2672 1028 2714 Τὴν
1045 2673 1104 2704 τοῦ
1122 2671 1178 2704 c..1
1194 2670 1300 2704 Cord.
1317 2671 1376 2705 Cr.
1397 2670 1488 2716 [sine
1505 2672 1647 2705 nomine
1665 2670 1712 2716 c.]

134 2724 187 2759 17.
213 2717 252 2758 τῇ
272 2715 444 2759 παρουσίᾳ
462 2715 618 2749 c.C01d.
762 2716 815 2749 18.
841 2717 956 2760 φωνῆς
974 2717 1027 2750 καὶ
1045 2716 1256 2752 κελεύσεως
1249 2729 1309 2750 mv
1311 2729 1387 2751 erso
1405 2717 1527 2751 ordine
1544 2718 1580 2750 k.
1599 2717 1715 2752 κελεύ-

132 2776 220 2796 σεως
238 2762 291 2795 καὶ
308 2773 378 2795 Om.
397 2762 452 2795 c.].
471 2761 578 2795 Cord.
599 2761 658 2796 Cr.
832 2773 885 2806 19.
912 2761 1038 2807 φησιν]
1059 2767 1129 2798 πῶς
1146 2764 1212 2808 γὰρ
1231 2764 1290 2797 οὐκ
1307 2764 1374 2797 ἔδει
1391 2766 1557 2807 παρόντος
1578 2763 1635 2809 [-}-
1656 2767 1716 2799 τοῦ

130 2809 154 2842 l.
173 2806 249 2852 Cn]
270 2810 423 2852 Χριστοῦ
447 2810 533 2852 πρὸς
557 2808 658 2842 αὐτὸν
681 2808 762 2842 ἷεναι
787 2808 968 2853 προθύμως
987 2809 1046 2853 τὴν
1070 2824 1139 2843 επει
1130 2810 1205 2853 ’περ
1229 2809 1316 2853 ἀπῆν
1336 2810 1374 2843 οὐ
1399 2811 1541 2855 μετρίως
1566 2813 1716 2855 λελυπη-

131 2869 232 2898 μενην
251 2854 310 2899 (cf.
329 2854 435 2897 infra)
454 2861 605 2900 pergunt
623 2866 652 2889 c.
656 2855 678 2888 l.
699 2854 807 2889 Cord.
886 2856 959 2890 Ine.
974 2855 1017 2889 ‘H
1037 2856 1073 2890 δέ
1091 2857 1233 2901 φησὶν’
1217 2857 1356 2901 ετοίμως
1374 2869 1420 2890 m.
1498 2872 1551 2891 και
1569 2857 1717 2892 ὑπαντᾶν

131 2900 241 2981 Ξθέλει
259 2913 328 2935 om.
347 2913 393 2935 m.
576 2912 630 2936 21.
657 2900 720 2947 εἷς]
739 2902 824 2946 πρὸς
842 2914 888 2936 m.
1069 2913 1124 2936 22.
1150 2902 1282 2948 ἀγάπην
1300 2904 1473 2948 διάπειρον
1491 2904 1536 2940 εἷς
1554 2906 1716 2948 Χριστόν.

158 2959 206 2981 88.
225 2959 272 2981 m.
