2037 3266
310 142 396 182 574
712 143 763 184 B.
795 143 1071 185 CYRILLI
1112 144 1495 187 ALEXANDR.
1738 156 1892 185 xv.11.

88 269 195 318 ¹Supra
313 253 619 317 Σαμαρειτῶν
651 251 789 303 διέθει
826 253 1000 320 χώραν,
1028 254 1225 319 κε’κμηκε
1258 254 1307 305 δὲ
1346 261 1372 284 “
1393 255 1441 305 ἐκ
1475 256 1557 318 τῆς
1584 254 1891 319 ὁδοιπορίας,”

88 323 130 344 1v.
147 312 177 344 6.
312 331 435 382 καθὰ
451 333 728 398 γέγραπται,
751 341 778 363 “
794 335 1029 402 ἐκαθέζετο
1047 338 1120 387 ἐπὶ
1137 339 1194 403 τῇ
1210 340 1341 404 πηγῇ
1357 337 1380 352 ”
1400 341 1483 387 τοῦ
1500 336 1702 396 Ἰακώβ;
1737 333 1892 398 ἐπειδὴ

313 412 361 465 δὲ
391 413 445 465 τὸ
471 414 664 480 γύναιον
691 417 816 485 αὐτῷ
847 416 1159 483 προσεκόμιζε
1193 417 1278 482 τὴν
1310 424 1392 469 τοῦ
1419 417 1692 484 ἀρύσασθαι
1718 418 1891 484 χρείαν,

311 495 666 563 προσελάλησέ
706 521 754 548 τε
801 499 927 567 αὐτῷ
977 497 1036 549 τὰ
1083 500 1238 550 εἰκότα
1279 502 1354 550 καὶ
1400 504 1703 565 Σαμαρειτῶν
1743 499 1892 567 ὄχλον

310 579 488 647 ἥξοντα
525 580 872 645 προσεδόκησε,
903 582 978 630 καὶ
1005 585 1184 650 τροφῆς
1219 582 1473 647 ἀναγκαίας
1499 580 1748 647 ἀλογήσας
1777 581 1887 649 φαί-
1912 600 1934 637 5

311 684 449 712 νεται.
513 662 562 712 τί
602 661 695 727 γὰρ
740 662 831 731 ἔφη
875 661 994 728 πρὸς
1034 663 1140 717 τοὺς
1183 663 1410 727 μαθητὰς,
1455 663 1726 727 ἐδεσμάτων
1769 664 1893 731 αὐτῷ

88 755 206 796 1b·34-
310 748 595 806 μεταλαβεῖν
614 743 1052 807 συμβουλεύοντας,
1099 752 1124 774 “
1141 745 1251 808 ἐμὸν
1271 745 1443 812 βρῶμά
1461 747 1592 796 ε’στιν
1611 746 1686 796 ἵνα
1704 745 1891 809 ποιήσω

90 839 177 873 886
192 837 240 872 A.
272 848 294 872 a
312 832 338 854 ‘⁴
362 824 416 875 τὸ
443 825 628 889 θέλημα
653 831 736 876 τοῦ
765 825 956 892 Πατρός
982 850 1074 890 μου
1102 830 1177 878 καὶ
1204 828 1441 879 τελειώσω
1466 829 1607 878 αὐτοῦ
1633 827 1686 879 τὸ
1713 828 1889 894 ἐργον.”

310 905 380 973 ἆρ’
429 908 510 958 οὖν
550 909 800 958 κάντεῦθεν
844 909 927 958 οὐκ
966 907 1024 959 ἂν
1066 909 1246 975 γε’νοιτο
1291 909 1551 978 συμφανὲς,
1592 909 1662 961 ὅτι
1706 909 1892 978 τρυφὴν

308 991 504 1040 ἐποιεῖτο
532 992 606 1040 καὶ
638 989 791 1058 χαρὰν
819 995 913 1041 τῶν
938 991 1171 1060 πατρῴων
1199 990 1479 1056 θελημάτων
1504 991 1589 1056 τὴν
1615 992 1887 1058 πλήρωσιν,
1916 1013 1964 1038 10

308 1072 542 1134 τουτέστι,
584 1071 670 1136 τὴν
715 1077 777 1126 εἷς
820 1073 1061 1139 σωτηρίαν
1100 1073 1369 1139 ἀναδρομὴν
1413 1079 1507 1124 τῶν
1546 1077 1609 1127 εἷς
1653 1074 1892 1125 ἀπώλειαν

308 1153 726 1218 διωλισθηκότων·
716 1195 727 1216 ,
772 1156 881 1205 ἀλλ’
910 1154 1041 1206 ε”στιν
1068 1156 1149 1206 οὐκ
1178 1156 1470 1224 ἀμφιλογον.

381 1248 541 1288 Ταῦτα
574 1238 731 1287 τοίνυν
764 1237 935 1299 πάντα,
975 1240 1113 1305 φησὶ,
1153 1238 1409 1304 διειλεγμαι
1449 1261 1567 1304 προς
1604 1239 1722 1301 υμᾶς
1756 1238 1829 1289 ίνοι
1871 1241 1892 1299 ἡ

308 1343 435 1387 χαρα
478 1321 498 1379 ἦ
538 1317 617 1387 ἐμη
658 1320 695 1370 ἐν
737 1322 833 1387 ὑμιν
873 1327 907 1392 ἦ,
953 1317 1218 1383 τουτέστιν,
1265 1321 1320 1370 ιν’
1365 1321 1432 1371 ἐπ
1480 1320 1666 1374 ἐκεινοις
1703 1319 1892 1384 εθέλητε

307 1403 655 1464 διευθυμεῖσθαι
699 1401 858 1465 μόνοις
903 1402 974 1470 ἐφ’
1013 1401 1182 1468 οἷσπερ
1228 1402 1372 1467 κάγὼ,
1416 1426 1489 1453 ινα
1535 1426 1655 1469 προς
1707 1404 1962 1468 ἀγῶναςι5

306 1483 611 1549 ἀνδρίσησθε,
639 1485 713 1534 καὶ
752 1482 837 1547 τὴν
863 1485 937 1534 ἐπὶ
971 1489 1066 1538 τοῖς
1097 1483 1379 1549 σωζομένοις
1417 1485 1586 1536 ἐλπίδα
1623 1483 1887 1550 περιζωσοῖ-

262 1572 290 1613 b
306 1587 450 1628 μενοι,
478 1565 565 1615 κᾶν
590 1588 634 1616 τι
667 1565 743 1616 διὰ
776 1571 916 1616 τοῦτο
954 1566 1198 1634 συμβαίνῃ
1231 1571 1411 1630 παθεῖν,
1438 1565 1502 1631 μὴ
1540 1565 1660 1633 πρὸς
1698 1567 1892 1629 ἀκηδίας

307 1648 519 1714 ἀδρανεῖς
558 1647 890 1715 καταφέρησθε
931 1653 1135 1711 μᾶλλον,
1174 1649 1364 1715 χαίρητε
1407 1648 1456 1699 δὲ
1496 1649 1601 1700 τότε
1642 1649 1888 1700 πλουσιώ-

308 1752 456 1795 τερον,
492 1730 676 1796 ἐπείπερ
717 1733 792 1780 καὶ
829 1729 882 1780 δι’
921 1732 1049 1794 ὑμῶν
1090 1732 1444 1798 ἀναπληροῦται
1483 1731 1537 1781 τὸ
1585 1732 1769 1795 θέλημα
1809 1736 1892 1781 τοῦ

89 1813 203 1896 ξίἷῑῗῑ·
309 1818 336 1841 “
353 1811 535 1866 πάντας
575 1811 848 1878 ἀνθρώπους
887 1812 1108 1866 θέλοντος
1145 1813 1384 1879 σώζεσθαι
1421 1814 1494 1863 καὶ
1532 1817 1592 1867 εἷς
1636 1813 1892 1877 ἐπίγνωσιν
1914 1839 1964 1864 20

309 1901 337 1923 ‘⁶
364 1895 584 1959 ἀληθείας
635 1896 835 1945 ἐλθεῖν.”
906 1894 1091 1962 ε”χαιρον
1139 1895 1231 1961 γὰρ
1283 1895 1356 1946 ἐπὶ
1405 1895 1585 1949 τούτοις
1634 1894 1766 1960 κάγώ
1817 1897 1892 1945 καὶ

309 1977 419 2027 λίαν
457 1977 678 2040 ἠδίστους
716 1976 994 2044 ἐλογιζόμην
1025 1975 1132 2031 τοὺς
1168 1976 1356 2032 πόνους.
1413 1977 1526 2028 ὅταν
1558 1977 1727 2039 τοίνυν,
1755 1978 1893 2044 φησι,

309 2058 528 2123 τοιαύτην
561 2060 737 2124 ἕλησθε
775 2059 895 2127 ε”χειν
920 2059 1089 2126 χοιρέιν,
1116 2059 1172 2123 ῆν
1206 2061 1390 2129 ἐμαυτῷ
1430 2058 1620 2126 πρέπειν
1659 2057 1889 2124 ἐλογισά-

274 2167 294 2192 c
310 2164 418 2205 μην,
445 2140 549 2192 τότε
574 2141 756 2192 τελείαν
783 2141 926 2205 αὐτὴν
952 2142 1075 2210 ἕξετε
1102 2144 1177 2192 καὶ
1205 2141 1488 2208 ὁλόκληρον.

387 2222 737 2289 Πληρεστάτην
768 2222 861 2289 γὰρ
889 2223 1035 2278 ὅντως
1065 2226 1138 2273 καὶ
1171 2224 1354 2274 τελείαν
1381 2222 1494 2274 εἶναι
1521 2221 1675 2290 χοιρέιν
1701 2221 1886 2290 λογιζό-
1914 2248 1963 2286 25

310 2308 444 2368 μεθα,
471 2304 556 2368 τὴν
592 2306 640 2355 ἐν
676 2309 784 2373 Θεῷ
820 2307 895 2355 καὶ
933 2303 1008 2355 διὰ
1037 2304 1161 2355 Θεὸν
1195 2307 1269 2355 καὶ
1304 2304 1373 2356 ἐπ’
1402 2305 1552 2371 ἔργοις
1584 2305 1790 2369 ἀγαθοῖς,
1817 2304 1893 2355 διὰ

309 2385 364 2437 τὸ
401 2384 611 2450 πεπηγὸς
649 2388 724 2436 καὶ
767 2384 1028 2450 ἀκλόνητον
1071 2389 1151 2449 τῆς
1195 2387 1400 2439 ἐλπίδος·
1455 2388 1529 2436 καὶ
1565 2385 1634 2436 ὅτι
1675 2386 1887 2452 γε’γονεν,

309 2467 382 2536 ἐφ’
412 2467 478 2521 οἷς
501 2467 559 2532 ἧν
584 2467 716 2530 εἰκὸς,
741 2469 843 2535 οὐχὶ
869 2467 1040 2531 μόνους
1070 2468 1203 2532 ἡμᾶς,
1231 2467 1361 2518 ἀλλὰ
1396 2470 1471 2519 καὶ
1507 2468 1648 2519 αὐτὸν
1689 2469 1893 2533 ἡσθῆναι

309 2548 392 2600 τὸν
417 2551 624 2614 Ἰησοῦν·
679 2549 823 2613 ἀτελῆ
860 2549 909 2600 δὲ
947 2549 1099 2617 χαρὰν
1134 2549 1219 2614 τὴν
1253 2551 1300 2601 ἐν
1333 2550 1500 2619 κόσμῳ
1537 2549 1706 2618 φαμὲν,
1735 2550 1810 2600 διά
1843 2574 1893 2602 τε

310 2631 364 2682 τὸ
410 2631 740 2700 εὐπαράφορον
783 2635 859 2682 καὶ
904 2631 958 2682 τὸ
1000 2633 1071 2700 ἐφ’
1112 2631 1179 2685 οἷς
1224 2632 1397 2696 ἥκιστα
1448 2635 1568 2699 χρῆν
1609 2633 1892 2697 τελουμένην
1914 2655 1964 2691 3ο

311 2716 531 2780 ὁρᾶσθαι,
579 2715 810 2775 τουτέστι,
855 2714 1108 2782 πράγμασι
1159 2719 1415 2777 κοσμικοῖς,
1461 2713 1491 2765 ἃ
1536 2714 1893 2784 φαντασμάτων

359 2862 410 2892 14.
437 2850 476 2884 ἵν’
496 2852 536 2885 Ε.
555 2851 607 2885 ἵνα
625 2863 654 2886 c.
674 2851 780 2886 Cord.
802 2851 867 2886 Ed.
1044 2860 1094 2897 15.
1122 2851 1357 2895 διευθυμεῖσθε
1377 2851 1417 2885 Ε.
1594 2852 1647 2886 18.
1673 2851 1712 2895 δὴ
1731 2863 1760 2885 c.
1782 2850 1888 2887 Cord.

310 2907 366 2930 20.
393 2897 535 2932 θέλοντα
555 2899 596 2932 Ε.
663 2899 811 2943 σωθῆναι
830 2910 859 2934 e.
880 2898 985 2933 Cord.
1162 2909 1216 2933 22.
1242 2898 1318 2933 τοὺς
1335 2909 1404 2932 om.
1426 2898 1465 2932 E.
1649 2909 1705 2942 30.
1732 2899 1769 2932 τὸ
1790 2898 1885 2942 prius

308 2950 531 2989 assumptum
549 2956 589 2979 ex
610 2945 650 2978 E.
