2037 3266
138 2533 302 2583 SQIatth.

139 2588 195 2608 xu.
215 2587 266 2617 33.

343 140 427 181 676
745 140 796 181 B.
827 139 1099 180 CYRILLI
1141 140 1521 181 ALEXANDR.
1716 138 1815 179 xvii.
1834 151 1875 190 4,
1892 146 1933 190 5-

343 249 429 314 τὴν
461 248 509 300 δὲ
542 248 801 314 καυστικὴν
831 249 1064 317 ἐνέργειαν
1098 250 1318 316 γενέσθαι
1355 254 1422 320 τῷ
1459 250 1586 316 πυρί.
1641 250 1819 315 ἐνεργεῖ
1851 245 1938 311 μὲν

344 331 441 397 γὰρ
480 330 698 398 ἑκάτερον
738 332 794 382 δι’
835 330 900 382 ὧν
939 332 1032 399 ἔχει
1073 335 1290 400 φυσικῶς
1327 331 1387 383 τὰ
1427 336 1582 384 οἰκεῖα.
1635 330 1745 381 ἀλλ’
1787 333 1825 381 εἰ
1862 330 1938 380 καὶ

346 413 567 480 φαίνεταί
601 437 702 467 πως
741 414 822 464 οὐκ
861 414 1112 479 αὐτουργοὶ,
1151 413 1282 477 πλὴν
1321 415 1407 481 οὐχ
1448 414 1582 479 ἕτερα
1619 411 1749 478 παρὰ
1788 410 1848 462 τὰ
1886 409 1943 478 ἐξ

346 497 502 546 αὐτῶν
529 500 757 563 φυσικῶς.
798 494 1008 546 τοιοῦτόν
1034 518 1078 546 τι
1106 493 1290 559 νοήσεις
1315 496 1394 546 ἐπί
1415 518 1465 547 τε
1492 499 1617 546 Θεοῦ
1644 496 1719 545 καὶ
1748 491 1940 559 Πατρὸς

300 585 327 625 b
349 579 424 628 καὶ
463 583 546 629 τοῦ
586 577 704 628 κατὰ
744 577 893 645 φύσιν
933 577 989 645 ἐξ
1025 578 1167 628 αὑτοῦ
1205 577 1509 643 γεννηθέντος
1543 577 1718 643 Λόγου,
1743 576 1858 627 ὅταν
1895 595 1981 633 τι5

347 664 443 711 τῶν
470 663 578 710 καθ’
608 660 728 723 ἡμᾶς
754 659 1091 726 ἐγχειρίζεσθαι
1118 658 1327 724 λέγηται.

421 742 660 810 Ἐδόξασε
700 743 857 792 τοίνυν
894 742 969 792 ἐπὶ
1012 743 1094 804 τῆς
1138 744 1226 807 γῆς
1270 740 1352 792 τὸν
1393 740 1585 807 Πατέρα
1628 742 1703 791 καὶ
1746 739 1871 792 Θεὸν
1911 740 1939 804 ἡ

347 825 502 891 σοφία
535 826 609 873 καὶ
644 824 672 887 ἡ
709 822 902 886 δύναμις
935 824 1092 886 αὐτοῦ,
1118 823 1362 874 τουτέστιν
1390 825 1414 874 ὁ
1446 821 1673 888 Χριστὸς,
1698 824 1940 877 τελειώσας

348 904 394 956 τὸ
432 906 547 974 ἔργον
574 908 593 957 ’ὂ
628 902 819 957 δέδωκεν
848 907 991 974 αὐτῷ.
1047 904 1202 969 ἐπειδὴ
1242 905 1290 956 δὲ
1327 910 1388 960 εἷς
1420 905 1564 971 πέρας
1600 906 1690 970 ἤδη
1724 904 1778 956 τὸ
1815 905 1941 974 αὐτῷ

349 987 529 1053 πρέπον
561 987 615 1037 τὸ
657 988 795 1052 ἔργον
827 988 1091 1055 ἐκτελευτᾷ,
1119 985 1206 1050 τὴν
1233 988 1359 1056 αὐτῷ
1393 992 1678 1053 προσοῦσαν
1704 988 1774 1037 ἀεὶ
1807 984 1941 1056 δόξαν
1962 1011 2011 1037 ιο

351 1072 476 1130 αἰτεῖ,
506 1072 580 1119 καὶ
619 1072 702 1132 τῆς
741 1067 1052 1136 ἀρχαιοτάτης
1088 1069 1296 1122 εὐκλείας
1329 1067 1416 1132 τὴν
1446 1069 1748 1136 ἐπανάληψιν
1780 1073 1941 1134 καιροῦ

350 1157 608 1205 καλοῦντος
647 1150 736 1215 ἤδη
776 1149 910 1216 ζητεῖ.
967 1154 1040 1200 καὶ
1079 1155 1215 1201 ποῖον
1251 1150 1343 1216 ἄρα
1381 1149 1692 1215 πεπλήρωκεν
1728 1149 1857 1219 ἔργον,
1883 1150 1938 1200 δι’

350 1232 404 1283 οῦ
432 1230 621 1302 δοξάσαι
648 1234 772 1301 φησὶ
804 1231 886 1283 τὸν
915 1232 1139 1298 Πατέρα;
1186 1231 1308 1286 Θεὸς
1336 1231 1426 1299 γὰρ
1454 1233 1678 1299 ὑπάρχων
1703 1231 1940 1295 ἀληθινὸς,

311 1315 533 1383 Οεύδοκίᾳ
574 1317 648 1364 καὶ
691 1313 885 1378 θελήσει
929 1320 1012 1365 τοῦ
1056 1314 1248 1380 Πατρὸς
1292 1315 1485 1380 γέγονεν
1523 1314 1782 1379 ἄνθρωπος,
1822 1312 1942 1376 ὅλην

350 1398 601 1447 ἀνασῶσαι
647 1395 733 1460 τὴν
775 1396 1061 1460 οἰκουμένην,
1103 1397 1402 1446 ἀνακαινίσαι
1442 1419 1491 1446 τε
1531 1395 1650 1461 πρὸς
1694 1393 1815 1460 ζωὴν
1855 1393 1941 1458 τὴν
1961 1418 2011 1457 15

351 1478 612 1544 ἀπέραντον
639 1480 713 1528 καὶ
751 1479 1046 1543 θεογνωσίαν
1071 1477 1157 1541 τὴν
1187 1479 1342 1541 ἀληθῆ
1378 1478 1431 1529 τὸ
1467 1480 1784 1541 διολισθῆσαν
1809 1476 1943 1542 γένος

351 1562 425 1611 ἐπὶ
459 1563 541 1623 τῆς
578 1563 665 1625 γῆς
699 1560 1103 1625 προθυμούμενος·
1151 1558 1175 1609 ’ὸ
1216 1559 1272 1623 δὴ
1312 1561 1388 1610 καὶ
1426 1559 1718 1626 πεπερασται
1753 1557 1944 1623 δυνάμει

353 1645 428 1693 καὶ
463 1642 658 1711 ἐξουσίᾳ
692 1645 941 1708 θεοπρεπεῖ
970 1647 1054 1692 τοῦ
1080 1645 1311 1707 Χριστοῦ,
1338 1641 1727 1707 καταργήσαντος
1753 1641 1837 1705 μὲν
1862 1639 1945 1692 τὸν

353 1725 571 1786 θάνατον,
598 1723 953 1792 ἀνατρέψαντος
981 1722 1030 1773 δὲ
1057 1722 1142 1786 τὴν
1168 1729 1251 1774 τοῦ
1287 1722 1515 1782 διαβόλου
1549 1723 1841 1791 πλεονεξίαν,
1869 1723 1944 1772 καὶ

353 1807 637 1859 καθελόντος
685 1805 770 1869 μὲν
812 1804 898 1868 τὴν
942 1806 1188 1870 ἁμαρτίαν,
1236 1807 1310 1855 καὶ
1357 1803 1547 1869 ἀγάπην
1592 1803 1677 1869 τὴν
1722 1809 1782 1858 εἷς
1826 1805 1946 1867 ἡμᾶς
1963 1826 2013 1852 20

354 1888 643 1953 ἀσύγκριτον
678 1887 1010 1956 ἐπιδείξαντος,
1036 1886 1110 1937 διὰ
1149 1892 1232 1937 τοῦ
1270 1891 1422 1937 πᾶσιν
1457 1888 1630 1937 ἀνεῖναι
1669 1886 1729 1937 τὰ
1767 1885 1940 1951 ἐγκλή-

355 1993 482 2033 ματα
522 1971 595 2020 καὶ
631 1970 841 2038 φωτίσαι
875 1966 984 2022 τοὺς
1018 1969 1419 2032 πεπλανημένους,
1445 1968 1670 2021 συνέντας
1705 1968 1793 2032 ἤδη
1822 1965 1947 2017 Θεὸν

311 2050 438 2102 ᾶτὸν
478 2051 556 2101 ἕνα
592 2054 668 2102 καὶ
706 2049 947 2114 ἀληθινόν.
1005 2052 1399 2116 κατορθώσαντος
1438 2051 1593 2100 τοίνυν
1629 2052 1720 2118 ἰδίᾳ
1759 2047 1949 2112 δυνάμει

357 2132 416 2184 τὰ
460 2139 652 2183 τοιαῦτα
691 2137 922 2198 Χριστοῦ,
963 2130 1249 2200 δεδόξασται
1289 2131 1420 2197 παρὰ
1460 2131 1651 2182 πάντων
1690 2133 1714 2182 ὁ
1756 2129 1944 2196 Πατὴρ,

358 2215 596 2265 συνέντων
641 2213 862 2278 δηλονότι
900 2218 994 2265 τῶν
1033 2215 1080 2264 ἐν
1120 2213 1287 2282 κόσμῳ
1326 2213 1518 2264 πάντων
1556 2212 1642 2277 τήν
1679 2236 1728 2264 τε
1767 2213 1948 2280 σοφίαν
1966 2228 2015 2267 25

359 2298 432 2345 καὶ
472 2295 557 2358 τὴν
599 2295 795 2358 δύναμιν
841 2296 917 2345 καὶ
954 2295 1040 2357 τὴν
1079 2294 1438 2361 ἐνυπάρχουσαν
1482 2296 1607 2364 αὐτῷ
1647 2294 1948 2359 γαληνότητα

361 2379 435 2426 καὶ
474 2378 851 2445 φιλανθρωπίαν.
902 2373 1139 2444 διέλαμψε
1171 2375 1265 2442 γὰρ
1302 2379 1375 2426 καὶ
1412 2376 1739 2443 πεφανέρωται
1778 2374 1948 2426 λοιπὸν

364 2460 425 2510 ὡς
464 2460 512 2508 ἐν
545 2457 681 2509 εἰκόνι
721 2460 794 2508 καὶ
832 2461 1092 2525 χαρακτῆρι
1130 2461 1211 2520 τῆς
1251 2458 1365 2512 ἰδίας
1406 2456 1596 2524 φύσεως
1635 2459 1700 2527 τῷ
1732 2460 1847 2526 Υὶῲ,
1874 2458 1949 2508 καὶ

364 2538 458 2590 ἀπὸ
485 2546 568 2590 τοῦ
596 2546 778 2606 καρποῦ
804 2539 858 2589 τὸ
887 2541 1077 2603 δένδρον
1103 2540 1337 2604 ἐγνώσθη,
1366 2538 1485 2589 κατὰ
1519 2538 1573 2589 τὸ
1605 2538 1945 2605 γεγραμμένον.

364 2621 714 2686 τετελεσμένων
746 2621 792 2671 δὲ
828 2622 915 2685 ἤδη
951 2626 1044 2671 τῶν
1077 2622 1240 2687 ἔργων,
1269 2623 1344 2672 καὶ
1383 2625 1445 2674 εἰς
1483 2621 1626 2687 πέρας
1666 2621 1858 2684 ἥκοντος
1897 2617 1951 2670 τὸ
1970 2642 2020 2678 30

323 2703 542 2766 επρεπον
578 2705 703 2772 αὐτῷ
740 2708 823 2753 τοῦ
863 2703 969 2753 καθ’
999 2703 1119 2766 ἡμᾶς
1158 2701 1537 2766 οἱκονομηθέντος
1573 2707 1743 2763 καλῶς,
1769 2706 1830 2755 εἷς
1865 2700 1952 2765 τὴν

368 2786 535 2834 οἰκείαν
561 2784 770 2835 ἐπάνεισι
807 2784 951 2852 δόξαν
979 2786 1052 2834 καὶ
1087 2787 1169 2848 τῆς
1203 2785 1400 2851 ἀρχαίας
1433 2785 1642 2837 εὐκλείας
1676 2781 1943 2847 ἐπιλαμβά-

1021 2951 1051 2973 2.
1078 2941 1142 2984 γὰρ
1161 2951 1230 2973 om.
1252 2939 1292 2974 F.
