2022 3272
115 138 286 182 xiv.11.
359 141 428 182 IN
471 141 514 183 S.
547 142 887 183 JOANNEM.
951 141 1078 182 LIB.
1112 141 1191 182 IX.
1253 141 1387 182 CAP.
1422 141 1457 180 Ι.
1617 137 1702 177 437

124 249 142 266 Α

117 273 148 300 α
198 253 274 301 καὶ
323 252 575 305 ἀκινδύνως
625 274 675 302 τε
725 254 801 302 καὶ
859 253 1049 315 ἀληθῶς
1110 250 1410 317 περιέχεσθαι
1465 248 1698 311 δώσομεν·
1723 254 1750 294 (l

117 332 320 393 σώματα
346 333 452 399 γὰρ,
481 338 517 384 εἱ
544 336 619 384 καὶ
645 333 710 398 μὴ
738 338 931 384 τοιαῦτα
956 331 1100 400 τυχὸν
1125 333 1265 383 ὁποῖα
1291 332 1350 382 τὰ
1375 331 1591 397 ἡμέτερα.

184 412 382 465 ’Έπεισι
409 416 464 466 δέ
483 439 561 479 μοι
589 418 770 466 κάκεῖνο
794 415 914 482 πρὸς
941 415 1123 468 τούτοις
1148 415 1336 465 ἐννοεῖν.
1379 417 1415 464 εὶ
1442 411 1535 478 γὰρ
1562 413 1707 475 ἀναγ-

119 500 252 547 καῖον
301 495 420 548 εἷναί
465 503 622 567 φαμεν
667 497 721 549 τὸ
774 497 863 549 ὑπό
914 521 997 549 του
1046 495 1435 564 περιειλημμένον
1486 494 1598 544 ε’ίσω
1651 491 1708 555 δὴ

76 589 99 627 5
120 583 302 629 κεῖσθαι
329 579 517 634 πάντως
542 585 625 631 τοῦ
651 579 881 647 περιέχειν
902 578 1016 630 αὐτὸ
1042 577 1311 644 λεγομένου,
1327 582 1429 631 πῶς
1452 577 1534 627 οὐκ
1562 577 1710 637 ἀναμ-

120 661 336 729 φιλόγως
371 662 537 729 ἕψεται
568 662 621 713 τὸ
653 663 701 712 ἐν
727 660 979 712 ἐλάττοσιν
1006 659 1120 711 εἶναι
1153 665 1274 711 νοεῖν
1299 667 1383 710 τοῦ
1415 658 1711 726 περιέχοντος·

119 742 175 794 τὸ
210 743 553 811 περιεχόμενον,
581 746 656 795 καὶ
685 748 1049 810 πεπερατῶσθαι
1081 743 1237 808 λέγειν
1270 742 1397 805 αὐτὸ,
1430 738 1706 792 κατακλειό-

121 848 261 889 μενον
293 824 457 893 ὥσπερ
495 831 554 893 τῇ
588 832 672 877 τοῦ
705 825 910 891 μείζονος
945 829 1174 892 περιοχῇ;
1221 825 1270 875 τί
1300 825 1381 875 οὖν
1412 822 1448 874 ὦ
1485 822 1712 884 βέλτιστε

121 906 271 959 πάλιν
296 910 443 975 ἐρεῖς;
487 908 588 960 ἰδοῦ
623 908 717 974 γὰρ
752 908 906 959 εἰκόνα
944 913 1027 958 τοῦ
1055 911 1181 958 Θεοῦ
1212 909 1287 957 καὶ
1316 905 1507 971 Πατρὸς
1547 903 1712 955 ἑαυτὸν
1731 922 1752 947 O

56 1008 104 1034 10
122 993 346 1057 παραθεὶς
380 993 456 1042 καὶ
491 991 744 1058 διαῤῥήδην
770 989 914 1042 εἰπών
940 997 967 1019 “
987 991 1049 1041 ‘O
1078 989 1292 1056 ἑωρακὼς
1319 987 1396 1052 ἐμὲ
1422 988 1597 1053 ἑώρακε
1630 984 1713 1037 τὸν
1775 981 1893 1064 ῗὲξΐῧ

125 1079 152 1101 “
181 1072 413 1138 Πατέρα,”
444 1075 519 1124 καὶ
551 1072 701 1123 πάλιν
727 1073 980 1137 ἐπήνεγκεν
1010 1070 1143 1124 εὐθύς
1169 1078 1196 1099 “
1218 1069 1350 1135 Ἐγὼ
1384 1071 1432 1121 ἐν
1459 1073 1525 1138 τῷ
1558 1070 1714 1134 Πατρὶ
1776 1078 1826 1108 1¹>-
1845 1087 1894 1109 ¹0·

125 1160 153 1184 ‘⁶
179 1156 254 1205 καὶ
290 1155 314 1204 ὁ
343 1154 513 1220 Πατὴρ
549 1154 597 1205 δὲ
630 1156 678 1205 ἐν
703 1153 808 1218 ἐμοί
837 1154 1014 1204 ἐστιν·”
1063 1156 1101 1203 εἰ
1137 1152 1232 1219 γὰρ
1268 1150 1407 1203 τοῦτό
1444 1156 1568 1219 φησι
1605 1151 1712 1201 καθ’

125 1237 257 1300 ὑμᾶς,
285 1235 356 1287 ὅτι
392 1236 540 1287 καίτοι
575 1234 819 1304 χαρακτὴρ
855 1237 931 1286 καὶ
965 1235 1099 1285 εἰκὼν
1125 1234 1352 1302 ὑπάρχων
1379 1239 1462 1284 τοῦ
1488 1255 1712 1299 γεγεννη-

126 1317 275 1381 κότος,
321 1319 561 1372 οὐσιωδῶς
613 1319 688 1370 ὑπ’
734 1318 878 1369 αὑτοῦ
921 1317 1208 1384 περιέχομαι,
1249 1320 1350 1369 πῶς
1402 1316 1489 1383 οὐχ
1537 1314 1718 1366 ἅπασιν

61 1411 108 1450 15
129 1401 476 1468 ἀναμφίλογον,
521 1400 593 1452 ὅτι
645 1400 863 1453 τοιαύτας
913 1399 1035 1463 ἡμᾶς
1085 1399 1262 1452 ἐννοίας
1313 1398 1435 1465 ἔχειν
1479 1399 1584 1463 περὶ
1634 1402 1718 1447 τοῦ

131 1481 322 1548 Πατρός
359 1483 597 1545 βούλεται,
638 1482 805 1534 ὁποίαν
842 1504 930 1547 περ
970 1479 1028 1532 ἂν
1067 1480 1300 1544 λάβοιμεν
1338 1480 1415 1530 καὶ
1453 1479 1522 1530 ἐπ’
1560 1479 1715 1547 αὑτῷς

127 1568 492 1631 πεπερατῶσθαι
530 1570 779 1631 τοιγαροῦν
810 1563 992 1629 ἀνάγκη
1032 1565 1107 1614 καὶ
1142 1562 1224 1614 τὸν
1254 1561 1461 1628 Πατέρα,
1489 1561 1591 1611 ἔστι
1624 1559 1718 1627 γὰρ
1737 1580 1758 1604 a
1784 1568 1938 1606 788A.

129 1647 177 1696 ἐν
201 1650 319 1716 Υὶῴ·
362 1649 436 1698 καὶ
463 1646 651 1713 ζητείτω
678 1646 848 1697 λοιπὸν
875 1647 899 1697 ὁ
927 1645 1169 1712 αἱρετικὸς,
1196 1645 1265 1698 τίς
1300 1645 1325 1695 ὁ
1362 1642 1531 1709 μείζων
1558 1644 1716 1693 αὐτοῦ·

129 1729 230 1792 ἐμοὶ
268 1727 363 1796 γὰρ
402 1730 455 1780 οὐ
494 1729 624 1794 θέμις
662 1733 805 1780 εἰπεῖν
836 1726 865 1793 ἢ
906 1733 1043 1779 νοεῖν.
1103 1728 1157 1778 οὐ
1195 1726 1290 1792 γὰρ
1330 1726 1419 1776 ἀνὰ
1457 1726 1598 1792 μέρος
1636 1723 1721 1788 μὲν

63 1825 113 1850 20
133 1810 268 1862 εἶκὼν
292 1810 428 1862 ἕσται
454 1817 538 1862 τοῦ
567 1810 757 1876 [Ἰατρὸς
785 1811 809 1861 ὁ
836 1809 965 1870 Υἱὸς,
994 1808 1083 1860 ἀνὰ
1107 1809 1248 1875 μερος
1275 1808 1323 1859 δὲ
1350 1807 1514 1859 οὐκέτι.
1568 1811 1605 1858 εἷ
1628 1806 1722 1872 γὰρ

134 1891 258 1946 ὅλως
292 1892 385 1960 ε”χει
419 1916 463 1944 τι
500 1892 555 1944 τὸ
590 1892 935 1959 παραλλάττον
960 1894 1036 1942 καὶ
1070 1896 1381 1954 μεσολαβοῦν
1406 1889 1491 1953 τὴν
1518 1889 1723 1940 εἶσάπαν

135 1975 378 2037 ὁμοίωσιν,
405 1975 545 2041 μέρος
571 1973 628 2025 ἂν
654 1974 722 2038 ε’ίη
754 1972 939 2035 λοιπὸν,
967 1974 1054 2040 οὐχ
1090 1972 1357 2038 ὁλόκληρος
1393 1971 1540 2023 εἰκών.
1593 1969 1725 2021 ἀλλὰ

135 2062 228 2108 ποῦ
265 2062 402 2107 τοῦτο
439 2057 611 2126 δείξαις
648 2055 705 2106 ἂν
731 2055 817 2120 τὴν
843 2055 982 2122 ἁγίαν
1007 2055 1249 2121 λέγουσαν
1275 2053 1499 2121 γραφήν,
1543 2054 1597 2104 οὐ
1631 2051 1725 2118 γὰρ

137 2137 288 2202 δήπου
339 2143 434 2192 τοῖς
485 2143 590 2192 σοῖς
640 2136 1036 2200 ἀναπεπεισμένοι
1087 2134 1267 2202 λόγοις,
1311 2135 1397 2199 τὴν
1446 2139 1541 2186 τῶν
1593 2138 1727 2200 ἱερῶν

67 2226 118 2266 ²5
139 2218 389 2286 δογμάτων
430 2219 664 2287 ὀρθότητα
713 2217 1053 2286 παρωσόμεθα.
1125 2218 1346 2284 θαυμάζω
1399 2216 1449 2268 δὲ
1497 2216 1624 2270 ὅπως
1674 2216 1771 2266 οὐί)

132 2303 415 2371 κατέδεισαν
464 2304 538 2354 ἐπὶ
588 2302 769 2355 τούτοις
819 2306 961 2353 εἰπεῖν
1000 2342 1027 2364 ,,
1051 2300 1283 2366 Καθάπερ
1330 2301 1354 2350 ὁ
1404 2303 1601 2353 Παῦλος
1646 2296 1729 2349 τὸν

1793 2383 1808 2403 2
1822 2374 1896 2404 Cor.

139 2423 167 2447 „
193 2383 410 2450 Χριστὸν
450 2383 572 2452 εἶχεν
612 2386 661 2435 ἐν
702 2385 851 2453 ἑαυτῷ
901 2389 1147 2435 λαλοῦντα
1192 2385 1267 2433 καὶ
1319 2383 1599 2448 ἐνεργοῦντα
1646 2379 1730 2433 τὰς
1790 2417 1902 2455 xiim„

141 2505 168 2529 ,,
195 2465 424 2529 δυνάμεις,
462 2465 547 2517 τὸν
584 2464 726 2517 αὐτὸν
765 2463 822 2528 δὴ
860 2464 1039 2531 τρόπον
1077 2466 1154 2515 καὶ
1195 2464 1220 2514 ὁ
1259 2462 1374 2516 Υἱὸς
1415 2461 1498 2514 τὸν
1539 2461 1731 2527 Πατέρα

141 2587 170 2610 ,,
196 2554 440 2598 λαλοῦντα
466 2549 541 2598 καὶ
565 2546 625 2598 τὰ
650 2552 825 2611 σημεῖα
850 2552 1075 2598 ποιοῦντα
1101 2544 1222 2612 εἶχεν
1241 2547 1289 2595 ἐν
1311 2545 1478 2612 ἑαυτῷ·
1509 2542 1579 2594 διό
1608 2548 1733 2611 φησι

75 2654 124 2691 30
144 2670 170 2693 ,,
199 2629 468 2690 Πιστεύετε,
497 2628 567 2679 ὅτι
602 2628 694 2694 ἐγὼ
729 2630 779 2678 ἐν
803 2631 870 2696 τῷ
898 2629 1053 2693 Πατρὶ
1089 2630 1165 2678 καὶ
1198 2628 1223 2677 ὁ
1252 2624 1420 2691 Πατὴρ
1456 2624 1504 2675 δὲ
1539 2626 1587 2675 ἐν
1612 2623 1730 2688 ἐμοί·

144 2753 172 2776 ,,
199 2717 231 2763 εἰ
284 2709 328 2763 δὲ
375 2709 452 2779 μὴ,
505 2707 581 2761 ὃιέι
631 2709 692 2761 T&
743 2710 855 2778 ἔργον
906 2708 1025 2759 αὐτὰ
1069 2706 1344 2759 πισ-τεύετέ.ῃ
1411 2705 1509 2757 εἶτα
1553 2707 1622 2759 τίς
1667 2705 1734 2756 ἔτι

201 2903 255 2926 12.
281 2892 318 2926 δέ
336 2902 407 2925 om.
427 2890 468 2925 E.
596 2890 649 2923 16.
675 2890 779 2929 λάβοι
797 2888 858 2933 μὲν
877 2888 919 2922 Ε.
1041 2897 1097 2931 23.
1122 2886 1266 2931 λέγουσι
1286 2885 1328 2920 Ε.
1458 2895 1513 2929 31.
1538 2883 1734 2929 πιστεύετε]

155 2944 191 2979 4-
211 2953 268 2983 μοι
287 2938 354 2972 Ed.
373 2938 482 2972 invito
500 2936 542 2970 E.
561 2937 606 2971 cf.
624 2948 742 2981 supra.
