2037 3266
81 1416 141 1447 Sir.
157 1417 227 1448 xiii.

85 1470 133 1500 15,
150 1460 200 1492 16.

79 2144 175 2174 Rom.

80 2188 148 2217 xiii.
165 2195 212 2219 10.

79 2396 128 2427 Of.
146 2405 158 2426 1
179 2396 211 2428 S.

78 2441 177 2471 Joan.
193 2441 238 2472 iv.

83 2493 131 2515 20.

81 2641 168 2676 945
189 2640 239 2676 A.

310 139 394 179 656
714 140 764 181 B.
798 140 1073 183 CYRILLI
1115 143 1503 184 ALEXANDR.
1727 145 1811 184 xvi.
1832 157 1899 199 33.

309 251 504 313 γνῶσιν.
543 248 797 314 πεποίημαι
822 250 929 318 γὰρ,
956 254 1093 320 φησὶ,
1123 254 1219 302 νυνὶ
1244 251 1362 318 πρὸς
1389 253 1506 316 ὑμᾶς
1533 250 1638 305 τοὺς
1665 254 1901 307 τοιούτους

311 327 499 394 λόγους,
533 331 673 396 εἰρήνην
705 331 826 399 ἔχειν
863 334 901 384 ἐν
939 334 1033 401 ἐμοὶ
1072 338 1330 399 παραινῶν,
1359 338 1434 385 καὶ
1472 335 1527 385 ἵν’
1557 334 1743 398 εἰδείητε
1781 334 1900 400 πρὸς

272 441 293 467 0
311 411 461 481 τούτῳ
488 417 660 480 σαφῶς
695 413 765 465 ὅτι
795 413 1014 482 μοχθηρὰ
1041 415 1124 476 μὲν
1151 417 1258 478 ὑμῖν
1284 415 1342 466 τά
1369 417 1407 467 ἐν
1431 421 1492 486 τῷ
1520 419 1674 488 κόσμῳ
1700 417 1893 482 συμβή-

309 517 458 557 σεται,
494 497 569 546 καὶ
609 496 840 565 θλίψεσιν
879 497 1133 561 ὁμιλήσετε
1172 497 1227 548 δι’
1256 498 1334 561 ἐμὲ
1370 504 1591 552 πολλαῖς.
1647 499 1779 563 πλὴν
1811 501 1899 568 οὐχ

309 576 564 628 ἁλώσεσθε
589 583 685 631 τοῖς
711 581 889 632 δεινοῖς·
946 577 1034 645 ἐγω
1059 579 1151 645 γὰρ
1180 582 1378 640 νενίκηκα
1404 580 1471 632 τὶν
1498 583 1674 647 κόσμον.
1916 601 1938 638 5

381 660 522 711 Ἀλλ’
563 660 638 710 ἵνα
675 683 756 711 σοι
782 659 939 729 σαφὲς
965 660 1035 712 ὅτι
1074 661 1289 725 μάλιστα
1326 661 1514 727 ποιήσω
1549 663 1603 714 τὸ
1638 665 1893 730 εἰρημένον,

308 741 419 807 φέρε
447 740 503 805 δὴ
527 745 717 808 πρῶτον
744 742 959 809 λέγωμεν
984 744 1033 794 τί
1057 742 1111 795 τὸ
1138 744 1257 812 ἔχειν
1282 745 1414 795 ἐστὶν
1441 747 1583 813 εἰρήνην
1610 747 1648 797 ἐν
1675 750 1889 818 Χριστῷ.

307 823 332 872 ὁ
357 821 441 885 μὲν
472 822 566 888 γὰρ
602 824 796 888 κόσμος,
823 825 926 890 ἤτοι
964 831 1059 877 τῶν
1093 828 1141 877 ἐν
1179 824 1348 896 κόσμῳ
1385 827 1681 893 πραγμάτων
1707 831 1749 879 οἱ
1783 830 1890 895 ἐρα-

305 907 432 967 σταὶ,
471 904 557 969 τὴν
594 906 680 969 μὲν
716 905 836 973 πρὸς
879 907 1126 972 ἀλλήλους
1170 907 1355 976 εἰρήνην
1392 909 1743 973 ἐπιτηδεύουσιν
1788 910 1892 963 ἔσθ’

305 986 396 1049 ὅτε,
422 986 552 1051 πλὴν
579 989 632 1038 οὐ
664 987 852 1043 πάντως
889 992 936 1040 ἐν
964 994 1180 1060 Χριστῷ.
1238 990 1335 1042 οἷον
1362 991 1474 1060 φέρε
1510 995 1668 1054 εἰπεῖν,
1698 996 1740 1043 οἱ
1776 992 1894 1059 πρὸς
1917 1018 1965 1043 10

261 1085 288 1125 (1
305 1067 388 1123 τάς
426 1071 475 1120 ἐκ
517 1074 612 1120 τῶν
650 1071 888 1134 σωμάτων
925 1073 1203 1140 φιληδονίας
1242 1073 1441 1136 ἔκλυτοι,
1480 1078 1575 1127 τοῖς
1613 1073 1894 1140 ὁμοτρόποις

305 1154 394 1201 εἰσὶ
437 1150 513 1201 διὰ
552 1157 691 1204 τοῦτο
732 1155 955 1220 φίλτατοι
994 1157 1069 1205 καὶ
1107 1156 1216 1206 λίαν
1252 1155 1389 1219 ἡδεῖς·
1449 1157 1474 1206 ὁ
1508 1155 1762 1222 χρημάτων
1800 1161 1895 1208 τῶν

305 1232 438 1284 οὐδὲν
475 1235 601 1304 αὐτῷ
639 1236 980 1301 προσηκόντων
1015 1239 1265 1301 ἐπιθυμῶν,
1296 1236 1521 1305 ὑπάρχων
1554 1260 1605 1288 τε
1643 1237 1718 1289 διὰ
1756 1244 1895 1289 τοῦτο

303 1316 587 1381 πλεονέκτης
625 1316 653 1382 ἢ
686 1319 1046 1382 κλεπτίστατος,
1080 1321 1186 1371 καθ’
1223 1319 1392 1384 ἡδονὴν
1430 1319 1565 1370 ἔσται
1602 1320 1790 1374 πάντως
1827 1322 1895 1391 τῷ

303 1396 388 1461 τὴν
427 1398 538 1463 ’ίσην
576 1400 703 1468 αὐτῷ
740 1401 905 1452 κακίαν
942 1402 1271 1466 ἐπιτηδεύοντι.
1333 1402 1619 1453 ““Exaorov
1650 1401 1743 1469 γὰρ
1775 1402 1893 1472 ζῷον
1916 1425 1962 1463 15

305 1486 331 1508 ‘⁶
357 1481 521 1550 ἀγαπᾷ
547 1481 600 1532 τὸ
626 1481 787 1544 ὅμοιον
813 1484 950 1553 αὐτῷ,
977 1484 1096 1535 κατὰ
1122 1483 1176 1535 τὸ
1196 1484 1534 1550 γεγραμμένον,
1555 1487 1630 1535 καὶ
1655 1489 1721 1554 τῷ
1749 1486 1892 1556 ὁμοίῳ

303 1568 331 1590 “
357 1563 499 1614 αὐτοῦ
536 1565 1026 1630 προσκολληθήσεται
1064 1566 1227 1632 ἀνήρ.”
1280 1569 1394 1617 ἀλλ’
1422 1568 1470 1617 ἐν
1504 1568 1685 1620 τούτοις
1715 1565 1888 1630 ἅπασι,

303 1643 356 1694 τὸ
395 1644 574 1709 σεμνὸν
611 1650 694 1710 τῆς
732 1648 912 1712 εἰρήνης
950 1647 1098 1712 ὄνομα
1142 1649 1468 1713 καπηλεύεται·
1521 1651 1597 1699 καὶ
1641 1649 1822 1714 ἀληθὴς
1866 1652 1892 1700 ὁ

303 1725 463 1793 λόγος·
519 1730 594 1779 ἐπὶ
633 1727 682 1779 δὲ
721 1734 814 1780 τῶν
849 1731 996 1796 ἁγίων
1020 1731 1106 1798 οὐχ
1145 1732 1308 1784 οὕτως.
1357 1732 1410 1782 οὐ
1441 1730 1534 1797 γὰρ
1566 1731 1770 1797 ἁμαρτία
1809 1734 1892 1795 τῆς

302 1810 483 1874 εἰρήνης
509 1811 533 1860 ὁ
560 1811 842 1875 σύνδεσμος,
870 1811 1001 1862 ἀλλὰ
1034 1814 1208 1875 πίστις,
1234 1815 1381 1876 ἐλπὶς,
1409 1812 1570 1879 ἀγάπη
1602 1816 1678 1864 καὶ
1713 1816 1795 1877 τῆς
1828 1816 1891 1868 εἰς
1912 1835 1961 1860 20

264 1889 427 1942 θΘεόν
470 1893 710 1953 εὐσεβείας
760 1894 787 1958 ἡ
833 1894 1040 1958 δύναμις.
1115 1897 1190 1945 καὶ
1232 1895 1370 1946 τοῦτό
1412 1897 1543 1945 ἐστιν
1585 1896 1633 1946 ἐν
1671 1898 1887 1965 Χριστῷ.

302 1974 562 2041 κεφάλαιον
606 1976 688 2026 οὖν
729 1976 838 2039 ἡμῖν
885 1975 1076 2028 πάντων
1127 1981 1222 2027 τῶν
1272 1979 1467 2042 ἀγαθῶν
1511 1978 1539 2041 ἡ
1589 1979 1637 2028 ἐν
1687 1979 1890 2047 Χριστῷ

301 2056 507 2123 πέφηνεν
535 2056 705 2123 εἰρήνη,
740 2057 827 2122 τὴν
865 2062 927 2112 εἷς
966 2058 1212 2123 ἀλλήλους
1251 2058 1442 2125 ἀγάπην
1479 2058 1694 2128 ἀδελφὴν
1726 2057 1890 2126 ὥσπερ

303 2138 406 2188 τινὰ
439 2140 811 2204 συνεισάγουσα.
863 2141 1038 2195 παντὸς
1063 2141 1111 2192 δὲ
1143 2148 1225 2193 τοῦ
1252 2143 1376 2192 θείου
1407 2141 1551 2203 νόμου
1576 2139 1661 2204 τὴν
1686 2141 1882 2207 πλήρω-

302 2243 383 2270 σιν
409 2221 528 2288 ἔχειν
554 2222 579 2270 ὁ
609 2226 803 2275 Παῦλος
829 2221 914 2286 τὴν
940 2223 1129 2287 ἀγάπην
1157 2223 1320 2291 φησίν.
1374 2222 1444 2273 ὅτι
1483 2222 1531 2273 δὲ
1569 2228 1665 2276 τοῖς
1694 2223 1886 2287 ἀγαπῶ-
1909 2242 1956 2279 25

301 2324 382 2352 σιν
421 2303 664 2366 ἀλλήλους
697 2304 863 2370 ἕψεται
898 2303 954 2368 δὴ
980 2304 1169 2358 πάντως
1207 2304 1260 2356 τὸ
1293 2307 1369 2355 καὶ
1401 2304 1543 2355 αὑτὸν
1568 2304 1662 2370 πρὸ
1695 2305 1887 2355 πάντων

301 2385 550 2449 ἀγαπῆσαι
575 2383 659 2435 τὸν
684 2384 821 2447 Θεὸν,
849 2386 931 2435 οὐκ
957 2386 1243 2453 ἀμφίλογον,
1270 2385 1489 2437 Ἰωάννου
1515 2384 1737 2452 λέγοντος
1762 2387 1824 2438 ὡς
1849 2384 1892 2435 εἴ

301 2489 371 2520 τις
405 2465 653 2532 ἀγαπήσαι
687 2464 769 2517 τὸν
803 2467 1033 2535 ἀδελφὸν,
1064 2467 1206 2519 αὐτὸν
1231 2467 1381 2533 δήπου
1418 2468 1607 2523 πάντως
1645 2467 1886 2534 ἀγαπήσει

300 2547 384 2599 τὸν
411 2547 550 2600 Θεόν.

261 2652 283 2676 a
375 2635 537 2696 Δηλοῖ
565 2629 612 2682 δὲ
648 2629 704 2695 δή
736 2653 780 2681 τι
816 2633 890 2682 καὶ
924 2630 978 2682 τὸ
1010 2631 1187 2698 ἕτερον,
1219 2635 1340 2701 φημὶ
1368 2632 1424 2696 δὴ
1449 2631 1596 2684 πάλιν
1622 2631 1676 2684 τό
1703 2628 1885 2703 Θλίψιν
1905 2662 1955 2698 30

302 2712 425 2775 ἔχετε
462 2712 500 2764 ἐν
535 2718 596 2783 τῷ
632 2713 802 2783 κόσμῳ·
859 2712 996 2764 ἀλλα
1031 2712 1224 2783 θαρσεῖτε
1258 2712 1347 2780 ἐγῶ
1375 2717 1572 2774 νενίκηκα
1606 2715 1672 2766 τὶν
1701 2715 1879 2783 κόσμον.

346 2916 378 2945 4.
405 2903 446 2936 δι’
465 2903 521 2946 ἐμὲ
538 2906 684 2940 πολλαῖς
702 2904 768 2940 hoc
786 2904 907 2939 ordine
926 2905 967 2939 E.
1401 2915 1433 2950 5.
1459 2906 1524 2950 γὰρ
1542 2912 1764 2951 assumptum
1781 2917 1821 2939 ex
1840 2905 1882 2939 E.

300 2959 330 2994 7.
357 2950 503 2995 λέγομεν
522 2950 563 2985 Ε.
851 2962 903 2996 13.
930 2951 1027 2985 οὐδὲν
1045 2951 1086 2985 Ε.
1104 2952 1207 2995 μηδὲν
1226 2951 1291 2985 Ed.
