<?xml version="1.0" encoding="UTF-8"?>
<!DOCTYPE html PUBLIC "-//W3C//DTD XHTML 1.0 Transitional//EN"
    "http://www.w3.org/TR/xhtml1/DTD/xhtml1-transitional.dtd">
<html xmlns="http://www.w3.org/1999/xhtml" xml:lang="en" lang="en">
 <head>
  <title>
</title>
<meta http-equiv="Content-Type" content="text/html;charset=utf-8" />
  <meta name='ocr-system' content='tesseract 3.04.00' />
  <meta name='ocr-capabilities' content='ocr_page ocr_carea ocr_par ocr_line ocrx_word'/>
</head>
<body>
  <div class='ocr_page' id='page_1' title='image "./operacyrilli04cyriuoft/operacyrilli04cyriuoft_0479.png"; bbox 0 0 2022 3272; ppageno 0'>
   <div class='ocr_carea' id='block_1_1' title="bbox 94 128 1681 183">
    <p class='ocr_par' dir='ltr' id='par_1_1' title="bbox 94 128 1681 183">
     <span class='ocr_line' id='line_1_1' title="bbox 94 128 1681 183; baseline 0.007 -16"><span class='ocrx_word' id='word_1_1' title='bbox 94 128 178 169; x_wconf 82' lang='lat' dir='ltr'><strong>xiv.</strong></span> <span class='ocrx_word' id='word_1_2' title='bbox 204 129 353 183; x_wconf 86' lang='lat'>16‚17.</span> <span class='ocrx_word' id='word_1_3' title='bbox 388 132 456 173; x_wconf 91' lang='lat' dir='ltr'>IN</span> <span class='ocrx_word' id='word_1_4' title='bbox 499 133 541 174; x_wconf 84' lang='lat' dir='ltr'>S.</span> <span class='ocrx_word' id='word_1_5' title='bbox 577 135 914 176; x_wconf 66' lang='lat' dir='ltr'><strong>JOANNEM.</strong></span> <span class='ocrx_word' id='word_1_6' title='bbox 984 137 1102 176; x_wconf 52' lang='lat'>12113.</span> <span class='ocrx_word' id='word_1_7' title='bbox 1139 138 1213 176; x_wconf 74' lang='lat' dir='ltr'>lx.</span> <span class='ocrx_word' id='word_1_8' title='bbox 1277 139 1410 177; x_wconf 61' lang='lat' dir='ltr'>(fAl&#39;.</span> <span class='ocrx_word' id='word_1_9' title='bbox 1451 138 1478 178; x_wconf 87' lang='lat'>1.</span> <span class='ocrx_word' id='word_1_10' title='bbox 1598 140 1681 178; x_wconf 63' lang='lat'>-1157</span> 
     </span>
    </p>
   </div>
   <div class='ocr_carea' id='block_1_2' title="bbox 29 239 1728 2530">
    <p class='ocr_par' dir='ltr' id='par_1_2' title="bbox 93 239 1680 314">
     <span class='ocr_line' id='line_1_2' title="bbox 93 239 1680 314; baseline 0.006 -27"><span class='ocrx_word' id='word_1_11' title='bbox 93 239 435 292; x_wconf 85' lang='grc' dir='ltr'>συνεπιδώσειν</span> <span class='ocrx_word' id='word_1_12' title='bbox 462 243 572 306; x_wconf 83' lang='grc' dir='ltr'>ἡμῖν</span> <span class='ocrx_word' id='word_1_13' title='bbox 598 243 680 294; x_wconf 83' lang='grc' dir='ltr'>τὸν</span> <span class='ocrx_word' id='word_1_14' title='bbox 703 245 1013 310; x_wconf 83' lang='grc' dir='ltr'>παράκλητον</span> <span class='ocrx_word' id='word_1_15' title='bbox 1039 246 1144 314; x_wconf 74' lang='grc' dir='ltr'>ἔφη·</span> <span class='ocrx_word' id='word_1_16' title='bbox 1185 246 1239 296; x_wconf 91' lang='grc' dir='ltr'>τό</span> <span class='ocrx_word' id='word_1_17' title='bbox 1272 249 1494 314; x_wconf 68' lang='grc' dir='ltr'>Ἐρωτήσω</span> <span class='ocrx_word' id='word_1_18' title='bbox 1531 247 1680 298; x_wconf 82' lang='grc' dir='ltr'>πάλιν</span> 
     </span>
    </p>

    <p class='ocr_par' dir='ltr' id='par_1_3' title="bbox 92 319 1679 396">
     <span class='ocr_line' id='line_1_3' title="bbox 92 319 1679 396; baseline 0.006 -27"><span class='ocrx_word' id='word_1_19' title='bbox 92 319 249 383; x_wconf 80' lang='grc' dir='ltr'>ἐπιὼν,</span> <span class='ocrx_word' id='word_1_20' title='bbox 280 325 343 376; x_wconf 84' lang='grc' dir='ltr'>ὡς</span> <span class='ocrx_word' id='word_1_21' title='bbox 369 323 631 390; x_wconf 75' lang='grc' dir='ltr'>ἄνθρωπος,</span> <span class='ocrx_word' id='word_1_22' title='bbox 661 330 813 380; x_wconf 83' lang='grc' dir='ltr'>ἱδικῶς</span> <span class='ocrx_word' id='word_1_23' title='bbox 842 350 890 378; x_wconf 91' lang='grc' dir='ltr'>τε</span> <span class='ocrx_word' id='word_1_24' title='bbox 919 329 1150 381; x_wconf 78' lang='grc' dir='ltr'>ἀνατιθεὶς</span> <span class='ocrx_word' id='word_1_25' title='bbox 1177 328 1268 395; x_wconf 75' lang='grc' dir='ltr'>ὅλῃ</span> <span class='ocrx_word' id='word_1_26' title='bbox 1296 332 1353 395; x_wconf 84' lang='grc' dir='ltr'>τῇ</span> <span class='ocrx_word' id='word_1_27' title='bbox 1385 328 1485 396; x_wconf 67' lang='grc' dir='ltr'>θείᾳ</span> <span class='ocrx_word' id='word_1_28' title='bbox 1521 352 1569 380; x_wconf 86' lang='grc' dir='ltr'>τε</span> <span class='ocrx_word' id='word_1_29' title='bbox 1605 331 1679 379; x_wconf 78' lang='grc' dir='ltr'>καὶ</span> 
     </span>
    </p>

    <p class='ocr_par' dir='ltr' id='par_1_4' title="bbox 91 402 1681 479">
     <span class='ocr_line' id='line_1_4' title="bbox 91 402 1681 479; baseline 0.006 -27"><span class='ocrx_word' id='word_1_30' title='bbox 91 402 278 473; x_wconf 78' lang='grc' dir='ltr'>ἀρῥήτῳ</span> <span class='ocrx_word' id='word_1_31' title='bbox 318 405 462 473; x_wconf 83' lang='grc' dir='ltr'>φύσει</span> <span class='ocrx_word' id='word_1_32' title='bbox 502 407 556 458; x_wconf 83' lang='grc' dir='ltr'>τὸ</span> <span class='ocrx_word' id='word_1_33' title='bbox 595 409 713 477; x_wconf 79' lang='grc' dir='ltr'>αὐτῇ</span> <span class='ocrx_word' id='word_1_34' title='bbox 759 409 975 472; x_wconf 88' lang='grc' dir='ltr'>μάλιστα</span> <span class='ocrx_word' id='word_1_35' title='bbox 1018 411 1215 477; x_wconf 80' lang='grc' dir='ltr'>πρέπον,</span> <span class='ocrx_word' id='word_1_36' title='bbox 1252 413 1314 464; x_wconf 88' lang='grc' dir='ltr'>ὡς</span> <span class='ocrx_word' id='word_1_37' title='bbox 1353 412 1400 460; x_wconf 80' lang='grc' dir='ltr'>ἐν</span> <span class='ocrx_word' id='word_1_38' title='bbox 1434 412 1681 479; x_wconf 77' lang='grc' dir='ltr'>προσώπῳ</span> 
     </span>
    </p>

    <p class='ocr_par' dir='ltr' id='par_1_5' title="bbox 51 489 1683 640">
     <span class='ocr_line' id='line_1_5' title="bbox 91 489 1683 561; baseline 0.006 -27"><span class='ocrx_word' id='word_1_39' title='bbox 91 489 174 535; x_wconf 93' lang='grc' dir='ltr'>τοῦ</span> <span class='ocrx_word' id='word_1_40' title='bbox 221 489 347 538; x_wconf 79' lang='grc' dir='ltr'>Θεοῦ</span> <span class='ocrx_word' id='word_1_41' title='bbox 392 491 468 539; x_wconf 74' lang='grc' dir='ltr'>καὶ</span> <span class='ocrx_word' id='word_1_42' title='bbox 517 489 723 556; x_wconf 80' lang='grc' dir='ltr'>Πατρός.</span> <span class='ocrx_word' id='word_1_43' title='bbox 795 497 933 542; x_wconf 88' lang='grc' dir='ltr'>τοῦτο</span> <span class='ocrx_word' id='word_1_44' title='bbox 978 491 1071 558; x_wconf 78' lang='grc' dir='ltr'>γὰρ</span> <span class='ocrx_word' id='word_1_45' title='bbox 1112 492 1216 546; x_wconf 66' lang='grc' dir='ltr'>ε”θος</span> <span class='ocrx_word' id='word_1_46' title='bbox 1261 493 1401 561; x_wconf 73' lang='grc' dir='ltr'>αὐτῷ,</span> <span class='ocrx_word' id='word_1_47' title='bbox 1440 492 1562 543; x_wconf 77' lang='grc' dir='ltr'>καθὰ</span> <span class='ocrx_word' id='word_1_48' title='bbox 1606 494 1683 543; x_wconf 78' lang='grc' dir='ltr'>καὶ</span> 
     </span>
     <span class='ocr_line' id='line_1_6' title="bbox 51 566 1122 640; baseline 0.006 -22"><span class='ocrx_word' id='word_1_49' title='bbox 51 566 330 623; x_wconf 87' lang='grc' dir='ltr'>5πολλάκις</span> <span class='ocrx_word' id='word_1_50' title='bbox 369 570 457 635; x_wconf 71' lang='grc' dir='ltr'>ἤδη</span> <span class='ocrx_word' id='word_1_51' title='bbox 496 573 821 638; x_wconf 79' lang='grc' dir='ltr'>προλαβόντες</span> <span class='ocrx_word' id='word_1_52' title='bbox 861 573 1122 640; x_wconf 80' lang='grc' dir='ltr'>εἰρήκαμεν.</span> 
     </span>
    </p>

    <p class='ocr_par' dir='ltr' id='par_1_6' title="bbox 94 648 1728 972">
     <span class='ocr_line' id='line_1_7' title="bbox 159 648 1681 724; baseline 0.005 -24"><span class='ocrx_word' id='word_1_53' title='bbox 159 648 332 703; x_wconf 39' lang='grc' dir='ltr'>’χΑλλον</span> <span class='ocrx_word' id='word_1_54' title='bbox 359 652 508 718; x_wconf 82' lang='grc' dir='ltr'>γεμὴν</span> <span class='ocrx_word' id='word_1_55' title='bbox 536 654 832 724; x_wconf 71' lang='grc' dir='ltr'>Παρακλητον</span> <span class='ocrx_word' id='word_1_56' title='bbox 859 656 912 707; x_wconf 81' lang='grc' dir='ltr'>τὸ</span> <span class='ocrx_word' id='word_1_57' title='bbox 944 661 1138 720; x_wconf 80' lang='grc' dir='ltr'>Πνεῦμα</span> <span class='ocrx_word' id='word_1_58' title='bbox 1165 661 1304 707; x_wconf 85' lang='grc' dir='ltr'>καλεῖ</span> <span class='ocrx_word' id='word_1_59' title='bbox 1330 659 1412 720; x_wconf 82' lang='grc' dir='ltr'>τῆς</span> <span class='ocrx_word' id='word_1_60' title='bbox 1446 662 1529 707; x_wconf 90' lang='grc' dir='ltr'>τοῦ</span> <span class='ocrx_word' id='word_1_61' title='bbox 1556 661 1681 707; x_wconf 76' lang='grc' dir='ltr'>Θεοῦ</span> 
     </span>
     <span class='ocr_line' id='line_1_8' title="bbox 94 732 1681 808; baseline 0.007 -27"><span class='ocrx_word' id='word_1_62' title='bbox 94 732 170 782; x_wconf 75' lang='grc' dir='ltr'>καὶ</span> <span class='ocrx_word' id='word_1_63' title='bbox 198 733 389 800; x_wconf 77' lang='grc' dir='ltr'>Πατρὸς</span> <span class='ocrx_word' id='word_1_64' title='bbox 417 737 595 799; x_wconf 81' lang='grc' dir='ltr'>οὐσίας,</span> <span class='ocrx_word' id='word_1_65' title='bbox 622 738 723 802; x_wconf 71' lang='grc' dir='ltr'>ἤτοι</span> <span class='ocrx_word' id='word_1_66' title='bbox 750 741 832 802; x_wconf 80' lang='grc' dir='ltr'>τῆς</span> <span class='ocrx_word' id='word_1_67' title='bbox 858 740 1039 789; x_wconf 82' lang='grc' dir='ltr'>ἑαυτοῦ.</span> <span class='ocrx_word' id='word_1_68' title='bbox 1088 737 1150 792; x_wconf 76' lang='grc' dir='ltr'>εἷς</span> <span class='ocrx_word' id='word_1_69' title='bbox 1177 738 1271 804; x_wconf 76' lang='grc' dir='ltr'>γὰρ</span> <span class='ocrx_word' id='word_1_70' title='bbox 1297 740 1366 790; x_wconf 84' lang='grc' dir='ltr'>ἐπ’</span> <span class='ocrx_word' id='word_1_71' title='bbox 1396 741 1574 808; x_wconf 76' lang='grc' dir='ltr'>ἀμφοῖν</span> <span class='ocrx_word' id='word_1_72' title='bbox 1599 742 1681 802; x_wconf 79' lang='grc' dir='ltr'>τῆς</span> 
     </span>
     <span class='ocr_line' id='line_1_9' title="bbox 94 814 1728 888; baseline 0.008 -25"><span class='ocrx_word' id='word_1_73' title='bbox 94 814 258 868; x_wconf 78' lang='grc' dir='ltr'>οὐσίας</span> <span class='ocrx_word' id='word_1_74' title='bbox 294 816 319 865; x_wconf 85' lang='grc' dir='ltr'>ὁ</span> <span class='ocrx_word' id='word_1_75' title='bbox 355 817 515 883; x_wconf 85' lang='grc' dir='ltr'>λόγος,</span> <span class='ocrx_word' id='word_1_76' title='bbox 541 820 624 870; x_wconf 79' lang='grc' dir='ltr'>οὐκ</span> <span class='ocrx_word' id='word_1_77' title='bbox 660 820 752 888; x_wconf 70' lang='grc' dir='ltr'>ἔξω</span> <span class='ocrx_word' id='word_1_78' title='bbox 786 824 925 875; x_wconf 78' lang='grc' dir='ltr'>τιθεὶς</span> <span class='ocrx_word' id='word_1_79' title='bbox 959 820 1088 883; x_wconf 80' lang='grc' dir='ltr'>αὐτὸ,</span> <span class='ocrx_word' id='word_1_80' title='bbox 1115 821 1197 871; x_wconf 84' lang='grc' dir='ltr'>τὸν</span> <span class='ocrx_word' id='word_1_81' title='bbox 1223 821 1271 872; x_wconf 74' lang='grc' dir='ltr'>δὲ</span> <span class='ocrx_word' id='word_1_82' title='bbox 1306 824 1389 884; x_wconf 83' lang='grc' dir='ltr'>τῆς</span> <span class='ocrx_word' id='word_1_83' title='bbox 1413 821 1681 887; x_wconf 76' lang='grc' dir='ltr'>ἑτερότητος</span> <span class='ocrx_word' id='word_1_84' title='bbox 1701 836 1728 876; x_wconf 87' lang='grc'>(1</span> 
     </span>
     <span class='ocr_line' id='line_1_10' title="bbox 94 894 1681 972; baseline 0.006 -27"><span class='ocrx_word' id='word_1_85' title='bbox 94 894 243 961; x_wconf 88' lang='grc' dir='ltr'>λόγον</span> <span class='ocrx_word' id='word_1_86' title='bbox 269 899 316 948; x_wconf 86' lang='grc' dir='ltr'>ἐν</span> <span class='ocrx_word' id='word_1_87' title='bbox 341 899 472 968; x_wconf 79' lang='grc' dir='ltr'>μόνῳ</span> <span class='ocrx_word' id='word_1_88' title='bbox 511 906 722 952; x_wconf 82' lang='grc' dir='ltr'>νοεῖσθαι</span> <span class='ocrx_word' id='word_1_89' title='bbox 761 901 915 956; x_wconf 77' lang='grc' dir='ltr'>διδοὺς</span> <span class='ocrx_word' id='word_1_90' title='bbox 953 908 1019 972; x_wconf 72' lang='grc' dir='ltr'>τῷ</span> <span class='ocrx_word' id='word_1_91' title='bbox 1056 901 1170 953; x_wconf 78' lang='grc' dir='ltr'>εἶναι</span> <span class='ocrx_word' id='word_1_92' title='bbox 1205 905 1281 954; x_wconf 83' lang='grc' dir='ltr'>καὶ</span> <span class='ocrx_word' id='word_1_93' title='bbox 1316 903 1540 971; x_wconf 81' lang='grc' dir='ltr'>ὑπάρχειν</span> <span class='ocrx_word' id='word_1_94' title='bbox 1573 907 1681 954; x_wconf 81' lang='grc' dir='ltr'>ἰδιο-</span> 
     </span>
    </p>

    <p class='ocr_par' dir='ltr' id='par_1_7' title="bbox 30 977 1683 1298">
     <span class='ocr_line' id='line_1_11' title="bbox 30 977 1683 1050; baseline 0.007 -24"><span class='ocrx_word' id='word_1_95' title='bbox 30 1001 78 1026; x_wconf 93' lang='lat'>10</span> <span class='ocrx_word' id='word_1_96' title='bbox 95 977 349 1034; x_wconf 88' lang='grc' dir='ltr'>συστάτως</span> <span class='ocrx_word' id='word_1_97' title='bbox 384 982 514 1033; x_wconf 82' lang='grc' dir='ltr'>αὐτό.</span> <span class='ocrx_word' id='word_1_98' title='bbox 569 984 623 1033; x_wconf 84' lang='grc' dir='ltr'>οὐ</span> <span class='ocrx_word' id='word_1_99' title='bbox 649 983 744 1050; x_wconf 84' lang='grc' dir='ltr'>γὰρ</span> <span class='ocrx_word' id='word_1_100' title='bbox 770 983 885 1038; x_wconf 78' lang='grc' dir='ltr'>Υἱὸς</span> <span class='ocrx_word' id='word_1_101' title='bbox 910 983 964 1035; x_wconf 77' lang='grc' dir='ltr'>τὸ</span> <span class='ocrx_word' id='word_1_102' title='bbox 991 985 1188 1049; x_wconf 86' lang='grc' dir='ltr'>Πνεῦμά</span> <span class='ocrx_word' id='word_1_103' title='bbox 1212 987 1356 1048; x_wconf 87' lang='grc' dir='ltr'>ἐστιν,</span> <span class='ocrx_word' id='word_1_104' title='bbox 1383 985 1494 1036; x_wconf 82' lang='grc' dir='ltr'>ἀλλ’</span> <span class='ocrx_word' id='word_1_105' title='bbox 1523 986 1683 1048; x_wconf 82' lang='grc' dir='ltr'>ὅντως,</span> 
     </span>
     <span class='ocr_line' id='line_1_12' title="bbox 95 1060 1678 1135; baseline 0.005 -25"><span class='ocrx_word' id='word_1_106' title='bbox 95 1060 220 1114; x_wconf 80' lang='grc' dir='ltr'>ἰδίως</span> <span class='ocrx_word' id='word_1_107' title='bbox 254 1084 305 1112; x_wconf 88' lang='grc' dir='ltr'>τε</span> <span class='ocrx_word' id='word_1_108' title='bbox 340 1061 394 1114; x_wconf 79' lang='grc' dir='ltr'>ὃν</span> <span class='ocrx_word' id='word_1_109' title='bbox 424 1066 500 1114; x_wconf 80' lang='grc' dir='ltr'>καὶ</span> <span class='ocrx_word' id='word_1_110' title='bbox 540 1063 756 1134; x_wconf 79' lang='grc' dir='ltr'>ὑπάρχον</span> <span class='ocrx_word' id='word_1_111' title='bbox 791 1068 920 1118; x_wconf 83' lang='grc' dir='ltr'>τοῦθ’</span> <span class='ocrx_word' id='word_1_112' title='bbox 951 1067 1065 1134; x_wconf 77' lang='grc' dir='ltr'>ὅπερ</span> <span class='ocrx_word' id='word_1_113' title='bbox 1100 1070 1229 1119; x_wconf 77' lang='grc' dir='ltr'>ἐστὶν</span> <span class='ocrx_word' id='word_1_114' title='bbox 1256 1070 1304 1119; x_wconf 88' lang='grc' dir='ltr'>ἐν</span> <span class='ocrx_word' id='word_1_115' title='bbox 1329 1068 1489 1120; x_wconf 80' lang='grc' dir='ltr'>πίστει</span> <span class='ocrx_word' id='word_1_116' title='bbox 1523 1092 1678 1135; x_wconf 92' lang='grc' dir='ltr'>παρα-</span> 
     </span>
     <span class='ocr_line' id='line_1_13' title="bbox 96 1142 1678 1216; baseline 0.007 -24"><span class='ocrx_word' id='word_1_117' title='bbox 96 1142 345 1211; x_wconf 76' lang='grc' dir='ltr'>δεξόμεθα·</span> <span class='ocrx_word' id='word_1_118' title='bbox 409 1149 606 1211; x_wconf 88' lang='grc' dir='ltr'>Πνεῦμα</span> <span class='ocrx_word' id='word_1_119' title='bbox 650 1148 744 1214; x_wconf 88' lang='grc' dir='ltr'>γάρ</span> <span class='ocrx_word' id='word_1_120' title='bbox 790 1150 894 1199; x_wconf 85' lang='grc' dir='ltr'>ἐστι</span> <span class='ocrx_word' id='word_1_121' title='bbox 938 1155 1020 1200; x_wconf 91' lang='grc' dir='ltr'>τοῦ</span> <span class='ocrx_word' id='word_1_122' title='bbox 1064 1151 1255 1216; x_wconf 82' lang='grc' dir='ltr'>Πατρὸς</span> <span class='ocrx_word' id='word_1_123' title='bbox 1300 1153 1376 1202; x_wconf 81' lang='grc' dir='ltr'>καὶ</span> <span class='ocrx_word' id='word_1_124' title='bbox 1421 1157 1504 1202; x_wconf 93' lang='grc' dir='ltr'>τοῦ</span> <span class='ocrx_word' id='word_1_125' title='bbox 1545 1156 1678 1203; x_wconf 82' lang='grc' dir='ltr'>Υὶοῦ.</span> 
     </span>
     <span class='ocr_line' id='line_1_14' title="bbox 97 1225 1681 1298; baseline 0.007 -24"><span class='ocrx_word' id='word_1_126' title='bbox 97 1225 225 1279; x_wconf 75' lang='grc' dir='ltr'>εἰδὼς</span> <span class='ocrx_word' id='word_1_127' title='bbox 253 1225 301 1277; x_wconf 70' lang='grc' dir='ltr'>δὲ</span> <span class='ocrx_word' id='word_1_128' title='bbox 329 1226 399 1278; x_wconf 79' lang='grc' dir='ltr'>ὅτι</span> <span class='ocrx_word' id='word_1_129' title='bbox 432 1230 507 1279; x_wconf 79' lang='grc' dir='ltr'>καὶ</span> <span class='ocrx_word' id='word_1_130' title='bbox 544 1229 684 1283; x_wconf 79' lang='grc' dir='ltr'>αὐτὸς</span> <span class='ocrx_word' id='word_1_131' title='bbox 717 1229 1024 1297; x_wconf 86' lang='grc' dir='ltr'>παράκλητός</span> <span class='ocrx_word' id='word_1_132' title='bbox 1057 1233 1166 1283; x_wconf 86' lang='grc' dir='ltr'>ε’στί</span> <span class='ocrx_word' id='word_1_133' title='bbox 1195 1256 1244 1284; x_wconf 90' lang='grc' dir='ltr'>τε</span> <span class='ocrx_word' id='word_1_134' title='bbox 1281 1232 1400 1284; x_wconf 80' lang='grc' dir='ltr'>κατὰ</span> <span class='ocrx_word' id='word_1_135' title='bbox 1434 1233 1681 1298; x_wconf 81' lang='grc' dir='ltr'>ἀλήθειαν,</span> 
     </span>
    </p>

    <p class='ocr_par' dir='ltr' id='par_1_8' title="bbox 56 1302 1686 1384">
     <span class='ocr_line' id='line_1_15' title="bbox 56 1302 1686 1384; baseline 0.007 -29"><span class='ocrx_word' id='word_1_136' title='bbox 56 1302 61 1308; x_wconf 49' lang='grc'><strong><em>’</em></strong></span> <span class='ocrx_word' id='word_1_137' title='bbox 97 1307 174 1356; x_wconf 87' lang='grc' dir='ltr'>καὶ</span> <span class='ocrx_word' id='word_1_138' title='bbox 199 1308 248 1357; x_wconf 87' lang='grc' dir='ltr'>ἐν</span> <span class='ocrx_word' id='word_1_139' title='bbox 273 1313 368 1363; x_wconf 85' lang='grc' dir='ltr'>τοῖς</span> <span class='ocrx_word' id='word_1_140' title='bbox 395 1312 532 1376; x_wconf 81' lang='grc' dir='ltr'>ἱεροῖς</span> <span class='ocrx_word' id='word_1_141' title='bbox 558 1309 832 1375; x_wconf 83' lang='grc' dir='ltr'>ὠνόμασται</span> <span class='ocrx_word' id='word_1_142' title='bbox 858 1312 1122 1379; x_wconf 83' lang='grc' dir='ltr'>γράμμασι,</span> <span class='ocrx_word' id='word_1_143' title='bbox 1149 1313 1437 1384; x_wconf 74' lang='grc' dir='ltr'>παράκλητον</span> <span class='ocrx_word' id='word_1_144' title='bbox 1464 1314 1606 1367; x_wconf 64' lang='grc' dir='ltr'>ἄλλον</span> <span class='ocrx_word' id='word_1_145' title='bbox 1632 1314 1686 1367; x_wconf 83' lang='grc' dir='ltr'>τὸ</span> 
     </span>
    </p>

    <p class='ocr_par' dir='ltr' id='par_1_9' title="bbox 31 1391 1727 1791">
     <span class='ocr_line' id='line_1_16' title="bbox 31 1391 1687 1463; baseline 0.008 -25"><span class='ocrx_word' id='word_1_146' title='bbox 31 1400 78 1439; x_wconf 89' lang='lat'>15</span> <span class='ocrx_word' id='word_1_147' title='bbox 100 1391 295 1452; x_wconf 89' lang='grc' dir='ltr'>Πνεῦμα</span> <span class='ocrx_word' id='word_1_148' title='bbox 321 1396 467 1455; x_wconf 89' lang='grc' dir='ltr'>καλεῖ,</span> <span class='ocrx_word' id='word_1_149' title='bbox 488 1394 573 1460; x_wconf 82' lang='grc' dir='ltr'>οὐχ</span> <span class='ocrx_word' id='word_1_150' title='bbox 601 1395 663 1448; x_wconf 86' lang='grc' dir='ltr'>ὡς</span> <span class='ocrx_word' id='word_1_151' title='bbox 689 1393 847 1461; x_wconf 80' lang='grc' dir='ltr'>ἕτερόν</span> <span class='ocrx_word' id='word_1_152' title='bbox 872 1417 916 1445; x_wconf 87' lang='grc' dir='ltr'>τι</span> <span class='ocrx_word' id='word_1_153' title='bbox 942 1395 1087 1463; x_wconf 81' lang='grc' dir='ltr'>τυχὸν</span> <span class='ocrx_word' id='word_1_154' title='bbox 1113 1397 1314 1462; x_wconf 81' lang='grc' dir='ltr'>ἐνεργεῖν</span> <span class='ocrx_word' id='word_1_155' title='bbox 1341 1399 1388 1448; x_wconf 85' lang='grc' dir='ltr'>ἐν</span> <span class='ocrx_word' id='word_1_156' title='bbox 1414 1402 1511 1451; x_wconf 86' lang='grc' dir='ltr'>τοῖς</span> <span class='ocrx_word' id='word_1_157' title='bbox 1537 1399 1687 1463; x_wconf 83' lang='grc' dir='ltr'>ἁγίοις</span> 
     </span>
     <span class='ocr_line' id='line_1_17' title="bbox 97 1468 1680 1545; baseline 0.007 -25"><span class='ocrx_word' id='word_1_158' title='bbox 97 1468 217 1524; x_wconf 80' lang='grc' dir='ltr'>εὶδὸς</span> <span class='ocrx_word' id='word_1_159' title='bbox 254 1470 282 1536; x_wconf 80' lang='grc' dir='ltr'>ἢ</span> <span class='ocrx_word' id='word_1_160' title='bbox 314 1472 428 1539; x_wconf 78' lang='grc' dir='ltr'>ὅπερ</span> <span class='ocrx_word' id='word_1_161' title='bbox 455 1473 514 1525; x_wconf 80' lang='grc' dir='ltr'>ἂν</span> <span class='ocrx_word' id='word_1_162' title='bbox 539 1477 616 1526; x_wconf 81' lang='grc' dir='ltr'>καὶ</span> <span class='ocrx_word' id='word_1_163' title='bbox 641 1474 794 1538; x_wconf 76' lang='grc' dir='ltr'>αὐτὸς,</span> <span class='ocrx_word' id='word_1_164' title='bbox 820 1477 874 1527; x_wconf 79' lang='grc' dir='ltr'>οῦ</span> <span class='ocrx_word' id='word_1_165' title='bbox 910 1479 984 1527; x_wconf 76' lang='grc' dir='ltr'>καὶ</span> <span class='ocrx_word' id='word_1_166' title='bbox 1020 1477 1123 1528; x_wconf 78' lang='grc' dir='ltr'>ἔστι</span> <span class='ocrx_word' id='word_1_167' title='bbox 1155 1481 1230 1530; x_wconf 79' lang='grc' dir='ltr'>καὶ</span> <span class='ocrx_word' id='word_1_168' title='bbox 1256 1480 1443 1545; x_wconf 86' lang='grc' dir='ltr'>λέγεται</span> <span class='ocrx_word' id='word_1_169' title='bbox 1470 1483 1680 1544; x_wconf 89' lang='grc' dir='ltr'>Πνεῦμα.</span> 
     </span>
     <span class='ocr_line' id='line_1_18' title="bbox 97 1551 1727 1626; baseline 0.01 -24"><span class='ocrx_word' id='word_1_170' title='bbox 97 1551 168 1603; x_wconf 79' lang='grc' dir='ltr'>ὅτι</span> <span class='ocrx_word' id='word_1_171' title='bbox 195 1553 243 1604; x_wconf 76' lang='grc' dir='ltr'>δὲ</span> <span class='ocrx_word' id='word_1_172' title='bbox 268 1557 343 1606; x_wconf 83' lang='grc' dir='ltr'>καὶ</span> <span class='ocrx_word' id='word_1_173' title='bbox 369 1556 508 1610; x_wconf 83' lang='grc' dir='ltr'>αὐτὸς</span> <span class='ocrx_word' id='word_1_174' title='bbox 533 1556 840 1624; x_wconf 75' lang='grc' dir='ltr'>παράκλητος</span> <span class='ocrx_word' id='word_1_175' title='bbox 867 1560 1128 1626; x_wconf 78' lang='grc' dir='ltr'>ὠνομάσθη</span> <span class='ocrx_word' id='word_1_176' title='bbox 1154 1585 1203 1613; x_wconf 88' lang='grc' dir='ltr'>τε</span> <span class='ocrx_word' id='word_1_177' title='bbox 1229 1564 1306 1613; x_wconf 79' lang='grc' dir='ltr'>καὶ</span> <span class='ocrx_word' id='word_1_178' title='bbox 1339 1562 1470 1613; x_wconf 73' lang='grc' dir='ltr'>ἔστιν</span> <span class='ocrx_word' id='word_1_179' title='bbox 1497 1564 1521 1614; x_wconf 84' lang='grc' dir='ltr'>ὁ</span> <span class='ocrx_word' id='word_1_180' title='bbox 1549 1564 1681 1626; x_wconf 75' lang='grc' dir='ltr'>Υἱὸς,</span> <span class='ocrx_word' id='word_1_181' title='bbox 1705 1581 1727 1609; x_wconf 77' lang='grc' dir='ltr'>θ</span> 
     </span>
     <span class='ocr_line' id='line_1_19' title="bbox 96 1636 1686 1713; baseline 0.006 -28"><span class='ocrx_word' id='word_1_182' title='bbox 96 1636 388 1703; x_wconf 88' lang='grc' dir='ltr'>μαρτυρήσει</span> <span class='ocrx_word' id='word_1_183' title='bbox 415 1638 570 1705; x_wconf 86' lang='grc' dir='ltr'>λέγων</span> <span class='ocrx_word' id='word_1_184' title='bbox 595 1642 619 1690; x_wconf 85' lang='grc' dir='ltr'><em>ὁ</em></span> <span class='ocrx_word' id='word_1_185' title='bbox 646 1641 869 1706; x_wconf 76' lang='grc' dir='ltr'>Ἰωάννης</span> <span class='ocrx_word' id='word_1_186' title='bbox 896 1643 944 1692; x_wconf 88' lang='grc' dir='ltr'>ἐν</span> <span class='ocrx_word' id='word_1_187' title='bbox 971 1643 1105 1698; x_wconf 74' lang='grc' dir='ltr'>ἰδίαις</span> <span class='ocrx_word' id='word_1_188' title='bbox 1137 1649 1445 1713; x_wconf 82' lang='grc' dir='ltr'>συγγραφαῖς</span> <span class='ocrx_word' id='word_1_189' title='bbox 1472 1652 1498 1674; x_wconf 83' lang='grc'><strong>“</strong></span> <span class='ocrx_word' id='word_1_190' title='bbox 1520 1649 1686 1696; x_wconf 88' lang='grc' dir='ltr'>Ταῦτα</span> 
     </span>
     <span class='ocr_line' id='line_1_20' title="bbox 97 1717 1685 1791; baseline 0.006 -24"><span class='ocrx_word' id='word_1_191' title='bbox 97 1723 126 1747; x_wconf 81' lang='lat'><strong>“</strong></span> <span class='ocrx_word' id='word_1_192' title='bbox 151 1717 294 1784; x_wconf 79' lang='grc' dir='ltr'>λέγω,</span> <span class='ocrx_word' id='word_1_193' title='bbox 330 1722 496 1788; x_wconf 74' lang='grc' dir='ltr'>φησὶν,</span> <span class='ocrx_word' id='word_1_194' title='bbox 536 1723 657 1786; x_wconf 86' lang='grc' dir='ltr'>ὑμῖν,</span> <span class='ocrx_word' id='word_1_195' title='bbox 696 1723 772 1774; x_wconf 82' lang='grc' dir='ltr'>ἵνα</span> <span class='ocrx_word' id='word_1_196' title='bbox 810 1723 875 1788; x_wconf 78' lang='grc' dir='ltr'>μὴ</span> <span class='ocrx_word' id='word_1_197' title='bbox 918 1725 1231 1791; x_wconf 82' lang='grc' dir='ltr'>ἁμαρτάνητε.</span> <span class='ocrx_word' id='word_1_198' title='bbox 1289 1729 1365 1778; x_wconf 77' lang='grc' dir='ltr'>καὶ</span> <span class='ocrx_word' id='word_1_199' title='bbox 1408 1726 1488 1778; x_wconf 90' lang='grc' dir='ltr'>ε’άν</span> <span class='ocrx_word' id='word_1_200' title='bbox 1525 1751 1594 1782; x_wconf 86' lang='grc' dir='ltr'>τις</span> <span class='ocrx_word' id='word_1_201' title='bbox 1636 1727 1685 1778; x_wconf 80' lang='grc' dir='ltr'>δὲ</span> 
     </span>
    </p>

    <p class='ocr_par' dir='ltr' id='par_1_10' title="bbox 32 1799 1690 2206">
     <span class='ocr_line' id='line_1_21' title="bbox 32 1799 1687 1875; baseline 0.008 -27"><span class='ocrx_word' id='word_1_202' title='bbox 32 1805 125 1842; x_wconf 84' lang='lat'>20“</span> <span class='ocrx_word' id='word_1_203' title='bbox 151 1799 352 1869; x_wconf 85' lang='grc' dir='ltr'>ἁμάρτῃ,</span> <span class='ocrx_word' id='word_1_204' title='bbox 396 1800 705 1868; x_wconf 85' lang='grc' dir='ltr'>παράκλητον</span> <span class='ocrx_word' id='word_1_205' title='bbox 748 1805 914 1873; x_wconf 75' lang='grc' dir='ltr'>ἔχομεν</span> <span class='ocrx_word' id='word_1_206' title='bbox 958 1807 1078 1874; x_wconf 80' lang='grc' dir='ltr'>πρὸς</span> <span class='ocrx_word' id='word_1_207' title='bbox 1128 1808 1210 1860; x_wconf 79' lang='grc' dir='ltr'>τὸν</span> <span class='ocrx_word' id='word_1_208' title='bbox 1250 1809 1456 1875; x_wconf 85' lang='grc' dir='ltr'>Πατέρα,</span> <span class='ocrx_word' id='word_1_209' title='bbox 1496 1811 1687 1874; x_wconf 89' lang='grc' dir='ltr'>Ἰησοῦν</span> 
     </span>
     <span class='ocr_line' id='line_1_22' title="bbox 97 1883 1684 1959; baseline 0.008 -28"><span class='ocrx_word' id='word_1_210' title='bbox 97 1887 126 1910; x_wconf 81' lang='grc'><strong>“</strong></span> <span class='ocrx_word' id='word_1_211' title='bbox 151 1883 369 1948; x_wconf 81' lang='grc' dir='ltr'>Χριστὸν</span> <span class='ocrx_word' id='word_1_212' title='bbox 394 1885 586 1948; x_wconf 86' lang='grc' dir='ltr'>δίκαιον,</span> <span class='ocrx_word' id='word_1_213' title='bbox 613 1889 688 1937; x_wconf 78' lang='grc' dir='ltr'>καὶ</span> <span class='ocrx_word' id='word_1_214' title='bbox 715 1887 854 1941; x_wconf 78' lang='grc' dir='ltr'>αὐτὸς</span> <span class='ocrx_word' id='word_1_215' title='bbox 887 1889 1095 1953; x_wconf 79' lang='grc' dir='ltr'>ἱλασμός</span> <span class='ocrx_word' id='word_1_216' title='bbox 1131 1893 1233 1942; x_wconf 84' lang='grc' dir='ltr'>ἐστι</span> <span class='ocrx_word' id='word_1_217' title='bbox 1267 1894 1373 1957; x_wconf 79' lang='grc' dir='ltr'>περὶ</span> <span class='ocrx_word' id='word_1_218' title='bbox 1409 1896 1503 1942; x_wconf 82' lang='grc' dir='ltr'>τῶν</span> <span class='ocrx_word' id='word_1_219' title='bbox 1530 1893 1684 1959; x_wconf 87' lang='grc' dir='ltr'>ἁμαρ-</span> 
     </span>
     <span class='ocr_line' id='line_1_23' title="bbox 97 1965 1685 2040; baseline 0.008 -26"><span class='ocrx_word' id='word_1_220' title='bbox 97 1969 125 1992; x_wconf 86' lang='grc'><strong>“</strong></span> <span class='ocrx_word' id='word_1_221' title='bbox 152 1968 266 2015; x_wconf 83' lang='grc' dir='ltr'>τιῶν</span> <span class='ocrx_word' id='word_1_222' title='bbox 292 1965 470 2030; x_wconf 80' lang='grc' dir='ltr'>ἡμῶν.”</span> <span class='ocrx_word' id='word_1_223' title='bbox 514 1968 656 2020; x_wconf 63' lang='grc' dir='ltr'>ἄλλον</span> <span class='ocrx_word' id='word_1_224' title='bbox 691 1971 848 2020; x_wconf 82' lang='grc' dir='ltr'>τοίνυν</span> <span class='ocrx_word' id='word_1_225' title='bbox 880 1971 1169 2040; x_wconf 72' lang='grc' dir='ltr'>παράκλητον</span> <span class='ocrx_word' id='word_1_226' title='bbox 1200 1974 1255 2023; x_wconf 83' lang='grc' dir='ltr'>τὸ</span> <span class='ocrx_word' id='word_1_227' title='bbox 1293 1977 1490 2037; x_wconf 88' lang='grc' dir='ltr'>Πνεῦμα</span> <span class='ocrx_word' id='word_1_228' title='bbox 1530 1979 1685 2038; x_wconf 88' lang='grc' dir='ltr'>καλεῖ,</span> 
     </span>
     <span class='ocr_line' id='line_1_24' title="bbox 97 2045 1690 2123; baseline 0.009 -28"><span class='ocrx_word' id='word_1_229' title='bbox 97 2045 146 2095; x_wconf 86' lang='grc' dir='ltr'>ἐν</span> <span class='ocrx_word' id='word_1_230' title='bbox 185 2047 321 2101; x_wconf 77' lang='grc' dir='ltr'>ἰδίαις</span> <span class='ocrx_word' id='word_1_231' title='bbox 359 2047 445 2112; x_wconf 76' lang='grc' dir='ltr'>μὲν</span> <span class='ocrx_word' id='word_1_232' title='bbox 487 2050 792 2102; x_wconf 82' lang='grc' dir='ltr'>ὑποστάσεσι</span> <span class='ocrx_word' id='word_1_233' title='bbox 833 2057 1045 2104; x_wconf 87' lang='grc' dir='ltr'>νοεῖσθαι</span> <span class='ocrx_word' id='word_1_234' title='bbox 1086 2054 1241 2105; x_wconf 87' lang='grc' dir='ltr'>θέλων</span> <span class='ocrx_word' id='word_1_235' title='bbox 1282 2055 1408 2118; x_wconf 81' lang='grc' dir='ltr'>αὐτὸ,</span> <span class='ocrx_word' id='word_1_236' title='bbox 1449 2057 1690 2123; x_wconf 85' lang='grc' dir='ltr'>τοσαύτην</span> 
     </span>
     <span class='ocr_line' id='line_1_25' title="bbox 96 2126 1690 2206; baseline 0.009 -29"><span class='ocrx_word' id='word_1_237' title='bbox 96 2126 246 2192; x_wconf 84' lang='grc' dir='ltr'>γεμὴν</span> <span class='ocrx_word' id='word_1_238' title='bbox 275 2128 384 2196; x_wconf 74' lang='grc' dir='ltr'>ε”χον</span> <span class='ocrx_word' id='word_1_239' title='bbox 409 2129 495 2194; x_wconf 87' lang='grc' dir='ltr'>τὴν</span> <span class='ocrx_word' id='word_1_240' title='bbox 521 2132 771 2201; x_wconf 72' lang='grc' dir='ltr'>ἐμφέρειαν</span> <span class='ocrx_word' id='word_1_241' title='bbox 793 2136 854 2187; x_wconf 84' lang='grc' dir='ltr'>ὡς</span> <span class='ocrx_word' id='word_1_242' title='bbox 881 2134 1000 2200; x_wconf 83' lang='grc' dir='ltr'>πρὸς</span> <span class='ocrx_word' id='word_1_243' title='bbox 1025 2137 1180 2199; x_wconf 82' lang='grc' dir='ltr'>αὐτὸν,</span> <span class='ocrx_word' id='word_1_244' title='bbox 1203 2141 1278 2187; x_wconf 78' lang='grc' dir='ltr'>καὶ</span> <span class='ocrx_word' id='word_1_245' title='bbox 1305 2139 1690 2206; x_wconf 85' lang='grc' dir='ltr'>ἀπαραλλάκτως</span> 
     </span>
    </p>

    <p class='ocr_par' dir='ltr' id='par_1_11' title="bbox 29 2210 1728 2530">
     <span class='ocr_line' id='line_1_26' title="bbox 29 2210 1688 2289; baseline 0.008 -30"><span class='ocrx_word' id='word_1_246' title='bbox 29 2225 78 2264; x_wconf 89' lang='lat'>25</span> <span class='ocrx_word' id='word_1_247' title='bbox 97 2210 245 2263; x_wconf 80' lang='grc' dir='ltr'>οὕτως</span> <span class='ocrx_word' id='word_1_248' title='bbox 282 2212 485 2277; x_wconf 87' lang='grc' dir='ltr'>ἐνεργεῖν</span> <span class='ocrx_word' id='word_1_249' title='bbox 525 2214 695 2281; x_wconf 79' lang='grc' dir='ltr'>ἰσχύον</span> <span class='ocrx_word' id='word_1_250' title='bbox 734 2213 854 2282; x_wconf 82' lang='grc' dir='ltr'>ἅπερ</span> <span class='ocrx_word' id='word_1_251' title='bbox 894 2215 951 2267; x_wconf 77' lang='grc' dir='ltr'>ἂν</span> <span class='ocrx_word' id='word_1_252' title='bbox 990 2220 1066 2268; x_wconf 76' lang='grc' dir='ltr'>καὶ</span> <span class='ocrx_word' id='word_1_253' title='bbox 1105 2218 1245 2272; x_wconf 79' lang='grc' dir='ltr'>αὐτὸς</span> <span class='ocrx_word' id='word_1_254' title='bbox 1283 2221 1492 2287; x_wconf 86' lang='grc' dir='ltr'>ἐνεργοίη</span> <span class='ocrx_word' id='word_1_255' title='bbox 1530 2220 1688 2289; x_wconf 78' lang='grc' dir='ltr'>τυχὸν,</span> 
     </span>
     <span class='ocr_line' id='line_1_27' title="bbox 98 2291 1728 2367; baseline 0.009 -26"><span class='ocrx_word' id='word_1_256' title='bbox 98 2292 160 2344; x_wconf 87' lang='grc' dir='ltr'>ὡς</span> <span class='ocrx_word' id='word_1_257' title='bbox 199 2291 341 2343; x_wconf 77' lang='grc' dir='ltr'>αὐτὸν</span> <span class='ocrx_word' id='word_1_258' title='bbox 374 2291 488 2345; x_wconf 76' lang='grc' dir='ltr'>εἶναι</span> <span class='ocrx_word' id='word_1_259' title='bbox 528 2297 681 2347; x_wconf 88' lang='grc' dir='ltr'>δοκεῖν</span> <span class='ocrx_word' id='word_1_260' title='bbox 715 2296 798 2348; x_wconf 80' lang='grc' dir='ltr'>τὸν</span> <span class='ocrx_word' id='word_1_261' title='bbox 824 2297 956 2362; x_wconf 79' lang='grc' dir='ltr'>Υὶὸν,</span> <span class='ocrx_word' id='word_1_262' title='bbox 994 2302 1069 2350; x_wconf 78' lang='grc' dir='ltr'>καὶ</span> <span class='ocrx_word' id='word_1_263' title='bbox 1107 2300 1265 2367; x_wconf 79' lang='grc' dir='ltr'>ἕτερον</span> <span class='ocrx_word' id='word_1_264' title='bbox 1300 2303 1450 2353; x_wconf 82' lang='grc' dir='ltr'>οὐδέν·</span> <span class='ocrx_word' id='word_1_265' title='bbox 1493 2307 1728 2367; x_wconf 66' lang='grc' dir='ltr'>Πνεῦμαει</span> 
     </span>
     <span class='ocr_line' id='line_1_28' title="bbox 97 2368 1690 2448; baseline 0.009 -26"><span class='ocrx_word' id='word_1_266' title='bbox 97 2368 191 2439; x_wconf 83' lang='grc' dir='ltr'>γάρ</span> <span class='ocrx_word' id='word_1_267' title='bbox 225 2375 355 2426; x_wconf 87' lang='grc' dir='ltr'>ἐστιν</span> <span class='ocrx_word' id='word_1_268' title='bbox 389 2376 548 2428; x_wconf 82' lang='grc' dir='ltr'>αὑτοῦ.</span> <span class='ocrx_word' id='word_1_269' title='bbox 602 2380 678 2429; x_wconf 78' lang='grc' dir='ltr'>καὶ</span> <span class='ocrx_word' id='word_1_270' title='bbox 718 2385 835 2444; x_wconf 86' lang='grc' dir='ltr'>γοῦν</span> <span class='ocrx_word' id='word_1_271' title='bbox 866 2380 940 2441; x_wconf 66' lang='grc' dir='ltr'>της</span> <span class='ocrx_word' id='word_1_272' title='bbox 979 2381 1189 2443; x_wconf 66' lang='grc' dir='ltr'>ἀληθείας</span> <span class='ocrx_word' id='word_1_273' title='bbox 1225 2384 1339 2435; x_wconf 81' lang='grc' dir='ltr'>αὐτὸ</span> <span class='ocrx_word' id='word_1_274' title='bbox 1379 2385 1690 2448; x_wconf 90' lang='grc' dir='ltr'>κατωνόμασε</span> 
     </span>
     <span class='ocr_line' id='line_1_29' title="bbox 99 2457 1691 2530; baseline 0.008 -25"><span class='ocrx_word' id='word_1_275' title='bbox 99 2457 297 2523; x_wconf 75' lang='grc' dir='ltr'>Πνεῦμα,</span> <span class='ocrx_word' id='word_1_276' title='bbox 324 2460 399 2508; x_wconf 72' lang='grc' dir='ltr'>καὶ</span> <span class='ocrx_word' id='word_1_277' title='bbox 432 2457 509 2509; x_wconf 78' lang='grc' dir='ltr'>διὰ</span> <span class='ocrx_word' id='word_1_278' title='bbox 544 2464 639 2510; x_wconf 83' lang='grc' dir='ltr'>τῶν</span> <span class='ocrx_word' id='word_1_279' title='bbox 669 2462 986 2527; x_wconf 75' lang='grc' dir='ltr'>προκειμένων</span> <span class='ocrx_word' id='word_1_280' title='bbox 1013 2463 1178 2515; x_wconf 78' lang='grc' dir='ltr'>ἑαυτὸν</span> <span class='ocrx_word' id='word_1_281' title='bbox 1203 2463 1317 2517; x_wconf 77' lang='grc' dir='ltr'>εἶναι</span> <span class='ocrx_word' id='word_1_282' title='bbox 1352 2466 1439 2530; x_wconf 89' lang='grc' dir='ltr'>τὴν</span> <span class='ocrx_word' id='word_1_283' title='bbox 1465 2467 1691 2530; x_wconf 84' lang='grc' dir='ltr'>ἀλήθειαν</span> 
     </span>
    </p>
   </div>
   <div class='ocr_carea' id='block_1_3' title="bbox 98 2536 269 2602">
    <p class='ocr_par' dir='ltr' id='par_1_12' title="bbox 98 2536 269 2602">
     <span class='ocr_line' id='line_1_30' title="bbox 98 2536 269 2602; baseline 0.006 -15"><span class='ocrx_word' id='word_1_284' title='bbox 98 2536 269 2602; x_wconf 86' lang='grc' dir='ltr'>λέγων.</span> 
     </span>
    </p>
   </div>
   <div class='ocr_carea' id='block_1_4' title="bbox 100 2649 1691 2889">
    <p class='ocr_par' dir='ltr' id='par_1_13' title="bbox 100 2649 1691 2889">
     <span class='ocr_line' id='line_1_31' title="bbox 148 2649 1689 2705; baseline 0.008 -24"><span class='ocrx_word' id='word_1_285' title='bbox 148 2658 181 2681; x_wconf 93' lang='lat'>2.</span> <span class='ocrx_word' id='word_1_286' title='bbox 207 2662 244 2682; x_wconf 87' lang='grc' dir='ltr'>τε</span> <span class='ocrx_word' id='word_1_287' title='bbox 262 2649 321 2683; x_wconf 82' lang='lat' dir='ltr'>alt.</span> <span class='ocrx_word' id='word_1_288' title='bbox 340 2661 410 2683; x_wconf 90' lang='lat' dir='ltr'>om.</span> <span class='ocrx_word' id='word_1_289' title='bbox 430 2650 472 2684; x_wconf 92' lang='lat' dir='ltr'>E.</span> <span class='ocrx_word' id='word_1_290' title='bbox 663 2651 768 2697; x_wconf 86' lang='lat' dir='ltr'><strong>6—p.</strong></span> <span class='ocrx_word' id='word_1_291' title='bbox 785 2652 865 2695; x_wconf 83' lang='grc'>468,</span> <span class='ocrx_word' id='word_1_292' title='bbox 888 2665 930 2688; x_wconf 93' lang='lat'>10</span> <span class='ocrx_word' id='word_1_293' title='bbox 948 2655 1030 2689; x_wconf 81' lang='lat' dir='ltr'>citat</span> <span class='ocrx_word' id='word_1_294' title='bbox 1048 2668 1082 2700; x_wconf 89' lang='lat' dir='ltr'>p.</span> <span class='ocrx_word' id='word_1_295' title='bbox 1282 2658 1334 2692; x_wconf 81' lang='lat'>18.</span> <span class='ocrx_word' id='word_1_296' title='bbox 1362 2658 1428 2702; x_wconf 82' lang='grc' dir='ltr'>ἰδίᾳ</span> <span class='ocrx_word' id='word_1_297' title='bbox 1447 2661 1634 2704; x_wconf 81' lang='grc' dir='ltr'>συγγραφῇ</span> <span class='ocrx_word' id='word_1_298' title='bbox 1654 2673 1689 2705; x_wconf 89' lang='lat' dir='ltr'>p.</span> 
     </span>
     <span class='ocr_line' id='line_1_32' title="bbox 103 2695 1688 2750; baseline 0.008 -23"><span class='ocrx_word' id='word_1_299' title='bbox 103 2705 158 2740; x_wconf 83' lang='lat'>19.</span> <span class='ocrx_word' id='word_1_300' title='bbox 184 2695 238 2728; x_wconf 81' lang='grc' dir='ltr'>καὶ</span> <span class='ocrx_word' id='word_1_301' title='bbox 255 2703 478 2740; x_wconf 81' lang='lat' dir='ltr'><strong>assumptum</strong></span> <span class='ocrx_word' id='word_1_302' title='bbox 497 2709 538 2730; x_wconf 87' lang='lat' dir='ltr'>ex</span> <span class='ocrx_word' id='word_1_303' title='bbox 561 2698 637 2743; x_wconf 82' lang='lat' dir='ltr'>E.p.</span> <span class='ocrx_word' id='word_1_304' title='bbox 821 2710 948 2746; x_wconf 86' lang='lat' dir='ltr'><strong>22-p-</strong></span> <span class='ocrx_word' id='word_1_305' title='bbox 964 2701 1044 2746; x_wconf 82' lang='lat'><strong>469,</strong></span> <span class='ocrx_word' id='word_1_306' title='bbox 1066 2714 1106 2747; x_wconf 86' lang='lat'>19</span> <span class='ocrx_word' id='word_1_307' title='bbox 1125 2703 1208 2737; x_wconf 84' lang='lat' dir='ltr'>citat</span> <span class='ocrx_word' id='word_1_308' title='bbox 1227 2704 1364 2737; x_wconf 70' lang='lat' dir='ltr'>Veccus</span> <span class='ocrx_word' id='word_1_309' title='bbox 1382 2705 1417 2738; x_wconf 87' lang='lat' dir='ltr'>in</span> <span class='ocrx_word' id='word_1_310' title='bbox 1437 2706 1638 2750; x_wconf 83' lang='lat' dir='ltr'>Epigraphe</span> <span class='ocrx_word' id='word_1_311' title='bbox 1655 2719 1688 2741; x_wconf 81' lang='lat' dir='ltr'>v.</span> 
     </span>
     <span class='ocr_line' id='line_1_33' title="bbox 102 2741 1689 2795; baseline 0.008 -21"><span class='ocrx_word' id='word_1_312' title='bbox 102 2751 158 2785; x_wconf 84' lang='lat'>23.</span> <span class='ocrx_word' id='word_1_313' title='bbox 185 2741 220 2775; x_wconf 81' lang='grc' dir='ltr'>ἐν</span> <span class='ocrx_word' id='word_1_314' title='bbox 239 2741 305 2786; x_wconf 82' lang='grc' dir='ltr'>ἷὸίᾳ</span> <span class='ocrx_word' id='word_1_315' title='bbox 328 2743 389 2785; x_wconf 80' lang='grc' dir='ltr'>μὲν</span> <span class='ocrx_word' id='word_1_316' title='bbox 406 2743 598 2779; x_wconf 80' lang='grc' dir='ltr'>ὑποστάσει</span> <span class='ocrx_word' id='word_1_317' title='bbox 623 2757 652 2779; x_wconf 85' lang='lat' dir='ltr'>c.</span> <span class='ocrx_word' id='word_1_318' title='bbox 674 2744 781 2779; x_wconf 86' lang='lat' dir='ltr'>Cord.</span> <span class='ocrx_word' id='word_1_319' title='bbox 800 2745 952 2782; x_wconf 80' lang='lat' dir='ltr'><strong>Veecus.</strong></span> <span class='ocrx_word' id='word_1_320' title='bbox 968 2748 1079 2782; x_wconf 77' lang='lat' dir='ltr'>invito</span> <span class='ocrx_word' id='word_1_321' title='bbox 1103 2761 1136 2794; x_wconf 92' lang='lat' dir='ltr'>p.</span> <span class='ocrx_word' id='word_1_322' title='bbox 1156 2753 1178 2767; x_wconf 92' lang='lat'><strong>“</strong></span> <span class='ocrx_word' id='word_1_323' title='bbox 1192 2751 1235 2784; x_wconf 83' lang='lat' dir='ltr'>al.</span> <span class='ocrx_word' id='word_1_324' title='bbox 1254 2751 1289 2784; x_wconf 81' lang='grc' dir='ltr'>ἐν</span> <span class='ocrx_word' id='word_1_325' title='bbox 1306 2751 1373 2795; x_wconf 82' lang='grc' dir='ltr'>ἰδίᾳ</span> <span class='ocrx_word' id='word_1_326' title='bbox 1395 2751 1456 2795; x_wconf 82' lang='grc' dir='ltr'>μὲν</span> <span class='ocrx_word' id='word_1_327' title='bbox 1473 2752 1689 2787; x_wconf 81' lang='grc' dir='ltr'>ὑποστάσει”</span> 
     </span>
     <span class='ocr_line' id='line_1_34' title="bbox 100 2787 1690 2843; baseline 0.009 -23"><span class='ocrx_word' id='word_1_328' title='bbox 100 2787 197 2821; x_wconf 86' lang='lat' dir='ltr'><strong>Aub.</strong></span> <span class='ocrx_word' id='word_1_329' title='bbox 216 2789 306 2822; x_wconf 83' lang='lat' dir='ltr'><strong>inter</strong></span> <span class='ocrx_word' id='word_1_330' title='bbox 325 2795 438 2824; x_wconf 82' lang='lat' dir='ltr'><strong>notas.</strong></span> <span class='ocrx_word' id='word_1_331' title='bbox 516 2790 643 2825; x_wconf 85' lang='lat' dir='ltr'><strong>Statim</strong></span> <span class='ocrx_word' id='word_1_332' title='bbox 662 2792 842 2826; x_wconf 82' lang='grc' dir='ltr'>καλεῖσθαι</span> <span class='ocrx_word' id='word_1_333' title='bbox 859 2793 928 2828; x_wconf 91' lang='lat' dir='ltr'>b.c.</span> <span class='ocrx_word' id='word_1_334' title='bbox 949 2793 1056 2828; x_wconf 81' lang='lat' dir='ltr'>Cord.</span> <span class='ocrx_word' id='word_1_335' title='bbox 1349 2809 1404 2840; x_wconf 84' lang='lat'>24.</span> <span class='ocrx_word' id='word_1_336' title='bbox 1430 2799 1518 2843; x_wconf 78' lang='grc' dir='ltr'>ἔχων</span> <span class='ocrx_word' id='word_1_337' title='bbox 1536 2799 1577 2833; x_wconf 92' lang='grc' dir='ltr'>Ε.</span> <span class='ocrx_word' id='word_1_338' title='bbox 1597 2800 1690 2834; x_wconf 77' lang='lat' dir='ltr'><strong>Catt.</strong></span> 
     </span>
     <span class='ocr_line' id='line_1_35' title="bbox 103 2834 1691 2889; baseline 0.008 -22"><span class='ocrx_word' id='word_1_339' title='bbox 103 2842 159 2878; x_wconf 89' lang='lat'>25.</span> <span class='ocrx_word' id='word_1_340' title='bbox 186 2834 226 2867; x_wconf 85' lang='grc' dir='ltr'>ἂν</span> <span class='ocrx_word' id='word_1_341' title='bbox 244 2846 314 2869; x_wconf 88' lang='lat' dir='ltr'>om.</span> <span class='ocrx_word' id='word_1_342' title='bbox 334 2835 374 2869; x_wconf 86' lang='lat' dir='ltr'>E.</span> <span class='ocrx_word' id='word_1_343' title='bbox 519 2838 574 2871; x_wconf 88' lang='lat'>26.</span> <span class='ocrx_word' id='word_1_344' title='bbox 601 2838 699 2872; x_wconf 78' lang='grc' dir='ltr'>οὐδέν</span> <span class='ocrx_word' id='word_1_345' title='bbox 715 2838 832 2883; x_wconf 82' lang='grc' dir='ltr'>ἕτερον</span> <span class='ocrx_word' id='word_1_346' title='bbox 849 2840 988 2874; x_wconf 84' lang='lat' dir='ltr'>inverso</span> <span class='ocrx_word' id='word_1_347' title='bbox 1007 2841 1129 2876; x_wconf 85' lang='lat' dir='ltr'>ordine</span> <span class='ocrx_word' id='word_1_348' title='bbox 1147 2841 1181 2877; x_wconf 88' lang='lat' dir='ltr'>b.</span> <span class='ocrx_word' id='word_1_349' title='bbox 1340 2845 1467 2889; x_wconf 67' lang='lat' dir='ltr'>28—p.</span> <span class='ocrx_word' id='word_1_350' title='bbox 1480 2845 1559 2887; x_wconf 85' lang='lat'>468,</span> <span class='ocrx_word' id='word_1_351' title='bbox 1578 2859 1611 2888; x_wconf 90' lang='lat'>4.</span> <span class='ocrx_word' id='word_1_352' title='bbox 1638 2848 1691 2880; x_wconf 79' lang='grc' dir='ltr'>καὶ</span> 
     </span>
    </p>
   </div>
   <div class='ocr_carea' id='block_1_5' title="bbox 103 2880 1689 2964">
    <p class='ocr_par' dir='ltr' id='par_1_14' title="bbox 103 2880 1689 2964">
     <span class='ocr_line' id='line_1_36' title="bbox 103 2880 1689 2963; baseline 0.009 -50"><span class='ocrx_word' id='word_1_353' title='bbox 103 2880 335 2960; x_wconf 59' lang='grc' dir='ltr'>διὲὶ-η-νεῦμα</span> <span class='ocrx_word' id='word_1_354' title='bbox 356 2894 450 2963; x_wconf 52' lang='lat' dir='ltr'>gmE</span> <span class='ocrx_word' id='word_1_355' title='bbox 471 2890 504 2917; x_wconf 88' lang='lat' dir='ltr'>et</span> <span class='ocrx_word' id='word_1_356' title='bbox 531 2891 611 2929; x_wconf 85' lang='lat' dir='ltr'>post</span> <span class='ocrx_word' id='word_1_357' title='bbox 633 2886 704 2919; x_wconf 84' lang='grc' dir='ltr'>υἱὸν</span> <span class='ocrx_word' id='word_1_358' title='bbox 722 2885 772 2930; x_wconf 91' lang='lat' dir='ltr'>(p.</span> <span class='ocrx_word' id='word_1_359' title='bbox 787 2885 868 2928; x_wconf 84' lang='lat'><strong>468,</strong></span> <span class='ocrx_word' id='word_1_360' title='bbox 887 2887 924 2930; x_wconf 88' lang='lat'>6)</span> <span class='ocrx_word' id='word_1_361' title='bbox 943 2888 1061 2922; x_wconf 85' lang='lat' dir='ltr'>omnia</span> <span class='ocrx_word' id='word_1_362' title='bbox 1087 2889 1171 2923; x_wconf 83' lang='lat' dir='ltr'>haec</span> <span class='ocrx_word' id='word_1_363' title='bbox 1197 2890 1249 2924; x_wconf 76' lang='grc' dir='ltr'>καὶ</span> <span class='ocrx_word' id='word_1_364' title='bbox 1275 2891 1450 2926; x_wconf 76' lang='grc' dir='ltr'>διὰ-υἱὸν</span> <span class='ocrx_word' id='word_1_365' title='bbox 1472 2892 1622 2934; x_wconf 81' lang='lat' dir='ltr'><strong>exhibet,</strong></span> <span class='ocrx_word' id='word_1_366' title='bbox 1648 2894 1689 2927; x_wconf 83' lang='lat' dir='ltr'>E.</span> 
     </span>
     <span class='ocr_line' id='line_1_37' title="bbox 106 2929 463 2964; baseline 0.008 -5"><span class='ocrx_word' id='word_1_367' title='bbox 106 2937 123 2959; x_wconf 88' lang='lat'>2</span> <span class='ocrx_word' id='word_1_368' title='bbox 154 2952 162 2960; x_wconf 86' lang='lat'><strong><em>.</em></strong></span> <span class='ocrx_word' id='word_1_369' title='bbox 188 2929 290 2962; x_wconf 86' lang='grc' dir='ltr'>αυτὸν</span> <span class='ocrx_word' id='word_1_370' title='bbox 306 2941 335 2964; x_wconf 84' lang='lat' dir='ltr'>c.</span> <span class='ocrx_word' id='word_1_371' title='bbox 388 2941 426 2963; x_wconf 84' lang='lat' dir='ltr'>Or</span> <span class='ocrx_word' id='word_1_372' title='bbox 456 2956 463 2963; x_wconf 89' lang='lat'><em>.</em></span> 
     </span>
    </p>
   </div>
   <div class='ocr_carea' id='block_1_6' title="bbox 840 3001 958 3042">
    <p class='ocr_par' dir='ltr' id='par_1_15' title="bbox 840 3001 958 3042">
     <span class='ocr_line' id='line_1_38' title="bbox 840 3001 958 3042; baseline -0.008 -13"><span class='ocrx_word' id='word_1_373' title='bbox 840 3001 958 3042; x_wconf 74' lang='grc'>302</span> 
     </span>
    </p>
   </div>
   <div class='ocr_carea' id='block_1_7' title="bbox 1747 1653 1910 1735">
    <p class='ocr_par' dir='ltr' id='par_1_16' title="bbox 1747 1653 1910 1735">
     <span class='ocr_line' id='line_1_39' title="bbox 1753 1653 1910 1683; baseline 0 0"><span class='ocrx_word' id='word_1_374' title='bbox 1753 1664 1763 1683; x_wconf 86' lang='lat' dir='ltr'>I</span> <span class='ocrx_word' id='word_1_375' title='bbox 1775 1653 1910 1683; x_wconf 66' lang='lat' dir='ltr'>SJoan.</span> 
     </span>
     <span class='ocr_line' id='line_1_40' title="bbox 1747 1697 1876 1735; baseline -0.008 -8"><span class='ocrx_word' id='word_1_376' title='bbox 1747 1697 1780 1728; x_wconf 84' lang='lat' dir='ltr'>ii.</span> <span class='ocrx_word' id='word_1_377' title='bbox 1802 1706 1827 1735; x_wconf 85' lang='lat'>1,</span> <span class='ocrx_word' id='word_1_378' title='bbox 1851 1706 1876 1727; x_wconf 82' lang='lat'>2.</span> 
     </span>
    </p>
   </div>
   <div class='ocr_carea' id='block_1_8' title="bbox 1758 2318 1912 2354">
    <p class='ocr_par' dir='ltr' id='par_1_17' title="bbox 1758 2318 1912 2354">
     <span class='ocr_line' id='line_1_41' title="bbox 1758 2318 1912 2354; baseline 0.006 -1"><span class='ocrx_word' id='word_1_379' title='bbox 1758 2318 1840 2354; x_wconf 86' lang='lat'>810</span> <span class='ocrx_word' id='word_1_380' title='bbox 1857 2319 1912 2354; x_wconf 90' lang='lat' dir='ltr'>A.</span> 
     </span>
    </p>
   </div>
  </div>
 </body>
</html>
