2037 3266
87 635 182 665 Infra

85 679 152 710 xix.
167 687 218 719 30.

309 120 394 160 518
712 122 762 163 Β.
796 122 1074 164 CYRILLI
1115 123 1495 164 ALEXANDR.
1726 123 1810 164 xiv.
1832 121 1898 164 28.

266 242 294 283 d
313 226 368 292 ἧν
394 228 460 279 ἔτι
490 231 597 293 μεθ’
624 231 770 295 ἡμῶν,
797 232 1055 295 τουτέστιν,
1082 234 1130 283 ἐν
1156 237 1252 286 τοῖς
1281 234 1389 285 καθ’
1418 234 1554 297 ἡμᾶς.
1611 234 1673 287 ὡς
1707 231 1800 298 γὰρ
1834 233 1899 282 ἔτι

310 308 365 360 τὸ
399 311 719 379 δουλοπρεπὲς
754 314 874 381 ἔχων
900 316 1082 382 σχῆμα,
1108 316 1183 365 καὶ
1220 314 1455 381 παρόντος
1491 316 1616 385 αὐτῷ
1652 316 1781 366 οὕπω
1815 320 1899 365 τοῦ

310 398 472 458 καιροῦ
504 396 611 445 καθ’
641 393 693 445 ὃν
725 397 813 447 ε”δει
847 398 1119 458 ἀναλαβεῖν,
1155 395 1214 447 τὰ
1252 397 1446 448 τοιαῦτά
1478 402 1616 466 φησι.
1672 399 1748 448 καὶ
1781 403 1899 463 γοῦν

311 474 387 526 ὅτε
426 476 508 526 τὸν
539 476 692 540 τίμιον
723 477 836 544 ὑπὲρ
875 478 1008 541 ἡμῶν
1041 476 1223 542 ὑπέστη
1261 478 1485 546 σταυρὸν,
1511 479 1621 548 ὅξος
1659 480 1784 548 αὐτῷ
1822 481 1898 530 καὶ

309 556 464 624 χολὴν
514 560 731 610 Ἰουδαῖοι
786 559 1104 625 προσήγαγον
1161 560 1436 629 διψήσαντι,
1488 564 1564 612 καὶ
1621 561 1755 624 πιὼν,
1806 561 1939 629 ε”φηό

311 639 615 690 Τετέλεσται.
664 640 953 708 πεπλήρωτο
980 641 1073 707 γὰρ
1099 642 1187 707 ἤδη
1215 643 1239 692 ὁ
1266 645 1349 706 τῆς
1374 643 1699 697 ταπεινώσεως
1726 641 1898 709 καιρὸς,

310 723 386 771 καὶ
413 721 690 788 ἐσταυρώθη
722 721 820 786 μὲν,
849 725 910 776 ὡς
946 724 1209 790 ἅνθρωπος·
1255 725 1459 789 νενίκηκε
1495 724 1543 775 δὲ
1577 730 1659 776 τοῦ
1694 724 1899 775 θανάτου

308 802 378 853 ‘rb'
396 802 579 870 κράτος,
606 805 692 872 οὐχ
729 807 790 858 ὡς
826 805 1092 871 ἄνθρωπος,
1122 805 1187 856 ε”τι
1221 810 1413 869 μᾶλλον
1440 805 1488 857 δὲ
1525 809 1587 861 ὡς
1614 806 1748 869 Θεὸς,
1776 807 1899 874 φημὶ

309 884 367 948 δὴ
395 884 514 936 κατὰ
539 885 624 949 τὴν
651 887 882 953 ἐνέργειαν
909 889 982 937 καὶ
1017 886 1103 951 τὴν
1128 889 1202 939 ἐπὶ
1239 892 1305 957 τῷ
1340 892 1528 953 νικῆσαι
1566 889 1712 957 δόξαν
1737 911 1786 939 τε
1821 892 1898 939 καὶ

270 967 525 1030 οδύναμιν,
565 969 619 1019 οὐ
658 967 778 1019 κατὰ
815 967 901 1032 τὴν
939 968 1112 1034 σάρκα.
1167 970 1324 1040 μειζων
1359 972 1440 1021 οὖν
1475 977 1493 1023 ὁ
1532 969 1696 1040 Πατὴρ,
1733 972 1793 1023 ὡς
1832 970 1898 1020 ἔτι
1919 992 1968 1017 10

309 1048 483 1100 δούλου
509 1052 585 1100 καὶ
611 1051 658 1100 ἐν
684 1054 780 1103 τοῖς
807 1051 914 1101 καθ’
945 1051 1066 1114 ἡμᾶς
1093 1049 1226 1104 ὄντος
1253 1057 1336 1102 τοῦ
1361 1056 1495 1103 Υὶοῦ·
1537 1054 1634 1103 ἐπεὶ
1670 1053 1746 1102 καὶ
1772 1051 1898 1102 Θεὸν

309 1133 474 1181 ἑαυτοῦ
515 1136 668 1200 φησιν
707 1130 863 1194 αὐτὸν,
898 1134 975 1183 καὶ
1012 1138 1152 1183 τοῦτο
1190 1137 1256 1202 τῷ
1298 1135 1577 1203 ἀνθρωπίνῳ
1614 1133 1898 1200 προσνέμων

307 1212 537 1280 σχήματι.
599 1218 636 1264 εὶ
671 1213 765 1280 γὰρ
803 1214 1088 1277 πιστεύομεν
1123 1214 1193 1265 ὅτι
1229 1216 1455 1267 κεκένωκέ
1484 1239 1532 1267 τε
1569 1219 1644 1266 καὶ
1680 1216 1892 1266 τεταπεί-

308 1318 451 1346 νωκεν
478 1295 655 1359 ἑαυτὸν,
680 1300 781 1349 πῶς
821 1297 907 1364 οὐχ
947 1295 1129 1348 ἅπασιν
1161 1297 1297 1348 ἔσται
1333 1298 1612 1366 καταφανὲς,
1638 1297 1708 1348 ὅτι
1746 1320 1893 1347 κατα-

308 1377 511 1441 βέβηκεν
551 1378 609 1447 ἐξ
648 1379 879 1446 ὑπεροχῆς
923 1401 1046 1432 τινος
1091 1383 1154 1433 εἰς
1197 1379 1477 1443 ἐλάττωσιν,
1519 1385 1710 1443 μᾶλλον
1752 1379 1800 1430 δὲ
1844 1379 1901 1448 ἐξ
1918 1397 1966 1436 15

308 1459 528 1523 ἰσότητος
565 1463 648 1524 τῆς
692 1460 811 1526 πρὸς
854 1460 937 1512 τὸν
975 1462 1167 1527 Πατερα
1205 1461 1324 1528 πρὸς
1365 1461 1419 1513 τὸ
1458 1461 1523 1526 μὴ
1568 1464 1715 1516 οὕτως
1754 1461 1893 1529 ἔχον,

309 1540 441 1591 οὐδὲν
479 1541 527 1592 δὲ
565 1542 743 1592 τούτων
782 1542 1129 1607 ὑπομεμένηκεν
1169 1545 1193 1594 ὁ
1231 1544 1418 1610 Πατήρ·
1473 1544 1699 1608 μεμένηκε
1735 1542 1784 1594 δὲ
1822 1544 1899 1594 καὶ

88 1639 173 1674 846
187 1638 238 1674 A.
270 1648 292 1672 a
310 1622 442 1673 e’'o·7·w
468 1625 516 1673 ἐν
542 1622 608 1677 οἷς
635 1623 691 1688 ἧν
719 1624 776 1693 ἐξ
798 1626 958 1692 ἀρχῆς.
1004 1627 1160 1696 μείζων
1187 1627 1269 1676 οὖν
1296 1627 1387 1693 ἄρα
1413 1632 1496 1677 τοῦ
1524 1626 1608 1689 τὴν
1634 1625 1899 1676 ἐλάττωσιν

309 1707 609 1769 οἰκονομικῶς
643 1707 881 1770 ἑλομένου,
910 1708 983 1757 καὶ
1023 1707 1134 1760 τέως
1168 1707 1303 1761 ὄντος
1337 1710 1385 1758 ἐν
1417 1709 1547 1776 αὐτῇ,
1577 1708 1710 1775 ἄχρις
1748 1707 1805 1758 ἂν
1836 1711 1899 1761 εἰς

309 1787 453 1837 ἐκεῖνο
499 1786 647 1837 πάλιν
689 1790 1002 1856 ἀνακομισθῇ,
1046 1788 1099 1840 τὸ
1142 1789 1259 1840 ἰδιον
1298 1790 1354 1854 δή
1402 1794 1525 1858 φημι
1571 1813 1646 1841 και
1692 1788 1899 1858 φυσικὸν
1917 1811 1966 1835 20

307 1869 501 1934 ἀγαθὸν,
536 1871 584 1920 ἐν
623 1867 749 1938 ᾧπερ
788 1869 846 1935 ἦν
883 1873 932 1922 ἐν
971 1873 1110 1939 ἀρχῇ.
1178 1871 1321 1925 τόπος
1361 1871 1409 1922 δε
1446 1870 1609 1938 ὥσπερ
1648 1870 1809 1924 οἰκεῖός·
1848 1894 1897 1921 τε

307 1973 383 2000 και
412 1951 616 2018 φυσικος
642 1953 767 2002 αὐτῶ
803 1953 988 2017 νοηθείη
1021 1952 1079 2004 ἂν
1105 1953 1292 2008 εἰκότως
1329 1955 1356 2019 ἡ
1397 1954 1562 2017 ἰσότης
1597 1954 1624 2017 ἡ
1661 1977 1781 2020 προς
1815 1952 1899 2004 τὸν

309 2034 523 2099 Πατερα,
567 2033 625 2097 ἣν
663 2034 784 2102 ἐχειν
822 2034 930 2104 ἐξον
969 2036 1314 2099 ἀδιακωλύτως,
1355 2038 1440 2104 οὐχ
1484 2035 1739 2103 ἁρπαγμὸν
1775 2034 1892 2101 ἡγή-

307 2138 430 2165 σατο
469 2116 525 2166 δι’
554 2116 687 2180 ἡμᾶς.

384 2199 476 2247 Καὶ
501 2203 691 2248 πολλοῦ
718 2198 828 2262 ἡμῖν
854 2197 1104 2264 γεγονότος
1134 2198 1284 2264 λόγου
1310 2201 1416 2265 περὶ
1451 2203 1535 2263 τῆς
1570 2198 1789 2264 ἰσότητος
1814 2204 1897 2250 τοῦ
1915 2221 1963 2259 25

306 2281 425 2328 Υἱοῦ
470 2282 553 2342 τῆς
598 2278 716 2346 πρὸς
758 2279 841 2330 τὸν
878 2281 1004 2330 Θεὸν
1042 2283 1117 2331 καὶ
1158 2281 1351 2347 Πατέρα
1394 2284 1470 2331 καὶ
1515 2283 1562 2331 ἐν
1600 2285 1696 2333 τοῖς
1741 2281 1896 2331 ὀπίσω

307 2360 530 2421 βιβλίοις,
557 2360 680 2428 τάχα
707 2384 806 2414 πως
831 2360 889 2425 ἦν
916 2362 1004 2426 ἤδη
1038 2363 1220 2428 πρέπον
1245 2364 1319 2413 ἐπὶ
1355 2361 1439 2426 τὴν
1465 2367 1559 2413 τῶν
1587 2363 1695 2430 ἑξῆς
1726 2361 1891 2431 σαφή-

261 2453 289 2494 b
310 2463 434 2491 νειαν
461 2443 629 2505 ἐλθεῖν,
656 2441 709 2493 τὸ
735 2446 838 2509 περὶ
865 2443 1044 2494 τούτων
1071 2444 1135 2495 ἔτι
1167 2449 1481 2510 μακρηγορεῖν
1509 2445 1712 2512 ἀφέντας
1746 2449 1807 2498 εἷς
1841 2444 1896 2496 τὸ

308 2522 476 2589 παρόν.
547 2522 705 2588 ἐπειδὴ
752 2525 810 2575 δέ
844 2548 913 2578 τις
957 2529 1051 2575 τῶν
1095 2525 1335 2577 ἀσυνέτων
1379 2530 1638 2592 αἱρετικῶν,
1684 2526 1738 2576 οὗ
1786 2528 1896 2577 λίαν

310 2606 620 2667 ἀθαύμαστον
656 2605 786 2672 παρὰ
824 2611 920 2660 τοῖς
949 2607 1189 2661 Ἰουδαίοις
1229 2607 1392 2675 λαχὼν
1430 2612 1525 2659 τῶν
1564 2611 1697 2673 ἱερῶν
1735 2631 1889 2674 γραμ-
1913 2634 1963 2670 30

309 2685 472 2750 μάτων
510 2687 596 2751 τὴν
637 2687 830 2753 εἴδησιν,
869 2687 929 2739 τὰ
973 2691 1022 2740 ἐν
1060 2693 1126 2758 τῷ
1165 2691 1452 2759 προκειμένῳ
1500 2690 1762 2756 ἑρμηνεύειν
1797 2692 1895 2742 ἐπι-

359 2881 389 2917 7
418 2873 501 2907 δὲΡ
492 2875 597 2919 ,γὰρ
619 2874 683 2908 Ed.
862 2876 895 2909 8.
924 2875 959 2909 δέ
976 2877 1110 2919 μᾶλλον
1128 2877 1267 2911 inverso
1285 2876 1405 2910 ordine
1424 2876 1465 2910 E.
1649 2888 1700 2922 19.
1728 2876 1830 2912 ὅντως
1849 2877 1890 2912 Ε.

310 2919 356 2954 εἷς
374 2927 594 2965 assumptum
614 2933 653 2955 ex
678 2921 714 2955 E.
861 2933 915 2956 20.
943 2922 981 2956 δέ
999 2934 1060 2967 pro
1079 2922 1118 2966 δὴ
1138 2923 1178 2957 Ε.
