1971 3272
82 155 120 179 x.
147 154 292 197 11—13.
347 145 420 185 IN
463 147 505 186 S.
540 148 877 190 JOANNEM.
944 151 1064 191 12113.
1095 153 1167 192 x'l.
1231 154 1364 193 (V'Al‘.
1404 155 1432 193 1.
1583 158 1663 194 2:²5

81 248 208 304 ὅπως
239 250 267 316 ἢ
302 255 406 305 τίνα
441 256 618 323 τρόπον
644 261 836 324 ἐροῦμεν
862 261 1215 328 ε’πιτομώτερον.
1269 265 1316 313 ἐν
1342 262 1426 326 μὲν
1452 263 1543 329 γὰρ
1570 270 1665 317 τοῖς

81 333 397 402 ἀρχαιοτέροις
424 345 611 406 καιροῖς,
637 341 783 404 μόνον
810 342 1105 412 ἐπεγράφετο
1139 345 1346 404 βασιλέα
1379 345 1460 395 τὸν
1488 346 1612 396 Θεὸν
1640 348 1664 395 ὁ

79 416 319 483 πολύχους
363 424 458 470 τῶν
496 422 734 474 Ἰουδαίων
779 425 909 488 λαὸς,
953 427 1079 495 αὐτῷ
1123 427 1176 477 τὸ
1221 429 1494 494 δίδραχμον,
1540 430 1665 497 αὐτῷ

81 499 249 552 θυσίας
276 500 438 564 ἐτέλει,
466 506 540 554 καὶ
575 504 739 572 ὥσπερ
774 507 878 557 τινὰ
913 509 1113 571 δασμὸν,
1141 509 1227 572 τὴν
1260 513 1307 560 ἐν
1341 510 1466 578 νόμῳ
1506 534 1661 576 προσ-

39 580 314 646 5εκομίζετο
364 588 623 639 πολιτείαν.
690 591 801 639 ἀλλ’
849 589 995 653 ἦλθεν
1038 593 1106 642 ἐπ’
1150 592 1292 642 αὑτὸν
1335 592 1547 658 καθάπερ
1598 616 1667 646 τις

82 661 244 728 ἄγριος
283 665 419 721 λύκος
459 669 726 735 ἐτερογενὴς
767 672 1028 738 ἄνθρωπος,
1062 677 1274 728 δουλείας
1312 677 1481 728 ἐπιθεὶς
1521 673 1669 737 ὄνομά

82 766 130 795 τε
157 747 231 795 καὶ
258 753 469 813 πρᾶγμα,
498 754 572 802 καὶ
599 754 851 813 βασιλείας
878 756 1173 821 ἀνθρωπίνης
1207 758 1489 823 ε’πιρῥίπτων
1516 756 1668 823 ζυγὸν,

81 830 477 896 μετακομίζεσθαί
510 857 610 887 πως
649 835 983 903 ἐπαναγκάζων
1016 842 1078 892 εἰς
1117 839 1314 902 ἔκνομόν
1348 862 1398 889 τε
1433 842 1509 890 καὶ
1547 839 1669 904 ἀήθη

82 909 214 975 ζωὴν,
248 912 424 979 φόρους
457 915 668 983 ἐξαιτῶν,
700 921 783 982 τῆς
820 919 909 970 ὑπὸ
946 923 1054 989 Θεῷ
1093 922 1347 982 βασιλείας
1386 924 1665 973 ἀποσυλῶν.

14 988 61 1032 ’10
82 989 138 1055 ἧν
163 991 256 1058 γὰρ
281 994 337 1058 δὴ
364 998 438 1046 καὶ
465 998 647 1064 ἀνάγκη
673 1005 769 1053 τοῖς
796 1005 858 1054 εἷς
884 1008 1023 1053 τοῦτο
1049 1005 1372 1070 ταλαιπωρίας
1405 1007 1666 1072 κατεῤῥαγ-

80 1074 235 1137 μένοις
267 1082 363 1130 τοῖς
397 1084 479 1129 τοῦ
513 1087 795 1146 κρατοῦντος
833 1085 1032 1135 ὑπείκειν
1064 1090 1274 1147 θεσμοῖς·
1319 1087 1426 1150 ἧκεν
1458 1089 1482 1137 ὁ
1519 1091 1669 1138 ἀλλο-

82 1155 221 1222 γενὴς·
267 1160 478 1228 ἀφιστὰς
524 1162 609 1226 μὲν
647 1164 799 1232 ἀρχὴν
837 1165 922 1230 τὴν
966 1167 1096 1233 παρὰ
1137 1172 1276 1230 Θεοῦ,
1315 1170 1546 1233 τουτέστι,
1584 1172 1670 1235 τὴν

84 1241 299 1304 ἱερᾶσθαι
345 1249 597 1311 λαχοῦσαν
641 1246 813 1314 φυλὴν,
854 1247 883 1316 ᾗ
931 1248 984 1299 τὸ
1032 1250 1202 1315 κρίνειν
1242 1253 1317 1300 καὶ
1369 1252 1422 1301 τὸ
1475 1253 1671 1320 δικάζειν

83 1321 398 1388 ἐπετέτραπτο
436 1326 566 1393 παρὰ
599 1331 738 1391 Θεοῦ,
772 1334 1033 1393 μετατιθεὶς
1071 1331 1227 1383 πάντα
1267 1336 1343 1383 καὶ
1382 1333 1670 1400 βιαζόμενος,

15 1415 61 1454 15
83 1403 249 1455 ἑαυτὸν
274 1411 370 1461 τοῖς
407 1410 703 1474 νομίσμασιν
731 1413 1100 1477 ἐνσημαίνεσθαι
1135 1420 1297 1478 ποιῶν,
1323 1418 1398 1466 καὶ
1431 1422 1527 1468 πᾶν
1553 1416 1672 1472 εἶδος

83 1485 272 1553 ἐπάγων
310 1491 598 1560 πλεονεξίας.
663 1492 782 1559 πρὸς
820 1494 907 1559 τὴν
947 1498 1092 1550 οὕτως
1131 1496 1374 1565 ἀφόρητον
1414 1501 1552 1565 ὕβριν
1591 1502 1674 1551 οὐκ

82 1569 397 1635 ἠγρύπνησαν
436 1577 478 1623 οἱ
516 1575 746 1637 ποιμένες.
799 1575 919 1628 εἶδον
951 1578 1017 1629 τὶν
1048 1578 1181 1630 λύκον
1215 1579 1445 1650 ἐρχόμενον,
1475 1584 1550 1632 καὶ
1588 1581 1674 1646 τὴν

83 1651 262 1717 ἀγέλην
310 1653 508 1722 ἀφέντες
565 1657 857 1724 ἀπέδρασαν,
905 1661 958 1710 οὐ
1009 1660 1101 1728 γὰρ
1151 1660 1208 1725 ἦν
1259 1664 1413 1714 αὐτῶν
1466 1662 1559 1716 Um
1616 1664 1676 1716 τοὶ

84 1736 313 1802 πρόβατα,
341 1737 424 1787 οὐκ
454 1737 691 1790 ἐκάλεσαν
716 1739 799 1791 τὸν
826 1743 1057 1803 ἐπαμῦναι
1091 1743 1361 1809 δυνάμενον,
1389 1746 1472 1797 τὸν
1499 1747 1673 1798 διασώ-

0 1833 65 1858 ;2Ο
83 1837 239 1867 σαντα
271 1816 357 1881 μὲν
383 1821 431 1870 ἐκ
460 1823 796 1884 Βαβυλωνίων,
824 1825 1162 1894 ἀνατρέψαντα
1189 1826 1238 1877 δὲ
1273 1827 1355 1878 τὸν
1381 1827 1668 1896 Ἀσσύριον,

83 1897 166 1948 τὸν
199 1899 428 1951 ἀνελόντα
467 1902 544 1952 διὰ
581 1903 735 1971 χειρὸς
776 1905 988 1971 ἀγγέλου
1012 1914 1039 1936 ‘⁶
1060 1907 1226 1958 ἑκατὸν
1267 1912 1342 1960 καὶ
1382 1910 1672 1976 ὀγδοήκοντα

85 1986 111 2009 “
136 1980 273 2032 πέντε
322 1982 571 2049 χιλιάδας”
618 1990 713 2036 τῶν
757 1988 1054 2054 ἀλλογενῶν.
1129 1990 1201 2041 ὅτι
1253 1991 1301 2042 δὲ
1351 1993 1576 2057 ἠδίκησεν
1620 1996 1673 2044 οὐ

81 2066 258 2128 μικρῶς
297 2067 371 2114 καὶ
409 2065 684 2132 παρέλυσεν
724 2072 786 2122 εἷς
830 2070 1083 2132 εὐλάβειαν
1121 2071 1229 2126 τοὺς
1275 2073 1332 2142 ἐξ
1372 2073 1575 2140 Ἰσραὴλ
1618 2075 1672 2127 τὸ

81 2143 444 2214 παραδέξασθαι
483 2147 569 2212 τὴν
610 2151 801 2201 ὀθνείων
839 2152 1005 2220 ἀρχὴν,
1041 2153 1127 2217 τὴν
1161 2155 1251 2206 ὑπό
1289 2179 1344 2222 γε
1383 2162 1479 2211 τοῖς
1518 2160 1670 2209 ἀλλο-

17 2243 63 2281 25
83 2225 241 2291 γενέσι
269 2232 404 2295 φημὶ,
432 2231 507 2281 καὶ
535 2231 591 2299 ἐξ
614 2233 756 2283 αὐτοῦ
782 2234 980 2303 μαθήσῃ
1006 2241 1088 2286 τοῦ
1115 2237 1409 2303 πράγματος.
1457 2239 1673 2291 Πιλάτου

83 2307 175 2374 γάρ
201 2332 314 2360 ποτε
341 2315 436 2365 τοῖς
453 2313 692 2368 Ἰουδαίοις
719 2314 773 2367 τὸ
799 2315 1079 2384 παράλογον
1100 2319 1452 2388 ἐξονειδίζοντος
1477 2321 1671 2388 θράσος,

84 2388 273 2441 ὅτεῖκαὶ
312 2399 644 2460 σταυροῦσθαι
681 2397 983 2464 παρεκάλουν
1020 2399 1103 2452 τὸν
1145 2401 1335 2468 Κύριον,
1376 2406 1451 2454 καὶ
1490 2406 1667 2455 ἀκατα-

84 2472 336 2527 καλύπτως
368 2475 593 2540 λέγοντος
620 2485 647 2507 “
668 2478 768 2530 Τὸν
794 2482 1005 2541 βασιλέα
1039 2484 1168 2547 ὑμῶν
1194 2485 1463 2550 σταυρώσω
1483 2486 1528 2547 ;”
1568 2486 1671 2537 τότε

130 2685 163 2719 3.
182 2676 272 2722 αὐτῷ
290 2677 348 2710 alt.
364 2685 587 2722 assumptum
606 2692 647 2713 ex
663 2680 739 2715 B.a.
791 2681 919 2717 Statim
938 2674 1168 2718 θυσίαζετελει
1184 2685 1226 2720 Β.
1246 2686 1368 2722 θυσίας
1386 2687 1537 2721 ἐπετέλει
1553 2687 1672 2722 HOlSt.

85 2719 152 2755 Ed.
172 2722 294 2758 θυσίας
312 2722 419 2757 ἐτέλει
437 2736 467 2758 a.
487 2731 519 2758 et
538 2726 585 2759 ita
603 2727 751 2771 conjecit
772 2728 903 2774 Heyse.
1005 2743 1037 2772 4.
1062 2734 1309 2775 προσεκόμιζεν
1328 2745 1357 2766 a.
1465 2733 1496 2767 6.
1524 2734 1673 2776 ὀνόματά

84 2781 120 2800 τε
145 2769 199 2802 καὶ
222 2770 406 2814 πράγματα
430 2771 472 2804 Β.
491 2770 596 2815 ὄνομά
621 2787 657 2807 τε
680 2774 733 2807 καὶ
755 2776 895 2820 πρᾶγμα
919 2788 936 2809 e
961 2777 1038 2811 Cat.
1061 2778 1161 2812 Harl.
1179 2778 1379 2813 emendavit
1396 2780 1490 2813 Aub.
1511 2787 1543 2814 et
1569 2781 1615 2815 ita
1641 2794 1671 2815 a.

87 2820 119 2857 7.
145 2815 351 2861 ἐπιρρίπτων
370 2816 443 2851 B.a.
463 2818 671 2863 ἐπιρριπτῶν
688 2820 755 2854 Ed.
865 2822 898 2856 8.
925 2823 1167 2868 ᾰπηναγκάζων
1186 2837 1215 2859 a.
1313 2838 1346 2870 9.
1373 2826 1513 2870 ἐξαιτῶν
1534 2827 1675 2872 [ἐξετῶν

87 2859 147 2905 Β.]
170 2861 247 2896 B.a.
266 2863 411 2907 ἐκζητῶν
432 2864 494 2898 Ht.
514 2865 581 2899 Ed.
744 2878 798 2901 11.
824 2869 842 2901 ὁ
860 2876 1085 2914 assumptum
1104 2882 1144 2904 ex
1167 2871 1242 2905 B.a.
1410 2884 1462 2907 12.
1489 2874 1597 2919 ἀρχὴν
1614 2875 1674 2917 τὴν

88 2905 162 2941 B.a.
184 2908 247 2943 Ht.
264 2909 372 2955 ἀρχῆς
397 2912 454 2954 τῆς
472 2911 567 2946 Aub.
655 2912 714 2956 τὴν
738 2914 894 2958 ἱερᾶσθαι
919 2917 1100 2960 λαχοῦσαν
1122 2918 1238 2962 φυλὴν
1257 2918 1331 2954 B.a.
1353 2919 1416 2953 Ht.
1434 2922 1491 2964 τῆς
1518 2922 1673 2965 ἱερᾶσθαι

85 2953 262 2999 λαχούσης
278 2958 391 3001 φυλῆς
409 2958 503 2992 Aub.
600 2970 655 2994 21.
682 2961 736 2994 καὶ
753 2972 822 2995 om.
843 2973 873 2995 a.
893 2962 1005 3007 (Vat.)
1102 2975 1156 3007 24.
1184 2964 1315 3000 ὀθνείαν
1332 2977 1363 3001 a.
1383 2966 1459 3001 Cat.
1481 2967 1580 3002 Harl.

144 3020 235 3049 von.
259 3023 307 3050 11.
842 3029 867 3056 G
890 3030 920 3070 g

1728 434 1889 464 §.Mattlu

1729 488 1806 508 xvu.
1832 488 1880 516 24.

1685 518 1712 558 d

1688 1197 1710 1224 e

1691 1775 1713 1798 a
1740 1766 1827 1799 649
1844 1765 1894 1798 A.

1736 1918 1791 1948 Es.

1734 1962 1859 1992 xxxvii.

1736 2005 1786 2043 36.

1732 2489 1825 2519 Infra

1732 2533 1799 2563 xix.
1818 2541 1866 2571 15.
