2022 3272
158 157 313 214 xvii.3.
393 159 463 199 IN
508 160 550 199 S.
586 159 926 200 JOANNEM.
991 159 1116 199 LIB.
1153 159 1230 198 XI.
1292 158 1424 197 (JAP.
1459 157 1508 197 V.
1663 153 1745 194 069

159 274 185 296 ‘⁶
211 267 512 333 πιστεύσητε,
553 269 652 320 οὐδ’
694 271 747 320 οὐ
786 268 849 332 μὴ
889 269 1106 332 συνῆτε.”
1162 268 1231 317 ὅτι
1276 267 1322 317 δὲ
1366 265 1452 329 τὴν
1496 267 1543 315 ἐν
1582 267 1747 332 ψιλοῖς

159 351 430 415 θεωρήμασι
462 356 657 416 γνῶσιν,
693 355 853 419 χρῆμα
884 354 1130 403 παντελῶς
1157 349 1384 412 ἀνόνητον
1410 350 1455 397 αἱ
1481 351 1574 398 τῶν
1602 344 1748 411 ἁγίων

159 433 267 495 ἡμῖν
316 435 636 502 ἀποφαίνουσι
681 436 979 502 συγγραφαὶ,
1027 431 1257 496 συνήσειν
1308 428 1434 493 οἶμαι
1486 432 1746 479 κάντεῦθεν.

158 514 249 583 ε”φη
276 513 369 581 γάρ
403 539 494 567 που
529 540 598 570 τις
624 521 718 567 τῶν
745 517 892 582 ἁγίων
919 519 1143 579 μαθητῶν
1179 521 1205 542 “
1229 511 1298 564 Σὺ
1330 511 1565 563 πιστεύεις
1592 510 1662 560 ὅτι
1687 509 1749 563 εἷς
1767 526 1789 553 0
1811 512 1923 596 Zdffl
1940 511 1970 540 ἢ

115 619 137 657 5
159 604 185 626 “
211 599 342 647 ἐστιν
374 599 398 647 ὁ
426 597 560 661 Θεὸς,
597 603 756 653 καλῶς
794 602 952 661 ποιεῖς,
989 598 1064 648 καὶ
1103 594 1320 658 δαιμόνια
1351 593 1645 652 πιστεύουσι,
1675 594 1750 642 καὶ

159 686 186 709 “
213 680 524 746 φρίσσουσι.”
577 681 625 732 τί
655 682 736 732 οῦν
762 682 956 746 ἐροῦμεν
986 678 1106 744 πρὸς
1132 684 1282 729 ταῦτα
1307 700 1316 737 ;
1358 681 1459 729 πῶς
1495 674 1751 738 ἀληθεύσει

158 763 385 827 Χριστὸς,
418 763 537 829 ζωὴν
576 764 762 814 αἰώνιον
801 761 914 813 εἶναι
954 761 1111 827 λέγων
1137 761 1191 811 τὸ
1231 764 1407 825 γνῶναι
1445 757 1527 809 τὸν
1559 758 1638 808 ἕνα
1675 759 1750 807 καὶ

157 845 313 907 ἀληθῆ
356 845 547 911 Πατέρα
585 847 660 895 καὶ
700 843 837 907 Θεὸν,
879 846 954 895 καὶ
1000 841 1092 893 σῦν
1133 844 1259 911 αὐτῷ
1300 841 1383 891 τὸν
1422 839 1574 901 Υἱόν;
1637 840 1747 889 ἀλλ’

157 924 283 989 οἶμαι
311 926 367 990 δὴ
394 930 487 978 δεῖν
513 926 632 991 πρὸς
658 932 796 977 τοῦτο
828 930 983 988 εἰπεῖν,
1012 926 1082 976 ὅτι
1109 923 1166 989 δὴ
1191 922 1379 976 πάντως
1407 921 1589 986 ἀληθὴς
1616 922 1752 972 ἔσται

90 1033 138 1058 10
156 1014 239 1059 τοῦ
265 1012 483 1075 Σωτῆρος
509 1010 533 1059 ὁ
560 1008 717 1074 λόγος·
773 1007 864 1075 ζωὴ
889 1007 981 1073 γὰρ
1008 1008 1036 1071 ἡ
1062 1011 1252 1073 γνῶσις,
1282 1007 1343 1059 ὡς
1371 1005 1490 1068 ὅλην
1517 1006 1752 1055 ὠδίνουσα

156 1095 238 1141 τοῦ
277 1092 540 1156 μυστηρίου
578 1090 664 1154 τὴν
691 1090 899 1153 δύναμιν,
928 1090 1004 1140 καὶ
1043 1088 1378 1154 εἰσκομίζουσα
1415 1086 1501 1149 μὲν
1535 1090 1617 1150 τῆς
1655 1109 1748 1150 μυ-

157 1175 322 1235 στικῆς
363 1174 580 1239 εὐλογίας
618 1171 704 1237 τὴν
741 1172 944 1241 μέθεξιν,
971 1173 1025 1222 δι’
1059 1171 1114 1235 ἧς
1153 1174 1219 1240 τῷ
1258 1168 1394 1235 ζῶντι
1431 1171 1505 1219 καὶ
1541 1167 1751 1238 ζωοποιῷ

157 1255 578 1318 προσοικειούμεθα
605 1254 764 1324 Λόγῳ.
820 1254 1068 1316 σύσσωμα
1106 1252 1199 1319 γὰρ
1237 1255 1311 1302 καὶ
1351 1252 1629 1317 συμμε’τοχα
1668 1256 1750 1300 τοῦ
1770 1249 1796 1290 d
1813 1235 1897 1310 ἓ1’1’“
1919 1247 1963 1266 '¹¹’

158 1339 375 1401 Χριστοῦ
410 1337 485 1386 διὰ
520 1338 693 1399 ταύτην
720 1334 847 1400 οἶμαι
881 1336 966 1400 τὴν
994 1337 1144 1386 αἰτίαν
1170 1337 1245 1386 καὶ
1274 1336 1298 1385 ὁ
1329 1338 1523 1386 Παῦλος
1555 1332 1614 1383 τὰ
1641 1333 1750 1396 ε”θνη

92 1439 136 1478 15
158 1421 378 1485 γενέσθαι
418 1421 584 1487 φησὶν,
619 1419 700 1469 ἅτε
739 1418 795 1482 δὴ
835 1421 909 1469 καὶ
949 1417 1275 1485 μετεσχηκότα
1317 1419 1399 1479 τῆς
1438 1416 1573 1481 ἁγίας
1609 1415 1751 1465 αὐτοῦ

1817 1498 1918 1526 I('ffl·.

158 1500 337 1565 σαρκός
371 1524 420 1551 τε
452 1504 527 1552 καὶ
563 1502 774 1563 αἵματος.
832 1501 1016 1564 νοηθείη
1051 1501 1089 1551 δ’
1119 1500 1176 1550 ἂν
1202 1501 1323 1550 οὕτω
1363 1499 1437 1548 καὶ
1472 1496 1595 1561 μέλη
1623 1500 1746 1562 Χρι-
1811 1541 1843 1570 vi
1868 1549 1904 1579 15

158 1589 278 1634 στοῦ
310 1582 368 1633 τὰ
402 1583 603 1649 ἡμέτερα
639 1582 778 1646 με’λη.
829 1582 919 1648 ζωὴ
959 1587 1210 1648 τοιγαροῦν
1248 1583 1275 1644 ἡ
1317 1585 1496 1645 γνῶσις
1534 1580 1744 1642 εἰσκομί-

157 1664 304 1731 ζουσα
330 1664 446 1732 πρὸς
473 1666 623 1735 τούτῳ
649 1664 734 1729 τὴν
761 1664 837 1715 διὰ
863 1670 946 1716 τοῦ
970 1665 1246 1728 Πνεύματος
1267 1664 1503 1729 εὐλογίαν.
1549 1666 1757 1712 κατοικεῖ

156 1746 250 1813 γὰρ
289 1749 336 1798 ἐν
373 1751 473 1801 ταῖς
511 1748 718 1814 καρδίαις
756 1747 902 1811 ἡμῶν,
932 1749 1241 1814 ἀναμορφοῦν
1275 1749 1336 1798 εἷς
1376 1744 1614 1795 υἱοθεσίαν
1644 1742 1750 1797 τοῦς

89 1849 138 1874 20
159 1830 432 1897 δεχομένους
471 1829 597 1892 αὐτὸ,
630 1831 705 1880 καὶ
744 1828 1049 1880 ἀναπλάττον
1085 1833 1147 1881 εἷς
1186 1827 1464 1896 ἀφθαρσίαν
1499 1828 1574 1876 καὶ
1614 1826 1748 1876 εὐσέ-
1769 1833 1790 1859 e

156 1917 290 1973 βειαν
317 1911 392 1962 διὰ
423 1913 663 1965 πολιτείας
698 1912 1019 1977 εὐαγγελικῆς.
1075 1908 1305 1978 πρόξενον
1331 1909 1486 1959 τοίνυν
1513 1910 1587 1959 καὶ
1614 1911 1750 1959 οἱονεὶ

156 1992 516 2060 προμνήστριαν
554 1998 648 2044 τῶν
688 1992 940 2059 εἰρημένων
972 1994 1179 2058 ἀγαθῶν,
1214 1990 1297 2055 τὴν
1329 1993 1391 2044 εἷς
1431 1992 1538 2042 (De-*ov
1573 1990 1639 2041 τὶν
1671 1990 1750 2040 ἕνα

157 2078 232 2126 καὶ
270 2075 462 2135 ἀληθινὸν
501 2074 811 2137 ἐπιστάμενος
850 2078 1031 2140 γνῶσιν
1064 2075 1088 2124 ὁ
1124 2073 1298 2140 Κύριος
1336 2073 1468 2136 ἡμῶν
1498 2071 1685 2136 Ἰησοῦς
1724 2073 1749 2122 ὁ

157 2157 384 2224 Χριστὸς,
427 2156 539 2228 ζωῆν
581 2155 700 2208 εἶναί
737 2161 890 2225 φησιν
929 2154 1074 2219 αὐτὴν
1111 2154 1198 2219 τὴν
1237 2156 1406 2206 αἰώνιον
1457 2152 1539 2204 ἅτε
1579 2153 1634 2217 δὴ
1673 2157 1748 2205 καὶ

90 2261 137 2299 25
156 2241 335 2306 μητέρα
381 2242 455 2290 καὶ
506 2237 687 2307 τροφὸν
728 2242 811 2302 τῆς
861 2239 1049 2289 αἰωνίου
1093 2238 1226 2304 ζωῆς,
1275 2238 1540 2287 ὠδίνουσαν
1584 2235 1748 2301 ὥσπερ

113 2348 116 2352 ·
157 2323 205 2372 ἐν
239 2322 329 2390 ἰδία
355 2320 544 2384 δυνάμει
582 2323 657 2372 καὶ
697 2319 842 2389 φύσει
881 2320 940 2372 τὰ
975 2323 1057 2384 τῆς
1093 2320 1209 2387 ζωῆς
1244 2319 1369 2370 α’ίτια
1398 2320 1475 2369 καὶ
1506 2321 1567 2372 εἷς
1602 2315 1748 2380 αὐτὴν

109 2433 111 2435 -
157 2402 472 2472 ἀποφέροντα.

232 2482 383 2548 Οἶμαι
421 2484 469 2534 δὲ
509 2488 602 2535 δεῖν
632 2486 913 2550 ἐπιτηρῆσαι
946 2487 1241 2554 φιλομαθῶς,
1273 2482 1392 2534 κατὰ
1432 2484 1535 2533 τίνα
1572 2481 1748 2547 τρόπον

157 2567 206 2615 ἐν
239 2566 347 2629 ἡμῖν
379 2565 556 2630 ε’ίρηκεν
593 2566 618 2616 ὁ
645 2564 858 2632 Χριστὸς
896 2565 983 2629 τὴν
1012 2564 1309 2628 τελειοτάτην
1347 2567 1786 2628 ἀποπληροῦσθαιὶῑ
1814 2572 1903 2607 954
1916 2571 1968 2606 A·

88 2666 139 2702 30
157 2652 338 2713 γνῶσιν
364 2653 445 2698 τοῦ
483 2646 629 2710 μόνου
661 2648 735 2697 καὶ
773 2647 892 2697 κατὰ
924 2647 1152 2711 ἀλήθειαν
1175 2646 1310 2699 ὄντος
1338 2649 1481 2696 Θεοῦ.
1536 2644 1619 2695 θέα
1654 2645 1746 2710 γὰρ

158 2728 284 2782 ὅπως
317 2729 370 2779 οὐ
409 2729 517 2795 δίχα
550 2731 632 2791 τῆς
664 2728 737 2795 ἐφ’
765 2731 867 2797 Υἱῴ
905 2729 1100 2793 θεωρίας
1134 2728 1360 2792 γίγνεται,
1401 2730 1548 2790 δῆλον
1586 2726 1635 2777 δὲ
1675 2726 1746 2777 ὅτι

211 2923 263 2957 16.
291 2922 459 2968 Χριστοῦ]
481 2925 568 2957 Θεοῦ
587 2923 628 2957 Ε.
649 2924 669 2940 “
683 2922 813 2956 Christi
826 2923 848 2937 '³
867 2921 971 2956 habet
990 2921 1117 2965 Georg.
1135 2922 1240 2966 Trap.
1260 2924 1411 2966 Χριστοῦ
1433 2923 1473 2956 τὰ
1494 2921 1637 2967 ἡμέτερα
1659 2923 1745 2966 με’λη

161 2982 230 3004 om.
251 2970 385 3013 Migne.
671 2969 725 3003 26.
751 2969 854 3011 αὐτὴν
872 2969 912 3002 Ε.
932 2969 1032 3002 αὑτὸν
1050 2969 1116 3003 Ed.
