<?xml version="1.0" encoding="UTF-8"?>
<!DOCTYPE html PUBLIC "-//W3C//DTD XHTML 1.0 Transitional//EN"
    "http://www.w3.org/TR/xhtml1/DTD/xhtml1-transitional.dtd">
<html xmlns="http://www.w3.org/1999/xhtml" xml:lang="en" lang="en">
 <head>
  <title>
</title>
<meta http-equiv="Content-Type" content="text/html;charset=utf-8" />
  <meta name='ocr-system' content='tesseract 3.04.00' />
  <meta name='ocr-capabilities' content='ocr_page ocr_carea ocr_par ocr_line ocrx_word'/>
</head>
<body>
  <div class='ocr_page' id='page_1' title='image "./operacyrilli04cyriuoft/operacyrilli04cyriuoft_0658.png"; bbox 0 0 2037 3266; ppageno 0'>
   <div class='ocr_carea' id='block_1_1' title="bbox 334 136 1926 187">
    <p class='ocr_par' dir='ltr' id='par_1_1' title="bbox 334 136 1926 187">
     <span class='ocr_line' id='line_1_1' title="bbox 334 136 1926 187; baseline -0.002 -10"><span class='ocrx_word' id='word_1_1' title='bbox 334 136 420 178; x_wconf 74' lang='lat'>646</span> <span class='ocrx_word' id='word_1_2' title='bbox 742 137 792 178; x_wconf 90' lang='grc' dir='ltr'>Β.</span> <span class='ocrx_word' id='word_1_3' title='bbox 827 137 1107 178; x_wconf 85' lang='lat' dir='ltr'><strong>GYRILLI</strong></span> <span class='ocrx_word' id='word_1_4' title='bbox 1147 138 1529 179; x_wconf 86' lang='lat' dir='ltr'><strong>ALEXANDR.</strong></span> <span class='ocrx_word' id='word_1_5' title='bbox 1756 137 1839 178; x_wconf 78' lang='lat' dir='ltr'><strong>xvi.</strong></span> <span class='ocrx_word' id='word_1_6' title='bbox 1860 143 1926 187; x_wconf 85' lang='lat'>25.</span> 
     </span>
    </p>
   </div>
   <div class='ocr_carea' id='block_1_2' title="bbox 117 245 2005 2123">
    <p class='ocr_par' dir='ltr' id='par_1_2' title="bbox 117 245 1971 973">
     <span class='ocr_line' id='line_1_2' title="bbox 335 245 1929 315; baseline 0.001 -17"><span class='ocrx_word' id='word_1_7' title='bbox 335 253 363 276; x_wconf 74' lang='lat'>‘⁶</span> <span class='ocrx_word' id='word_1_8' title='bbox 391 246 582 313; x_wconf 79' lang='grc' dir='ltr'>Πατρὸς</span> <span class='ocrx_word' id='word_1_9' title='bbox 617 248 750 312; x_wconf 82' lang='grc' dir='ltr'>ἡμῶν</span> <span class='ocrx_word' id='word_1_10' title='bbox 775 249 850 298; x_wconf 78' lang='grc' dir='ltr'>καὶ</span> <span class='ocrx_word' id='word_1_11' title='bbox 887 248 1064 314; x_wconf 81' lang='grc' dir='ltr'>Κυρίου</span> <span class='ocrx_word' id='word_1_12' title='bbox 1088 249 1252 312; x_wconf 86' lang='grc' dir='ltr'>Ἰησοῦ</span> <span class='ocrx_word' id='word_1_13' title='bbox 1284 248 1542 314; x_wconf 83' lang='grc' dir='ltr'>Χριστοῦ·”</span> <span class='ocrx_word' id='word_1_14' title='bbox 1584 245 1614 315; x_wconf 85' lang='grc' dir='ltr'><em>ᾗ</em></span> <span class='ocrx_word' id='word_1_15' title='bbox 1648 245 1696 298; x_wconf 78' lang='grc' dir='ltr'>δὲ</span> <span class='ocrx_word' id='word_1_16' title='bbox 1733 246 1929 310; x_wconf 78' lang='grc' dir='ltr'>μεσίτης</span> 
     </span>
     <span class='ocr_line' id='line_1_3' title="bbox 117 327 1931 398; baseline -0.003 -15"><span class='ocrx_word' id='word_1_17' title='bbox 117 346 266 383; x_wconf 82' lang='grc' dir='ltr'><strong>937Α.</strong></span> <span class='ocrx_word' id='word_1_18' title='bbox 297 331 414 380; x_wconf 58' lang='lat' dir='ltr'>axa}</span> <span class='ocrx_word' id='word_1_19' title='bbox 455 329 693 398; x_wconf 76' lang='grc' dir='ltr'>ἀρχιερεὺς</span> <span class='ocrx_word' id='word_1_20' title='bbox 734 332 808 381; x_wconf 75' lang='grc' dir='ltr'>καὶ</span> <span class='ocrx_word' id='word_1_21' title='bbox 851 329 1155 396; x_wconf 76' lang='grc' dir='ltr'>παράκλητος</span> <span class='ocrx_word' id='word_1_22' title='bbox 1197 329 1485 396; x_wconf 72' lang='grc' dir='ltr'>ὀνομάζεται,</span> <span class='ocrx_word' id='word_1_23' title='bbox 1522 327 1827 396; x_wconf 70' lang='grc' dir='ltr'>προσκομίζῖει</span> <span class='ocrx_word' id='word_1_24' title='bbox 1864 330 1931 396; x_wconf 71' lang='grc' dir='ltr'>τῷ</span> 
     </span>
     <span class='ocr_line' id='line_1_4' title="bbox 340 409 1931 479; baseline -0.002 -16"><span class='ocrx_word' id='word_1_25' title='bbox 340 414 497 478; x_wconf 79' lang='grc' dir='ltr'>Πατρὶ</span> <span class='ocrx_word' id='word_1_26' title='bbox 523 412 607 466; x_wconf 79' lang='grc' dir='ltr'>τὰς</span> <span class='ocrx_word' id='word_1_27' title='bbox 641 411 756 479; x_wconf 72' lang='grc' dir='ltr'>ὑπὲρ</span> <span class='ocrx_word' id='word_1_28' title='bbox 793 414 926 477; x_wconf 79' lang='grc' dir='ltr'>ἡμῶν</span> <span class='ocrx_word' id='word_1_29' title='bbox 953 413 1163 465; x_wconf 76' lang='grc' dir='ltr'>ἱκετείας·</span> <span class='ocrx_word' id='word_1_30' title='bbox 1220 412 1359 466; x_wconf 73' lang='grc' dir='ltr'>αὐτὸς</span> <span class='ocrx_word' id='word_1_31' title='bbox 1392 412 1485 478; x_wconf 79' lang='grc' dir='ltr'>γάρ</span> <span class='ocrx_word' id='word_1_32' title='bbox 1520 414 1651 462; x_wconf 87' lang='grc' dir='ltr'>ε’στιν</span> <span class='ocrx_word' id='word_1_33' title='bbox 1678 411 1705 475; x_wconf 81' lang='grc' dir='ltr'>ἡ</span> <span class='ocrx_word' id='word_1_34' title='bbox 1739 409 1931 462; x_wconf 78' lang='grc' dir='ltr'>πάντων</span> 
     </span>
     <span class='ocr_line' id='line_1_5' title="bbox 339 493 1931 563; baseline -0.002 -18"><span class='ocrx_word' id='word_1_35' title='bbox 339 495 471 559; x_wconf 82' lang='grc' dir='ltr'>ἡμῶν</span> <span class='ocrx_word' id='word_1_36' title='bbox 509 495 754 563; x_wconf 86' lang='grc' dir='ltr'>παῤῥησιά</span> <span class='ocrx_word' id='word_1_37' title='bbox 789 494 908 561; x_wconf 81' lang='grc' dir='ltr'>πρὸς</span> <span class='ocrx_word' id='word_1_38' title='bbox 947 493 1030 544; x_wconf 81' lang='grc' dir='ltr'>τὸν</span> <span class='ocrx_word' id='word_1_39' title='bbox 1072 493 1278 561; x_wconf 73' lang='grc' dir='ltr'>Πατέρα.</span> <span class='ocrx_word' id='word_1_40' title='bbox 1358 495 1395 545; x_wconf 80' lang='grc' dir='ltr'>ἐν</span> <span class='ocrx_word' id='word_1_41' title='bbox 1435 495 1608 563; x_wconf 71' lang='grc' dir='ltr'>ὀνόματι</span> <span class='ocrx_word' id='word_1_42' title='bbox 1652 494 1809 544; x_wconf 79' lang='grc' dir='ltr'>τοίνυν</span> <span class='ocrx_word' id='word_1_43' title='bbox 1847 497 1931 543; x_wconf 91' lang='grc' dir='ltr'>τοῦ</span> 
     </span>
     <span class='ocr_line' id='line_1_6' title="bbox 341 574 1971 644; baseline -0.003 -15"><span class='ocrx_word' id='word_1_44' title='bbox 341 581 562 644; x_wconf 77' lang='grc' dir='ltr'>Σωτῆρος</span> <span class='ocrx_word' id='word_1_45' title='bbox 591 579 722 642; x_wconf 80' lang='grc' dir='ltr'>ἡμῶν</span> <span class='ocrx_word' id='word_1_46' title='bbox 748 581 966 643; x_wconf 85' lang='grc' dir='ltr'>Χριστοῦ</span> <span class='ocrx_word' id='word_1_47' title='bbox 992 575 1076 630; x_wconf 78' lang='grc' dir='ltr'>τὰς</span> <span class='ocrx_word' id='word_1_48' title='bbox 1102 575 1286 640; x_wconf 81' lang='grc' dir='ltr'>δεήσεις</span> <span class='ocrx_word' id='word_1_49' title='bbox 1311 577 1542 641; x_wconf 75' lang='grc' dir='ltr'>ποιητέον·</span> <span class='ocrx_word' id='word_1_50' title='bbox 1588 574 1930 644; x_wconf 77' lang='grc' dir='ltr'>προχειρότατα</span> <span class='ocrx_word' id='word_1_51' title='bbox 1949 591 1971 629; x_wconf 91' lang='grc'>5</span> 
     </span>
     <span class='ocr_line' id='line_1_7' title="bbox 340 657 1928 727; baseline -0.003 -16"><span class='ocrx_word' id='word_1_52' title='bbox 340 659 434 727; x_wconf 78' lang='grc' dir='ltr'>γὰρ</span> <span class='ocrx_word' id='word_1_53' title='bbox 473 662 593 711; x_wconf 78' lang='grc' dir='ltr'>οὕτω</span> <span class='ocrx_word' id='word_1_54' title='bbox 633 658 962 711; x_wconf 77' lang='grc' dir='ltr'>κατανεύσειεν</span> <span class='ocrx_word' id='word_1_55' title='bbox 1000 657 1058 709; x_wconf 78' lang='grc' dir='ltr'>ἂν</span> <span class='ocrx_word' id='word_1_56' title='bbox 1097 660 1121 709; x_wconf 85' lang='grc' dir='ltr'>ὁ</span> <span class='ocrx_word' id='word_1_57' title='bbox 1156 657 1340 726; x_wconf 82' lang='grc' dir='ltr'>Πατὴρ,</span> <span class='ocrx_word' id='word_1_58' title='bbox 1380 660 1597 710; x_wconf 81' lang='grc' dir='ltr'>ἐπιδώσει</span> <span class='ocrx_word' id='word_1_59' title='bbox 1637 658 1685 709; x_wconf 80' lang='grc' dir='ltr'>δὲ</span> <span class='ocrx_word' id='word_1_60' title='bbox 1723 662 1818 711; x_wconf 78' lang='grc' dir='ltr'>τοῖς</span> <span class='ocrx_word' id='word_1_61' title='bbox 1857 658 1928 707; x_wconf 79' lang='grc' dir='ltr'>αἶ-</span> 
     </span>
     <span class='ocr_line' id='line_1_8' title="bbox 341 740 1926 809; baseline -0.003 -15"><span class='ocrx_word' id='word_1_62' title='bbox 341 748 506 794; x_wconf 92' lang='grc' dir='ltr'>τοῦσιν</span> <span class='ocrx_word' id='word_1_63' title='bbox 546 741 687 793; x_wconf 78' lang='grc' dir='ltr'>αὐτὸν</span> <span class='ocrx_word' id='word_1_64' title='bbox 726 741 786 792; x_wconf 77' lang='grc' dir='ltr'>τὰ</span> <span class='ocrx_word' id='word_1_65' title='bbox 823 740 1000 807; x_wconf 76' lang='grc' dir='ltr'>ἀγαθὰ,</span> <span class='ocrx_word' id='word_1_66' title='bbox 1030 741 1106 792; x_wconf 79' lang='grc' dir='ltr'>ἵνα</span> <span class='ocrx_word' id='word_1_67' title='bbox 1145 740 1376 803; x_wconf 77' lang='grc' dir='ltr'>λαβόντες</span> <span class='ocrx_word' id='word_1_68' title='bbox 1415 742 1666 809; x_wconf 83' lang='grc' dir='ltr'>χαίρωμεν.</span> <span class='ocrx_word' id='word_1_69' title='bbox 1722 742 1926 802; x_wconf 86' lang='grc' dir='ltr'>ἀναπιμ-</span> 
     </span>
     <span class='ocr_line' id='line_1_9' title="bbox 342 822 1932 892; baseline -0.004 -15"><span class='ocrx_word' id='word_1_70' title='bbox 342 824 576 889; x_wconf 75' lang='grc' dir='ltr'>πλάμενοι</span> <span class='ocrx_word' id='word_1_71' title='bbox 603 824 697 891; x_wconf 76' lang='grc' dir='ltr'>γὰρ</span> <span class='ocrx_word' id='word_1_72' title='bbox 723 823 1037 892; x_wconf 79' lang='grc' dir='ltr'>χαρισμάτων</span> <span class='ocrx_word' id='word_1_73' title='bbox 1063 827 1404 886; x_wconf 81' lang='grc' dir='ltr'>πνευματικῶν,</span> <span class='ocrx_word' id='word_1_74' title='bbox 1432 825 1508 874; x_wconf 75' lang='grc' dir='ltr'>καὶ</span> <span class='ocrx_word' id='word_1_75' title='bbox 1541 827 1623 887; x_wconf 76' lang='grc' dir='ltr'>τῆς</span> <span class='ocrx_word' id='word_1_76' title='bbox 1651 822 1760 889; x_wconf 77' lang='grc' dir='ltr'>παρ’</span> <span class='ocrx_word' id='word_1_77' title='bbox 1790 823 1932 872; x_wconf 76' lang='grc' dir='ltr'>αὐτοῦ</span> 
     </span>
     <span class='ocr_line' id='line_1_10' title="bbox 344 904 1926 973; baseline -0.003 -14"><span class='ocrx_word' id='word_1_78' title='bbox 344 907 582 962; x_wconf 79' lang='grc' dir='ltr'>συνέσεως</span> <span class='ocrx_word' id='word_1_79' title='bbox 616 907 858 959; x_wconf 87' lang='grc' dir='ltr'>πλουσίαν</span> <span class='ocrx_word' id='word_1_80' title='bbox 889 904 1117 972; x_wconf 80' lang='grc' dir='ltr'>λαχόντες</span> <span class='ocrx_word' id='word_1_81' title='bbox 1151 904 1238 969; x_wconf 78' lang='grc' dir='ltr'>τὴν</span> <span class='ocrx_word' id='word_1_82' title='bbox 1263 907 1507 973; x_wconf 79' lang='grc' dir='ltr'>χορηγίαν,</span> <span class='ocrx_word' id='word_1_83' title='bbox 1534 906 1609 957; x_wconf 83' lang='grc' dir='ltr'>διὰ</span> <span class='ocrx_word' id='word_1_84' title='bbox 1646 910 1729 956; x_wconf 91' lang='grc' dir='ltr'>τοῦ</span> <span class='ocrx_word' id='word_1_85' title='bbox 1769 927 1926 955; x_wconf 84' lang='grc' dir='ltr'>κατοι-</span> 
     </span>
    </p>

    <p class='ocr_par' dir='ltr' id='par_1_3' title="bbox 298 986 2002 1637">
     <span class='ocr_line' id='line_1_11' title="bbox 298 986 2002 1054; baseline -0.004 -13"><span class='ocrx_word' id='word_1_86' title='bbox 298 999 326 1040; x_wconf 91' lang='lat' dir='ltr'>b</span> <span class='ocrx_word' id='word_1_87' title='bbox 346 997 537 1044; x_wconf 88' lang='grc' dir='ltr'>κοῦντος</span> <span class='ocrx_word' id='word_1_88' title='bbox 572 991 619 1040; x_wconf 81' lang='grc' dir='ltr'>ἐν</span> <span class='ocrx_word' id='word_1_89' title='bbox 646 990 755 1053; x_wconf 79' lang='grc' dir='ltr'>ἡμῖν</span> <span class='ocrx_word' id='word_1_90' title='bbox 779 988 947 1054; x_wconf 73' lang='grc' dir='ltr'>Ἀγίου</span> <span class='ocrx_word' id='word_1_91' title='bbox 981 988 1270 1051; x_wconf 81' lang='grc' dir='ltr'>Πνεύματος,</span> <span class='ocrx_word' id='word_1_92' title='bbox 1300 988 1813 1054; x_wconf 87' lang='grc' dir='ltr'>καταστρατευσόμεθα</span> <span class='ocrx_word' id='word_1_93' title='bbox 1847 986 1932 1050; x_wconf 74' lang='grc' dir='ltr'>μὲν</span> <span class='ocrx_word' id='word_1_94' title='bbox 1953 1009 2002 1034; x_wconf 91' lang='lat'>10</span> 
     </span>
     <span class='ocr_line' id='line_1_12' title="bbox 345 1069 1928 1136; baseline -0.001 -12"><span class='ocrx_word' id='word_1_95' title='bbox 345 1075 421 1124; x_wconf 76' lang='grc' dir='ltr'>καὶ</span> <span class='ocrx_word' id='word_1_96' title='bbox 447 1072 556 1123; x_wconf 87' lang='grc' dir='ltr'>λίαν</span> <span class='ocrx_word' id='word_1_97' title='bbox 583 1071 788 1125; x_wconf 78' lang='grc' dir='ltr'>εὐκόλως</span> <span class='ocrx_word' id='word_1_98' title='bbox 821 1069 1014 1135; x_wconf 79' lang='grc' dir='ltr'>ἁπάσης</span> <span class='ocrx_word' id='word_1_99' title='bbox 1048 1069 1248 1121; x_wconf 82' lang='grc' dir='ltr'>ἐκτόπου</span> <span class='ocrx_word' id='word_1_100' title='bbox 1283 1092 1333 1120; x_wconf 91' lang='grc' dir='ltr'>τε</span> <span class='ocrx_word' id='word_1_101' title='bbox 1370 1073 1442 1120; x_wconf 82' lang='grc' dir='ltr'>καὶ</span> <span class='ocrx_word' id='word_1_102' title='bbox 1477 1072 1713 1136; x_wconf 72' lang='grc' dir='ltr'>βδελυροῖς</span> <span class='ocrx_word' id='word_1_103' title='bbox 1743 1071 1928 1133; x_wconf 75' lang='grc' dir='ltr'>ἡδονῆς·</span> 
     </span>
     <span class='ocr_line' id='line_1_13' title="bbox 344 1151 1934 1222; baseline -0.004 -16"><span class='ocrx_word' id='word_1_104' title='bbox 344 1158 750 1222; x_wconf 84' lang='grc' dir='ltr'>ἀγαθουργοῦντες</span> <span class='ocrx_word' id='word_1_105' title='bbox 802 1152 850 1204; x_wconf 79' lang='grc' dir='ltr'>δὲ</span> <span class='ocrx_word' id='word_1_106' title='bbox 903 1155 1023 1204; x_wconf 79' lang='grc' dir='ltr'>οὕτω</span> <span class='ocrx_word' id='word_1_107' title='bbox 1074 1155 1149 1203; x_wconf 81' lang='grc' dir='ltr'>καὶ</span> <span class='ocrx_word' id='word_1_108' title='bbox 1206 1156 1268 1206; x_wconf 84' lang='grc' dir='ltr'>εἰς</span> <span class='ocrx_word' id='word_1_109' title='bbox 1324 1152 1490 1221; x_wconf 79' lang='grc' dir='ltr'>ἔφεσιν</span> <span class='ocrx_word' id='word_1_110' title='bbox 1540 1152 1732 1216; x_wconf 77' lang='grc' dir='ltr'>ἁπάσης</span> <span class='ocrx_word' id='word_1_111' title='bbox 1788 1151 1934 1205; x_wconf 78' lang='grc' dir='ltr'>ἰόντες</span> 
     </span>
     <span class='ocr_line' id='line_1_14' title="bbox 344 1232 1934 1306; baseline -0.001 -18"><span class='ocrx_word' id='word_1_112' title='bbox 344 1241 512 1305; x_wconf 82' lang='grc' dir='ltr'>ἀρετῆς</span> <span class='ocrx_word' id='word_1_113' title='bbox 562 1236 654 1288; x_wconf 82' lang='grc' dir='ltr'>σῦν</span> <span class='ocrx_word' id='word_1_114' title='bbox 694 1236 915 1306; x_wconf 74' lang='grc' dir='ltr'>ἐξαιρέτῳ</span> <span class='ocrx_word' id='word_1_115' title='bbox 959 1239 1018 1303; x_wconf 85' lang='grc' dir='ltr'>τῇ</span> <span class='ocrx_word' id='word_1_116' title='bbox 1063 1235 1316 1304; x_wconf 74' lang='grc' dir='ltr'>προθυμίᾳ,</span> <span class='ocrx_word' id='word_1_117' title='bbox 1357 1237 1433 1285; x_wconf 81' lang='grc' dir='ltr'>καὶ</span> <span class='ocrx_word' id='word_1_118' title='bbox 1479 1234 1771 1300; x_wconf 81' lang='grc' dir='ltr'>νευρούμενοι</span> <span class='ocrx_word' id='word_1_119' title='bbox 1814 1232 1934 1299; x_wconf 82' lang='grc' dir='ltr'>πρὸς</span> 
     </span>
     <span class='ocr_line' id='line_1_15' title="bbox 343 1315 1933 1386; baseline -0.004 -15"><span class='ocrx_word' id='word_1_120' title='bbox 343 1325 439 1372; x_wconf 82' lang='grc' dir='ltr'>πᾶν</span> <span class='ocrx_word' id='word_1_121' title='bbox 475 1321 630 1371; x_wconf 79' lang='grc' dir='ltr'>ὁτιοῦν</span> <span class='ocrx_word' id='word_1_122' title='bbox 665 1324 760 1370; x_wconf 82' lang='grc' dir='ltr'>τῶν</span> <span class='ocrx_word' id='word_1_123' title='bbox 792 1318 886 1369; x_wconf 80' lang='grc' dir='ltr'>ὅσα</span> <span class='ocrx_word' id='word_1_124' title='bbox 925 1323 1156 1369; x_wconf 90' lang='grc' dir='ltr'>τελοῦντα</span> <span class='ocrx_word' id='word_1_125' title='bbox 1189 1320 1405 1386; x_wconf 77' lang='grc' dir='ltr'>φαίνεται</span> <span class='ocrx_word' id='word_1_126' title='bbox 1442 1315 1560 1384; x_wconf 79' lang='grc' dir='ltr'>πρὸς</span> <span class='ocrx_word' id='word_1_127' title='bbox 1594 1316 1848 1382; x_wconf 73' lang='grc' dir='ltr'>ἁγιασμόν,</span> <span class='ocrx_word' id='word_1_128' title='bbox 1875 1319 1933 1383; x_wconf 83' lang='grc' dir='ltr'>τῇ</span> 
     </span>
     <span class='ocr_line' id='line_1_16' title="bbox 344 1399 2002 1468; baseline -0.001 -14"><span class='ocrx_word' id='word_1_129' title='bbox 344 1407 427 1467; x_wconf 82' lang='grc' dir='ltr'>τῆς</span> <span class='ocrx_word' id='word_1_130' title='bbox 482 1405 684 1467; x_wconf 77' lang='grc' dir='ltr'>ἀμοιβῆς</span> <span class='ocrx_word' id='word_1_131' title='bbox 741 1401 896 1453; x_wconf 83' lang='grc' dir='ltr'>ἐλπίδι</span> <span class='ocrx_word' id='word_1_132' title='bbox 953 1400 1179 1468; x_wconf 74' lang='grc' dir='ltr'>χαίρομέν</span> <span class='ocrx_word' id='word_1_133' title='bbox 1229 1423 1278 1451; x_wconf 92' lang='grc' dir='ltr'>τε</span> <span class='ocrx_word' id='word_1_134' title='bbox 1330 1400 1454 1463; x_wconf 84' lang='grc' dir='ltr'>λίαν,</span> <span class='ocrx_word' id='word_1_135' title='bbox 1500 1402 1575 1451; x_wconf 78' lang='grc' dir='ltr'>καὶ</span> <span class='ocrx_word' id='word_1_136' title='bbox 1620 1399 1705 1464; x_wconf 85' lang='grc' dir='ltr'>τὴν</span> <span class='ocrx_word' id='word_1_137' title='bbox 1750 1401 1800 1450; x_wconf 84' lang='grc' dir='ltr'>ἐκ</span> <span class='ocrx_word' id='word_1_138' title='bbox 1849 1403 1933 1449; x_wconf 91' lang='grc' dir='ltr'>τοῦ</span> <span class='ocrx_word' id='word_1_139' title='bbox 1956 1415 2002 1452; x_wconf 90' lang='lat'>15</span> 
     </span>
     <span class='ocr_line' id='line_1_17' title="bbox 344 1481 1934 1552; baseline -0.004 -15"><span class='ocrx_word' id='word_1_140' title='bbox 344 1491 553 1552; x_wconf 88' lang='grc' dir='ltr'>πονηροῦ</span> <span class='ocrx_word' id='word_1_141' title='bbox 604 1484 871 1537; x_wconf 85' lang='grc' dir='ltr'>συνειδότος</span> <span class='ocrx_word' id='word_1_142' title='bbox 928 1482 1187 1552; x_wconf 77' lang='grc' dir='ltr'>κατήφειαν</span> <span class='ocrx_word' id='word_1_143' title='bbox 1239 1481 1651 1552; x_wconf 73' lang='grc' dir='ltr'>ἀποπεμψάμενοι,</span> <span class='ocrx_word' id='word_1_144' title='bbox 1703 1486 1803 1535; x_wconf 78' lang='grc' dir='ltr'>ταῖς</span> <span class='ocrx_word' id='word_1_145' title='bbox 1859 1482 1934 1532; x_wconf 81' lang='grc' dir='ltr'>ἐπὶ</span> 
     </span>
     <span class='ocr_line' id='line_1_18' title="bbox 348 1561 1934 1637; baseline -0.004 -18"><span class='ocrx_word' id='word_1_146' title='bbox 348 1571 549 1637; x_wconf 76' lang='grc' dir='ltr'>Χριστῷ</span> <span class='ocrx_word' id='word_1_147' title='bbox 588 1566 831 1631; x_wconf 85' lang='grc' dir='ltr'>θυμηδίαις</span> <span class='ocrx_word' id='word_1_148' title='bbox 869 1564 952 1616; x_wconf 81' lang='grc' dir='ltr'>τὸν</span> <span class='ocrx_word' id='word_1_149' title='bbox 983 1569 1150 1616; x_wconf 75' lang='grc' dir='ltr'>οἰκεῖον</span> <span class='ocrx_word' id='word_1_150' title='bbox 1185 1565 1547 1629; x_wconf 88' lang='grc' dir='ltr'>καταπιαίνομεν</span> <span class='ocrx_word' id='word_1_151' title='bbox 1584 1571 1707 1616; x_wconf 89' lang='grc' dir='ltr'>νοῦν.</span> <span class='ocrx_word' id='word_1_152' title='bbox 1762 1565 1838 1615; x_wconf 77' lang='grc' dir='ltr'>καὶ</span> <span class='ocrx_word' id='word_1_153' title='bbox 1875 1561 1934 1627; x_wconf 82' lang='grc' dir='ltr'>ἧν</span> 
     </span>
    </p>

    <p class='ocr_par' dir='ltr' id='par_1_4' title="bbox 310 1644 2005 2123">
     <span class='ocr_line' id='line_1_19' title="bbox 310 1644 1933 1716; baseline -0.002 -18"><span class='ocrx_word' id='word_1_154' title='bbox 310 1649 434 1715; x_wconf 78' lang='grc' dir='ltr'>ομὲν</span> <span class='ocrx_word' id='word_1_155' title='bbox 473 1654 569 1704; x_wconf 81' lang='grc' dir='ltr'>τοῖς</span> <span class='ocrx_word' id='word_1_156' title='bbox 613 1648 932 1716; x_wconf 75' lang='grc' dir='ltr'>ἀρχαιοτέροις</span> <span class='ocrx_word' id='word_1_157' title='bbox 978 1646 1355 1712; x_wconf 83' lang='grc' dir='ltr'>ἀνεπιτήδευτον·</span> <span class='ocrx_word' id='word_1_158' title='bbox 1412 1649 1465 1698; x_wconf 83' lang='grc' dir='ltr'>οὐ</span> <span class='ocrx_word' id='word_1_159' title='bbox 1509 1647 1602 1714; x_wconf 75' lang='grc' dir='ltr'>γὰρ</span> <span class='ocrx_word' id='word_1_160' title='bbox 1646 1644 1933 1710; x_wconf 78' lang='grc' dir='ltr'>μεμελέτητό</span> 
     </span>
     <span class='ocr_line' id='line_1_20' title="bbox 348 1729 1928 1799; baseline -0.003 -15"><span class='ocrx_word' id='word_1_161' title='bbox 348 1755 449 1786; x_wconf 87' lang='grc' dir='ltr'>πως</span> <span class='ocrx_word' id='word_1_162' title='bbox 483 1734 755 1799; x_wconf 79' lang='grc' dir='ltr'>προσευχῆς</span> <span class='ocrx_word' id='word_1_163' title='bbox 789 1753 858 1783; x_wconf 90' lang='grc' dir='ltr'>τις</span> <span class='ocrx_word' id='word_1_164' title='bbox 897 1736 1105 1783; x_wconf 89' lang='grc' dir='ltr'>τοιοῦτος</span> <span class='ocrx_word' id='word_1_165' title='bbox 1141 1729 1317 1796; x_wconf 88' lang='grc' dir='ltr'>τρόπος</span> <span class='ocrx_word' id='word_1_166' title='bbox 1353 1729 1428 1780; x_wconf 77' lang='grc' dir='ltr'>διὰ</span> <span class='ocrx_word' id='word_1_167' title='bbox 1461 1729 1547 1794; x_wconf 84' lang='grc' dir='ltr'>τὴν</span> <span class='ocrx_word' id='word_1_168' title='bbox 1576 1730 1786 1796; x_wconf 77' lang='grc' dir='ltr'>ἄγνοιαν·</span> <span class='ocrx_word' id='word_1_169' title='bbox 1831 1729 1928 1795; x_wconf 86' lang='grc' dir='ltr'>ὁρί-</span> 
     </span>
     <span class='ocr_line' id='line_1_21' title="bbox 348 1811 2005 1882; baseline -0.002 -17"><span class='ocrx_word' id='word_1_170' title='bbox 348 1815 469 1882; x_wconf 75' lang='grc' dir='ltr'>ζεται</span> <span class='ocrx_word' id='word_1_171' title='bbox 522 1814 569 1865; x_wconf 80' lang='grc' dir='ltr'>δὲ</span> <span class='ocrx_word' id='word_1_172' title='bbox 622 1817 722 1864; x_wconf 89' lang='grc' dir='ltr'>νυνὶ</span> <span class='ocrx_word' id='word_1_173' title='bbox 771 1811 847 1863; x_wconf 79' lang='grc' dir='ltr'>διὰ</span> <span class='ocrx_word' id='word_1_174' title='bbox 897 1816 1132 1879; x_wconf 81' lang='grc' dir='ltr'>Χριστοῦ,</span> <span class='ocrx_word' id='word_1_175' title='bbox 1174 1814 1249 1862; x_wconf 77' lang='grc' dir='ltr'>καὶ</span> <span class='ocrx_word' id='word_1_176' title='bbox 1299 1811 1433 1875; x_wconf 85' lang='grc' dir='ltr'>μάλα</span> <span class='ocrx_word' id='word_1_177' title='bbox 1485 1811 1682 1874; x_wconf 78' lang='grc' dir='ltr'>εἰκότως,</span> <span class='ocrx_word' id='word_1_178' title='bbox 1725 1811 1801 1862; x_wconf 78' lang='grc' dir='ltr'>ὅτε</span> <span class='ocrx_word' id='word_1_179' title='bbox 1851 1813 1934 1875; x_wconf 83' lang='grc' dir='ltr'>τῆς</span> <span class='ocrx_word' id='word_1_180' title='bbox 1955 1831 2005 1856; x_wconf 89' lang='lat'>20</span> 
     </span>
     <span class='ocr_line' id='line_1_22' title="bbox 348 1894 1933 1963; baseline -0.003 -15"><span class='ocrx_word' id='word_1_181' title='bbox 348 1896 644 1963; x_wconf 82' lang='grc' dir='ltr'>διορθώσεως</span> <span class='ocrx_word' id='word_1_182' title='bbox 694 1894 978 1963; x_wconf 74' lang='grc' dir='ltr'>ἀνέλαμψεν</span> <span class='ocrx_word' id='word_1_183' title='bbox 1025 1896 1050 1945; x_wconf 85' lang='grc' dir='ltr'><strong>ὁ</strong></span> <span class='ocrx_word' id='word_1_184' title='bbox 1104 1894 1277 1960; x_wconf 80' lang='grc' dir='ltr'>καιρὸς,</span> <span class='ocrx_word' id='word_1_185' title='bbox 1323 1896 1396 1945; x_wconf 75' lang='grc' dir='ltr'>καὶ</span> <span class='ocrx_word' id='word_1_186' title='bbox 1449 1895 1476 1959; x_wconf 87' lang='grc' dir='ltr'><strong><em>ἡ</em></strong></span> <span class='ocrx_word' id='word_1_187' title='bbox 1525 1895 1702 1948; x_wconf 83' lang='grc' dir='ltr'>παντὸς</span> <span class='ocrx_word' id='word_1_188' title='bbox 1752 1895 1933 1960; x_wconf 85' lang='grc' dir='ltr'>ἀγαθοῦ</span> 
     </span>
     <span class='ocr_line' id='line_1_23' title="bbox 346 1975 1932 2043; baseline -0.003 -12"><span class='ocrx_word' id='word_1_189' title='bbox 346 1978 582 2043; x_wconf 87' lang='grc' dir='ltr'>τελειότης</span> <span class='ocrx_word' id='word_1_190' title='bbox 622 1976 976 2040; x_wconf 81' lang='grc' dir='ltr'>εἷσκεκόμισται</span> <span class='ocrx_word' id='word_1_191' title='bbox 1016 1978 1070 2028; x_wconf 83' lang='grc' dir='ltr'>δι’</span> <span class='ocrx_word' id='word_1_192' title='bbox 1100 1978 1256 2028; x_wconf 82' lang='grc' dir='ltr'>αὐτοῦ.</span> <span class='ocrx_word' id='word_1_193' title='bbox 1309 1976 1472 2042; x_wconf 79' lang='grc' dir='ltr'>ὥσπερ</span> <span class='ocrx_word' id='word_1_194' title='bbox 1510 1976 1604 2043; x_wconf 77' lang='grc' dir='ltr'>γὰρ</span> <span class='ocrx_word' id='word_1_195' title='bbox 1642 1975 1774 2027; x_wconf 72' lang='grc' dir='ltr'>οὐδὲν</span> <span class='ocrx_word' id='word_1_196' title='bbox 1803 1998 1932 2026; x_wconf 91' lang='grc' dir='ltr'>τετε-</span> 
     </span>
     <span class='ocr_line' id='line_1_24' title="bbox 348 2058 1934 2123; baseline -0.003 -11"><span class='ocrx_word' id='word_1_197' title='bbox 348 2061 539 2112; x_wconf 88' lang='grc' dir='ltr'>λείωκεν</span> <span class='ocrx_word' id='word_1_198' title='bbox 575 2062 599 2111; x_wconf 86' lang='grc' dir='ltr'><strong>ὁ</strong></span> <span class='ocrx_word' id='word_1_199' title='bbox 639 2060 793 2123; x_wconf 82' lang='grc' dir='ltr'>νόμος,</span> <span class='ocrx_word' id='word_1_200' title='bbox 825 2060 935 2110; x_wconf 82' lang='grc' dir='ltr'>ἀλλ’</span> <span class='ocrx_word' id='word_1_201' title='bbox 966 2058 1023 2123; x_wconf 78' lang='grc' dir='ltr'>ἦν</span> <span class='ocrx_word' id='word_1_202' title='bbox 1055 2059 1226 2123; x_wconf 82' lang='grc' dir='ltr'>ἀτελὴς</span> <span class='ocrx_word' id='word_1_203' title='bbox 1265 2059 1292 2123; x_wconf 79' lang='grc' dir='ltr'>ἡ</span> <span class='ocrx_word' id='word_1_204' title='bbox 1333 2058 1432 2110; x_wconf 86' lang='grc' dir='ltr'>κατ’</span> <span class='ocrx_word' id='word_1_205' title='bbox 1460 2058 1603 2110; x_wconf 78' lang='grc' dir='ltr'>αὐτὸν</span> <span class='ocrx_word' id='word_1_206' title='bbox 1635 2058 1934 2123; x_wconf 76' lang='grc' dir='ltr'>μελετωμένη</span> 
     </span>
    </p>
   </div>
   <div class='ocr_carea' id='block_1_3' title="bbox 349 2140 1561 2209">
    <p class='ocr_par' dir='ltr' id='par_1_5' title="bbox 349 2140 1561 2209">
     <span class='ocr_line' id='line_1_25' title="bbox 349 2140 1561 2209; baseline -0.002 -15"><span class='ocrx_word' id='word_1_207' title='bbox 349 2143 636 2207; x_wconf 82' lang='grc' dir='ltr'>δικαιοσύνη,</span> <span class='ocrx_word' id='word_1_208' title='bbox 662 2143 785 2194; x_wconf 75' lang='grc' dir='ltr'>οὕτω</span> <span class='ocrx_word' id='word_1_209' title='bbox 811 2144 887 2194; x_wconf 82' lang='grc' dir='ltr'>καὶ</span> <span class='ocrx_word' id='word_1_210' title='bbox 912 2145 995 2206; x_wconf 78' lang='grc' dir='ltr'>τῆς</span> <span class='ocrx_word' id='word_1_211' title='bbox 1019 2144 1291 2209; x_wconf 79' lang='grc' dir='ltr'>προσευχῆς</span> <span class='ocrx_word' id='word_1_212' title='bbox 1318 2142 1342 2192; x_wconf 85' lang='grc' dir='ltr'>ὁ</span> <span class='ocrx_word' id='word_1_213' title='bbox 1373 2140 1561 2208; x_wconf 87' lang='grc' dir='ltr'>τρόπος.</span> 
     </span>
    </p>
   </div>
   <div class='ocr_carea' id='block_1_4' title="bbox 284 2316 2005 2662">
    <p class='ocr_par' dir='ltr' id='par_1_6' title="bbox 284 2316 2005 2662">
     <span class='ocr_line' id='line_1_26' title="bbox 284 2316 2005 2376; baseline -0.003 -17"><span class='ocrx_word' id='word_1_214' title='bbox 284 2333 331 2371; x_wconf 88' lang='lat'>25</span> <span class='ocrx_word' id='word_1_215' title='bbox 351 2321 498 2361; x_wconf 79' lang='grc' dir='ltr'>Ταῦτα</span> <span class='ocrx_word' id='word_1_216' title='bbox 535 2320 580 2360; x_wconf 81' lang='grc' dir='ltr'>ἐν</span> <span class='ocrx_word' id='word_1_217' title='bbox 618 2318 868 2376; x_wconf 74' lang='grc' dir='ltr'>Παροιμίαιε</span> <span class='ocrx_word' id='word_1_218' title='bbox 910 2318 1132 2360; x_wconf 76' lang='grc' dir='ltr'>λελάλι-ικοι</span> <span class='ocrx_word' id='word_1_219' title='bbox 1174 2317 1278 2367; x_wconf 80' lang='grc' dir='ltr'>ὑμῖν·</span> <span class='ocrx_word' id='word_1_220' title='bbox 1330 2318 1500 2375; x_wconf 77' lang='grc' dir='ltr'>ἔρχεται</span> <span class='ocrx_word' id='word_1_221' title='bbox 1542 2318 1636 2374; x_wconf 80' lang='grc' dir='ltr'>ὥρα</span> <span class='ocrx_word' id='word_1_222' title='bbox 1676 2318 1747 2359; x_wconf 86' lang='grc' dir='ltr'>ὅτε</span> <span class='ocrx_word' id='word_1_223' title='bbox 1790 2316 2005 2366; x_wconf 77' lang='grc' dir='ltr'>οὐκέτι25</span> 
     </span>
     <span class='ocr_line' id='line_1_27' title="bbox 305 2399 1933 2459; baseline -0.002 -15"><span class='ocrx_word' id='word_1_224' title='bbox 305 2410 332 2451; x_wconf 86' lang='grc'>(1</span> <span class='ocrx_word' id='word_1_225' title='bbox 418 2402 463 2444; x_wconf 79' lang='grc' dir='ltr'>ἐν</span> <span class='ocrx_word' id='word_1_226' title='bbox 495 2401 746 2459; x_wconf 77' lang='grc' dir='ltr'>Παροιμίαιε</span> <span class='ocrx_word' id='word_1_227' title='bbox 779 2403 957 2443; x_wconf 65' lang='grc' dir='ltr'>λαλήσω</span> <span class='ocrx_word' id='word_1_228' title='bbox 995 2399 1103 2452; x_wconf 81' lang='grc' dir='ltr'>ὑμῖν,</span> <span class='ocrx_word' id='word_1_229' title='bbox 1129 2401 1241 2441; x_wconf 77' lang='grc' dir='ltr'>ἀλλὰ</span> <span class='ocrx_word' id='word_1_230' title='bbox 1280 2399 1492 2459; x_wconf 73' lang='grc' dir='ltr'>ΠαῤῥΗσίᾳ</span> <span class='ocrx_word' id='word_1_231' title='bbox 1526 2400 1623 2457; x_wconf 81' lang='grc' dir='ltr'>Περὶ</span> <span class='ocrx_word' id='word_1_232' title='bbox 1657 2404 1731 2442; x_wconf 84' lang='grc' dir='ltr'>τοῦ</span> <span class='ocrx_word' id='word_1_233' title='bbox 1764 2400 1933 2456; x_wconf 75' lang='grc' dir='ltr'>Πατρόε</span> 
     </span>
     <span class='ocr_line' id='line_1_28' title="bbox 417 2482 796 2534; baseline 0 -8"><span class='ocrx_word' id='word_1_234' title='bbox 417 2485 650 2532; x_wconf 62' lang='lat' dir='ltr'>dnos-remi)</span> <span class='ocrx_word' id='word_1_235' title='bbox 687 2482 796 2534; x_wconf 83' lang='grc' dir='ltr'>ὑμῖν.</span> 
     </span>
     <span class='ocr_line' id='line_1_29' title="bbox 426 2592 1934 2662; baseline -0.001 -18"><span class='ocrx_word' id='word_1_236' title='bbox 426 2595 677 2662; x_wconf 74' lang='grc' dir='ltr'>Παροιμίαν</span> <span class='ocrx_word' id='word_1_237' title='bbox 703 2592 822 2644; x_wconf 75' lang='grc' dir='ltr'>εἶναί</span> <span class='ocrx_word' id='word_1_238' title='bbox 845 2597 969 2662; x_wconf 83' lang='grc' dir='ltr'>φησι</span> <span class='ocrx_word' id='word_1_239' title='bbox 995 2593 1078 2644; x_wconf 77' lang='grc' dir='ltr'>τὸν</span> <span class='ocrx_word' id='word_1_240' title='bbox 1105 2593 1314 2660; x_wconf 88' lang='grc' dir='ltr'>ἀμυδρόν</span> <span class='ocrx_word' id='word_1_241' title='bbox 1337 2617 1387 2644; x_wconf 90' lang='grc' dir='ltr'>τε</span> <span class='ocrx_word' id='word_1_242' title='bbox 1420 2594 1493 2644; x_wconf 76' lang='grc' dir='ltr'>καὶ</span> <span class='ocrx_word' id='word_1_243' title='bbox 1529 2594 1582 2643; x_wconf 84' lang='grc' dir='ltr'>οὐ</span> <span class='ocrx_word' id='word_1_244' title='bbox 1614 2593 1723 2643; x_wconf 89' lang='grc' dir='ltr'>λίαν</span> <span class='ocrx_word' id='word_1_245' title='bbox 1749 2594 1934 2661; x_wconf 81' lang='grc' dir='ltr'>ἐμφανῆ</span> 
     </span>
    </p>
   </div>
   <div class='ocr_carea' id='block_1_5' title="bbox 349 2674 2005 2827">
    <p class='ocr_par' dir='ltr' id='par_1_7' title="bbox 349 2674 2005 2827">
     <span class='ocr_line' id='line_1_30' title="bbox 350 2674 1935 2743; baseline -0.001 -16"><span class='ocrx_word' id='word_1_246' title='bbox 350 2675 512 2741; x_wconf 81' lang='grc' dir='ltr'>λόγον,</span> <span class='ocrx_word' id='word_1_247' title='bbox 546 2676 922 2740; x_wconf 76' lang='grc' dir='ltr'>ἐπεσκιασμένον</span> <span class='ocrx_word' id='word_1_248' title='bbox 958 2676 1013 2726; x_wconf 83' lang='grc' dir='ltr'>δέ</span> <span class='ocrx_word' id='word_1_249' title='bbox 1045 2699 1146 2730; x_wconf 87' lang='grc' dir='ltr'>πως</span> <span class='ocrx_word' id='word_1_250' title='bbox 1185 2674 1438 2743; x_wconf 84' lang='grc' dir='ltr'>ἀσαφείαις</span> <span class='ocrx_word' id='word_1_251' title='bbox 1477 2676 1598 2726; x_wconf 81' lang='grc' dir='ltr'>οὕτω</span> <span class='ocrx_word' id='word_1_252' title='bbox 1636 2680 1842 2737; x_wconf 82' lang='grc' dir='ltr'>λεπταῖς,</span> <span class='ocrx_word' id='word_1_253' title='bbox 1873 2677 1935 2728; x_wconf 88' lang='grc' dir='ltr'>ὡς</span> 
     </span>
     <span class='ocr_line' id='line_1_31' title="bbox 349 2755 2005 2827; baseline -0.005 -19"><span class='ocrx_word' id='word_1_254' title='bbox 349 2756 413 2822; x_wconf 86' lang='grc' dir='ltr'>μὴ</span> <span class='ocrx_word' id='word_1_255' title='bbox 441 2759 550 2809; x_wconf 89' lang='grc' dir='ltr'>λίαν</span> <span class='ocrx_word' id='word_1_256' title='bbox 575 2759 769 2821; x_wconf 86' lang='grc' dir='ltr'>ἑτοίμως</span> <span class='ocrx_word' id='word_1_257' title='bbox 795 2757 1005 2808; x_wconf 81' lang='grc' dir='ltr'>συνιέναι</span> <span class='ocrx_word' id='word_1_258' title='bbox 1032 2760 1154 2827; x_wconf 81' lang='grc' dir='ltr'>φησὶ</span> <span class='ocrx_word' id='word_1_259' title='bbox 1186 2757 1420 2808; x_wconf 85' lang='grc' dir='ltr'>δύνασθαι</span> <span class='ocrx_word' id='word_1_260' title='bbox 1450 2756 1557 2810; x_wconf 80' lang='grc' dir='ltr'>τοῦς</span> <span class='ocrx_word' id='word_1_261' title='bbox 1589 2755 1927 2823; x_wconf 78' lang='grc' dir='ltr'>ἀκροωμένους·</span> <span class='ocrx_word' id='word_1_262' title='bbox 1954 2774 2005 2810; x_wconf 86' lang='lat'>30</span> 
     </span>
    </p>
   </div>
   <div class='ocr_carea' id='block_1_6' title="bbox 350 2893 1932 2988">
    <p class='ocr_par' dir='ltr' id='par_1_8' title="bbox 350 2893 1932 2988">
     <span class='ocr_line' id='line_1_32' title="bbox 398 2893 1932 2942; baseline 0.001 -13"><span class='ocrx_word' id='word_1_263' title='bbox 398 2904 452 2940; x_wconf 83' lang='lat'>25.</span> <span class='ocrx_word' id='word_1_264' title='bbox 479 2895 572 2940; x_wconf 73' lang='grc' dir='ltr'>ὑμῖν]</span> <span class='ocrx_word' id='word_1_265' title='bbox 596 2899 633 2936; x_wconf 64' lang='lat'>4-</span> <span class='ocrx_word' id='word_1_266' title='bbox 655 2894 733 2930; x_wconf 69' lang='grc' dir='ltr'>ἀλλ’</span> <span class='ocrx_word' id='word_1_267' title='bbox 753 2894 819 2929; x_wconf 87' lang='lat' dir='ltr'>Ed.</span> <span class='ocrx_word' id='word_1_268' title='bbox 838 2895 946 2930; x_wconf 81' lang='lat' dir='ltr'>invito</span> <span class='ocrx_word' id='word_1_269' title='bbox 966 2895 1007 2930; x_wconf 85' lang='lat' dir='ltr'>E.</span> <span class='ocrx_word' id='word_1_270' title='bbox 1134 2897 1142 2903; x_wconf 89' lang='grc'><em>“</em></span> <span class='ocrx_word' id='word_1_271' title='bbox 1325 2904 1381 2941; x_wconf 89' lang='grc'>27.</span> <span class='ocrx_word' id='word_1_272' title='bbox 1407 2894 1591 2942; x_wconf 84' lang='grc' dir='ltr'>ἀπαγγελῶ</span> <span class='ocrx_word' id='word_1_273' title='bbox 1610 2895 1650 2930; x_wconf 89' lang='grc' dir='ltr'>Ε.</span> <span class='ocrx_word' id='word_1_274' title='bbox 1669 2895 1846 2941; x_wconf 80' lang='grc' dir='ltr'>ἀναγγελῶ</span> <span class='ocrx_word' id='word_1_275' title='bbox 1864 2893 1932 2930; x_wconf 78' lang='lat' dir='ltr'>Ed·</span> 
     </span>
     <span class='ocr_line' id='line_1_33' title="bbox 350 2942 885 2988; baseline 0 -12"><span class='ocrx_word' id='word_1_276' title='bbox 350 2953 406 2987; x_wconf 84' lang='lat'>30.</span> <span class='ocrx_word' id='word_1_277' title='bbox 433 2944 524 2988; x_wconf 85' lang='grc' dir='ltr'>φησὶ</span> <span class='ocrx_word' id='word_1_278' title='bbox 542 2948 766 2987; x_wconf 78' lang='lat' dir='ltr'><strong>assumptum</strong></span> <span class='ocrx_word' id='word_1_279' title='bbox 784 2954 825 2976; x_wconf 84' lang='lat' dir='ltr'>ex</span> <span class='ocrx_word' id='word_1_280' title='bbox 845 2942 885 2976; x_wconf 81' lang='lat' dir='ltr'>E.</span> 
     </span>
    </p>
   </div>
  </div>
 </body>
</html>
