2037 3266
299 135 383 175 406
708 136 758 177 Β.
793 136 1072 178 CYRILLI
1113 138 1494 180 ALEXANDR.
1745 139 1827 179 xiv.
1846 151 1885 189 4.

301 249 327 271 “
354 242 623 308 ἀπάντησιν
661 251 745 296 τοῦ
787 246 965 312 Κυρίου
1003 250 1067 301 εἷς
1105 247 1230 314 ἀέρα,
1269 250 1346 299 καὶ
1384 249 1514 298 οὕπω
1551 247 1752 299 πάντοτε
1796 244 1888 297 σὺν

300 332 327 354 “
357 327 517 396 Κυρίῳ
556 326 804 391 ἐσόμεθα.”

261 484 282 517 4
451 486 525 528 Καὶ
562 489 669 530 ὅπου
706 488 793 536 &sch
831 489 981 536 ὑΠάΓω
1020 486 1182 541 οἴδατε,
1221 491 1289 531 καὶ
1328 491 1404 533 τήν
1442 491 1544 533 ὁδὸν
1583 488 1744 532 οἴδατε.

262 606 284 633 e
377 601 784 667 Προαποδημήσω
822 601 908 664 μὲν
947 602 1109 668 ἔγωγε,
1150 606 1317 671 φησὶν,
1357 605 1625 667 ἑτοιμάσων
1666 605 1772 667 ὑμῖν
1809 605 1889 666 τῆς

301 680 470 732 ἀνόδου
497 682 644 733 τόπον
667 686 752 746 τῆς
776 687 838 736 εἷς
865 684 1106 750 οὐρανούς·
1150 686 1261 735 ἀλλ’
1290 690 1326 736 εἷ
1358 686 1612 748 βούλεσθε,
1641 688 1717 735 καὶ
1744 685 1889 753 φίλον
1909 698 1931 735 5

302 765 409 825 ὑμῖν
432 764 486 814 τὸ
513 766 561 814 ἐν
587 766 780 818 ἐκείναις
807 765 1077 816 καταλύσαι
1110 771 1211 820 ταῖς
1245 772 1422 829 μοναῖς,
1450 772 1524 818 καὶ
1559 770 1665 833 περὶ
1699 772 1890 818 πολλοῦ

298 846 560 910 πεποίησθε
600 845 654 898 τὸ
694 851 756 900 εἷς
795 847 883 911 τὴν
915 848 1011 898 ἅνω
1047 849 1270 914 γενέσθαι
1304 850 1461 912 πόλιν,
1491 851 1567 900 καὶ
1606 854 1702 903 τοῖς
1742 850 1891 915 ἁγίοις

299 931 679 992 συναυλισθῆναι
721 929 1006 992 πνεύμασιν,
1049 927 1195 982 οἴδατε
1234 931 1304 991 τὴν
1344 929 1448 994 mv,
1487 931 1747 989 τουτέστιν,
1791 930 1885 994 ε’μέ·

301 1008 356 1059 δι’
397 1011 509 1073 ἐμοῦ
549 1009 643 1076 γὰρ
683 1010 886 1073 πάντως,
926 1013 1000 1062 καὶ
1049 1013 1104 1062 οὐ
1147 1014 1201 1063 δι’
1243 1013 1402 1080 ἑτέρου
1446 1013 1570 1067 τινὸς
1614 1013 1702 1077 τὴν
1745 1015 1891 1066 οὕτως

301 1092 599 1160 ἀξιοῖγαστον
626 1094 983 1159 ἀποκερδανεῖτε
1010 1093 1162 1161 χάριν·
1205 1096 1258 1145 οὐ
1285 1094 1377 1161 γὰρ
1404 1095 1558 1161 ἕτερος
1585 1097 1692 1159 ὑμῖν
1717 1095 1890 1163 ἀνοίξει
1913 1118 1962 1143 10

299 1172 406 1227 τοὺς
456 1174 692 1239 οὐρανοὺς,
733 1176 836 1226 οὐδὲ
887 1176 1038 1236 βατὸν
1089 1177 1324 1245 ἀποδείξει
1375 1177 1489 1227 ποτὲ
1539 1176 1593 1227 τὸ
1645 1181 1891 1230 παντελῶς

299 1256 495 1317 ἀστιβές
519 1279 567 1306 τε
596 1259 671 1306 καὶ
704 1257 843 1321 ἄηθες
879 1262 974 1311 τοῖς
1010 1257 1104 1308 ἀπὸ
1138 1261 1221 1322 τῆς
1257 1261 1345 1323 γῆς
1382 1259 1568 1326 χωρίον,
1596 1262 1632 1308 εἰ
1658 1257 1722 1321 μὴ
1748 1256 1891 1320 μόνος

78 1353 164 1389 ’166
180 1352 231 1386 A.
260 1337 405 1403 αέγώ.
461 1340 537 1388 καὶ
569 1337 751 1403 ἀληθὴς
787 1340 811 1389 ὁ
848 1339 1006 1405 λόγος.
1062 1339 1137 1389 διὰ
1176 1338 1269 1406 γάρ
1307 1363 1376 1391 τοι
1417 1345 1557 1391 τοῦτο
1592 1342 1666 1390 καὶ
1706 1341 1730 1389 ὁ
1763 1362 1886 1404 προ-

302 1418 455 1487 φήτης
493 1421 716 1486 Ἱερεμίας
761 1422 808 1471 ἐν
849 1421 1106 1485 Πνεύματι,
1149 1422 1326 1486 ταύτην
1373 1423 1491 1485 ἡμᾶς
1536 1421 1622 1484 τὴν
1667 1421 1777 1471 ὁδὸν
1820 1421 1890 1471 ὅτι

76 1500 174 1532 Hier.

78 1545 109 1575 vi
139 1543 188 1575 16.
300 1501 516 1564 μάλιστα
554 1501 703 1567 ζητεῖν
727 1503 1077 1569 παρεκελεύετο,
1106 1504 1260 1569 λε’γων
1287 1511 1313 1533 “
1335 1507 1484 1567 Στῆτε
1520 1505 1593 1554 ἐπὶ
1629 1508 1731 1557 ταῖς
1767 1504 1889 1556 ὁδοῖς
1913 1525 1959 1562 15

300 1590 329 1612 ‘⁶
354 1587 430 1634 καὶ
474 1582 744 1649 ἐρωτήσατε
784 1586 976 1650 τρίβους
1020 1585 1196 1651 Κυρίου
1239 1585 1463 1648 αἰωνίους,
1504 1587 1579 1635 καὶ
1620 1585 1738 1635 ἴδετε
1779 1586 1892 1636 ποία

302 1673 328 1694 “
354 1667 485 1716 ἐστὶν
512 1666 539 1730 ἡ
578 1664 684 1719 ὁδὸς
719 1666 745 1729 ἡ
782 1666 953 1731 ἀγαθὴ,
980 1668 1054 1716 καὶ
1089 1666 1301 1732 βαδίζετε
1338 1669 1386 1717 ἐν
1411 1668 1541 1734 αὐτῇ,
1570 1669 1645 1717 καὶ
1672 1666 1892 1732 εὑρήσετε

302 1755 329 1777 “
354 1747 593 1812 ἁγνισμὸν
627 1752 727 1800 ταῖς
765 1751 946 1815 ψυχαῖς
986 1750 1161 1811 ὑμῶν.”
1209 1750 1307 1799 ὁδοὶ
1347 1748 1431 1810 μὲν
1467 1748 1560 1814 γὰρ
1602 1749 1777 1814 Κυρίου
1815 1754 1893 1799 καὶ

302 1827 467 1894 τρίβοι,
509 1827 628 1879 κατὰ
667 1828 750 1879 τὸν
787 1829 1054 1897 προφήτην,
1094 1829 1152 1880 τὰ
1191 1829 1407 1897 σωτήρια
1447 1835 1542 1880 τῶν
1581 1830 1729 1896 ἁγίων
1765 1853 1888 1895 προ-

303 1913 468 1977 φητῶν
493 1909 866 1976 συγγράμματα·
913 1912 1025 1961 ἀλλ’
1056 1911 1098 1961 εἴ
1132 1935 1200 1965 τις
1236 1913 1392 1965 αὐτοῖς
1427 1911 1510 1962 τὸν
1547 1917 1657 1962 νοῦν
1691 1911 1886 1976 ἐπιστή-
1911 1930 1962 1956 20

303 2015 414 2054 σειε,
440 1992 526 2056 τὴν
553 1992 662 2043 ὁδὸν
689 1993 876 2058 εὑρήσει
909 1992 995 2057 τὴν
1024 1993 1222 2059 ἀγαθὴν,
1250 1994 1467 2044 τουτέστι
1494 1993 1727 2059 Χριστὸν,
1754 1995 1808 2044 δι’
1838 1993 1892 2044 οὗ

302 2076 376 2124 καὶ
423 2075 447 2124 ὁ
491 2071 669 2127 τέλειος
711 2074 944 2140 ἁγνισμὸς
989 2079 1090 2128 ταῖς
1134 2075 1376 2142 ἡμετεραις
1418 2079 1599 2143 ψυχαῖς
1641 2076 1889 2141 ἐγγίνεται·

82 2153 228 2184 28.Pet.
256 2154 282 2195 b

78 2197 100 2227 i.
116 2208 145 2235 4.
302 2156 602 2219 δικαιούμεθα
642 2155 736 2223 γὰρ
772 2155 848 2206 διὰ
882 2160 965 2220 τῆς
999 2158 1220 2219 πίστεως,
1254 2159 1329 2207 καὶ
1366 2158 1491 2210 θείας
1525 2157 1892 2219 ἀναδεικνύμεθα

302 2236 492 2305 φύσεως
531 2240 741 2288 κοινωνοὶ
781 2242 839 2305 τῇ
877 2237 1063 2306 μεθέξει
1099 2243 1182 2288 τοῦ
1213 2239 1383 2303 (Αγίου
1424 2238 1715 2301 Πνεύματος.
1760 2236 1892 2288 ἀλλὰ

301 2320 376 2368 καὶ
421 2317 558 2371 αὐτὸς
607 2319 631 2367 ὁ
675 2318 1137 2385 μεγαλοφωνότατος
1187 2319 1439 2387 προφήτης
1482 2318 1694 2372 “Ησαἰ”ας
1745 2320 1889 2372 οὕτως
1911 2338 1960 2376 25

79 2409 237 2482 8Es.xxxv.
300 2400 410 2462 ἡμῖν
453 2398 535 2449 τὸν
573 2399 793 2466 Χριστὸν
844 2399 1110 2466 διεκήρυττε
1161 2401 1317 2466 λέγων
1367 2398 1594 2451 “’Έσται
1645 2402 1739 2450 ἐκεῖ
1785 2399 1890 2452 ὁδὸς

102 2476 108 2482 ’
301 2487 328 2511 “
354 2479 552 2547 καθαρὰ,
582 2483 658 2531 καὶ
695 2480 802 2535 ὁδὸς
838 2482 950 2547 ἁγία
986 2481 1325 2546 κληθήσεται””
1367 2483 1462 2532 ἐκεῖ
1496 2482 1552 2531 δέ
1584 2505 1676 2532 που
1715 2483 1886 2550 φησὶν,

299 2564 347 2613 ἐν
384 2568 480 2616 τοῖς
515 2562 704 2630 χρόνοις
743 2563 965 2627 δηλονότι
1003 2567 1087 2627 τῆς
1128 2562 1246 2625 μετὰ
1288 2563 1467 2630 σαρκὸς
1506 2565 1769 2627 οἰκονομίας
1808 2569 1892 2614 τοῦ

302 2649 624 2710 Μονογενοῦς·
666 2644 773 2699 ὁδὸς
807 2644 900 2712 γὰρ
928 2646 1037 2709 ἡμῖν
1062 2646 1227 2711 γε’γονε
1264 2644 1448 2712 καθαρὰ
1482 2648 1558 2696 καὶ
1594 2647 1724 2711 ἁγία,
1755 2645 1809 2696 δι’
1837 2645 1892 2710 ἧς

351 2796 474 2837 18-24.
503 2795 600 2829 Haec
619 2796 701 2829 citat
721 2795 852 2830 Catena
869 2796 904 2829 in
926 2795 1140 2830 Hieremiam
1161 2796 1371 2841 Prophetam
1393 2795 1486 2840 (cod.
1506 2796 1540 2829 in
1562 2796 1652 2829 Bibl.
1673 2795 1891 2829 patriarchae

302 2841 614 2887 Hierosolymitani
633 2843 939 2886 Constantinopoli
964 2849 1191 2877 conservatus
1214 2843 1272 2877 sol.
1295 2852 1373 2887 205,
1393 2842 1470 2876 cod.
1492 2842 1583 2876 Bibl.
1603 2842 1888 2876 Mediceo-Laur.

301 2887 395 2966 {lun
413 2900 446 2922 v.
465 2900 498 2933 9,
517 2888 576 2923 fol.
599 2890 674 2934 138.
695 2889 739 2923 cf.
761 2889 926 2923 Ghislerii
945 2888 1022 2923 Cat.
1043 2889 1065 2923 i.
1084 2890 1181 2934 591).
1365 2899 1420 2934 23.
1447 2890 1505 2932 τῆς
1523 2900 1593 2923 om.
1611 2888 1689 2923 cod.
1710 2888 1888 2922 Mediceo-

332 2945 404 2968 aur.
