2022 3272
106 158 188 198 xvi.
208 158 354 210 26,27.
389 158 462 198 IN
505 159 546 200 S.
580 158 921 199 JOANNEM.
985 159 1109 199 LIB.
1149 160 1223 200 XI.
1287 161 1417 201 CAP.
1454 161 1513 201 ΙΙ.
1615 161 1697 199 619

105 265 322 330 οἱήσαιτο
348 266 509 330 πάλιν,
535 267 564 332 ὴ
591 270 666 318 καὶ
693 269 966 331 ἀμαθαίνων
993 270 1096 333 ε’ρεῖ,
1123 272 1184 322 ὡς
1209 271 1308 319 κατ’
1331 270 1493 320 οὐδένα
1521 268 1697 335 τρόπον

105 349 356 413 δεήσονται
395 349 480 413 μὲν
512 352 560 400 ἐν
585 355 681 404 τοῖς
721 349 827 401 καθ’
858 349 1047 403 ἑαυτοὺς
1081 354 1163 414 τῆς
1199 357 1282 401 τοῦ
1307 356 1425 402 Υἱοῦ
1460 353 1695 415 μεσιτειάς

105 434 146 482 οἱ
187 435 405 496 μαθηταὶ,
433 433 580 498 η’γουν
609 438 704 483 τῶν
735 434 882 499 ἁγίων
912 433 1057 499 ἕτεροι
1096 434 1255 501 τυχόν.
1311 433 1467 485 πάντα
1506 434 1598 499 γὰρ
1639 436 1692 484 δι’
1713 439 1739 480 b

1761 514 1914 545 IS..Ioan.

105 515 248 565 αὐτοῦ
274 515 405 581 παρὰ
434 514 624 581 Πατρὸς
655 517 703 566 ἐν
732 515 986 578 Πνεύματι,
1012 516 1199 582 ἐπείπερ
1229 519 1331 568 ε’στὶ
1363 516 1690 583 παράκλητος,
1756 557 1817 588 ii.1
1847 567 1863 587 2

61 621 83 660 5
105 595 223 647 κατὰ
261 597 347 660 τὴν
381 597 601 648 Ἰωάννου
641 597 818 664 φωνὴν,
851 599 938 665 οὐχ
979 598 1093 664 ὑπὲρ
1133 598 1291 662 μόνων
1329 603 1424 649 τῶν
1462 598 1696 663 ἡμετέρων

104 679 359 745 ἁμαρτιῶν,
391 679 524 729 ἀλλὰ
562 682 636 730 καὶ
675 683 781 744 περὶ
820 679 937 731 ὅλου
976 685 1059 731 τοῦ
1098 680 1297 742 κόσμου.
1353 679 1608 732 ἐπιδεικνὺς
1647 679 1696 730 δὲ

103 761 351 827 χρησίμως
384 763 472 811 κάν
497 762 648 831 τούτῳ
675 760 731 824 δὴ
757 761 925 824 πάλιν,
956 761 1027 813 ὅτι
1052 762 1334 828 τριπόθητος
1361 762 1470 812 λίαν
1496 763 1601 812 ἐστὶ
1628 763 1695 830 τῷ

105 845 213 910 Θεῷ
240 846 315 892 καὶ
345 846 500 909 Πατρὶ
527 844 554 907 ἡ
581 848 643 896 εἷς
668 843 751 893 τὸν
776 843 833 911 ἐξ
856 845 998 894 αὐτοῦ
1030 842 1278 911 πεφήνοτα
1309 841 1419 906 τιμὴ
1458 845 1533 894 καὶ
1569 843 1689 908 ἀγά-

103 947 264 987 πησις,
290 923 350 975 τὰ
376 924 569 976 τοιαῦτά
601 930 766 994 φησιν·
808 925 921 991 ὅπερ
958 927 1010 976 οὐ
1045 926 1263 979 συνέντες
1299 930 1340 976 οἱ
1374 928 1570 976 δείλαιοι
1601 931 1697 976 τῶν

38 1034 84 1059 10
103 1006 341 1057 Ἰουδαίων
368 1009 521 1071 δῆμοι,
547 1007 802 1073 λοιδορίαις
829 1031 877 1058 τε
905 1009 958 1058 οὐ
987 1012 1215 1076 φορηταῖς
1242 1008 1586 1074 κατακοντίζειν
1613 1009 1696 1058 οὐκ

1756 1082 1863 1123 Supra

1757 1127 1848 1158 v.18.

103 1088 337 1155 ἔφριττον,
371 1092 444 1140 καὶ
481 1097 508 1119 “

529 1092 550 1140 ε’
576 1113 716 1154 ητουν
755 1092 1041 1141 ἀποκτεῖναι’
1047 1089 1214 1140 ’κατὰ
1252 1089 1306 1140 τὸ
1346 1091 1692 1156 γεγραμμένον,
1714 1115 1735 1141 c

103 1170 180 1220 διὰ
211 1170 265 1221 τὸ
298 1172 682 1239 μεταῤῥυθμίζειν
708 1177 802 1223 τῶν
828 1172 1152 1224 πιστευόντων
1178 1172 1262 1223 τὸν
1288 1178 1398 1223 νοῦν
1425 1175 1474 1223 ἐκ
1502 1176 1696 1236 νομικῆς

103 1255 178 1302 καὶ
227 1255 424 1321 παχείας
475 1257 670 1318 ἐντολῆς
720 1259 782 1308 εἷς
832 1253 918 1317 τὴν
962 1258 1045 1317 τῆς
1096 1256 1406 1320 εὐαγγελικῆς
1456 1255 1697 1309 πολιτείας

105 1336 380 1402 ἰσχνότητα.
434 1337 649 1404 ε”φασκον
680 1335 773 1402 γὰρ
809 1336 941 1388 οὐδὲν
972 1336 1141 1391 εἰδότες
1181 1340 1222 1387 οἱ
1262 1336 1477 1399 τάλανες,
1504 1341 1696 1401 μᾶλλον

36 1439 82 1477 15
105 1417 152 1467 δὲ
192 1423 415 1483 γλῶτταν
445 1421 515 1470 ἐπ’
544 1421 670 1488 αὐτῷ
708 1419 792 1482 τὴν
827 1420 1020 1470 ἀνόσιον
1047 1419 1365 1483 ἀκονήσαντες
1394 1423 1450 1469 Εἰ
1477 1417 1535 1482 ἧν
1561 1419 1696 1473 οὗτος

1755 1498 1918 1539 Cf.supm

101 1500 232 1565 παρὰ
259 1504 385 1552 Θεοῦ
413 1503 438 1552 ὁ
466 1502 728 1568 ἄνθρωπος,
756 1503 839 1552 οὐκ
866 1500 924 1552 ἂν
952 1500 1057 1552 ἔλυε
1091 1501 1144 1552 τὸ
1176 1500 1446 1562 σάββατον.
1497 1524 1690 1569 προχει-
1755 1541 1798 1573 ix.
1822 1542 1871 1573 16.

102 1582 279 1647 ρότατα
304 1584 459 1634 τοίνυν
485 1584 571 1648 τὴν
598 1583 727 1649 παρὰ
755 1588 880 1634 Θεοῦ
910 1583 1101 1650 Πατρός
1133 1583 1370 1647 εὐμένειαν
1397 1584 1698 1646 δοθήσεσθαί

103 1669 255 1731 φησιν
281 1666 437 1720 αὐτοῖς
464 1665 805 1719 ἀνενδοιάστως
836 1665 1195 1729 πεπιστευκόσι,
1221 1667 1298 1716 καὶ
1333 1666 1383 1715 εὖ
1419 1665 1552 1729 μάλα
1587 1668 1690 1716 δια-

100 1748 390 1811 τεθειμένοις,
418 1748 489 1799 ὅτι
514 1771 603 1814 περ
629 1747 775 1817 ἑξῆλθε
809 1747 939 1817 vap&
963 1750 1034 1799 τοῦ
1062 1751 1187 1799 Θεοῦ
1224 1750 1298 1798 καὶ
1328 1749 1515 1816 Πατρός.
1571 1770 1689 1812 προ·
1711 1752 1739 1793 d

36 1854 85 1880 20
104 1834 284 1881 αλεῖται
326 1829 420 1897 γὰρ
462 1830 640 1896 ὥσπερ,
681 1832 820 1898 φησὶ,
860 1833 935 1881 καὶ
975 1829 1154 1899 φθάσει
1198 1829 1284 1893 μὲν
1322 1830 1447 1897 τάχα
1487 1829 1573 1892 τὴν
1610 1835 1694 1880 τοῦ

103 1912 432 1974 μεσιτεύοντος
472 1914 674 1977 αἴτησιν,
714 1913 950 1978 εὐλογίαις
989 1911 1037 1962 δὲ
1076 1917 1177 1965 ταῖς
1220 1916 1552 1974 πνευματικαῖς
1596 1912 1693 1961 ε’πι-

104 1994 272 2044 κλύσει
323 1994 404 2045 τὸν
451 2001 560 2046 νοῦν
605 1999 698 2045 τῶν
750 1993 895 2060 ὀρθὴν
945 1993 1150 2062 ἐχόντων
1192 1995 1261 2045 ἐπ’
1306 1995 1406 2057 ἐμοὶ
1455 1991 1542 2056 τὴν
1595 1991 1692 2043 διά-

104 2079 260 2144 ληψιν
302 2079 378 2127 καὶ
416 2077 471 2128 οὐ
510 2075 722 2143 καθάπερ
757 2075 902 2127 ἐδόκει
939 2080 1129 2144 φρονεῖν
1163 2080 1259 2129 τοῖς
1295 2081 1378 2126 τοῦ
1412 2074 1693 2141 γράμματος

104 2160 339 2224 ἐρασταῖς.

37 2254 84 2292 25
178 2240 250 2292 Τὸ
290 2243 345 2292 δέ
373 2240 575 2311 Ἐξῆλθον
606 2240 736 2310 παρὰ
769 2242 893 2303 Θεοῦ,
921 2242 1121 2291 ἐνταῦθα
1160 2238 1217 2303 δὴ
1255 2240 1404 2290 πάλιν
1435 2237 1695 2302 οἰησόμεθα

105 2323 343 2387 δηλοῦν,
320 2348 349 2389 η
389 2347 459 2376 οτι
496 2324 776 2390 γεγέννημαι
811 2347 887 2373 και
902 2322 1179 2421 ἐξὲλαμψοι
1213 2324 1296 2385 τῆς
1331 2320 1495 2374 οὐσίας
1530 2322 1689 2383 αὑτοῦ,

105 2406 225 2457 κατὰ
258 2405 464 2472 πρόοδον
489 2405 576 2470 μὲν
607 2404 693 2469 τὴν
717 2404 835 2472 πρὸς
869 2429 924 2456 το
960 2402 1078 2455 εἷναί
1106 2427 1155 2455 τε
1195 2407 1269 2454 καὶ
1305 2407 1514 2454 νοεῖσθαι
1548 2402 1694 2469 τυχὸν

105 2487 464 2551 ιδιοσυστάτως,
502 2489 556 2538 οὐ
596 2486 691 2551 μὴν
729 2511 791 2541 εις
833 2486 961 2538 ἇπαν
1000 2485 1300 2554 διῃρημενως·
1369 2508 1472 2536 εστι
1513 2507 1606 2550 γαρ
1644 2507 1692 2534 εν

105 2573 207 2638 Υἱῷ
247 2568 332 2632 μὲν
371 2571 396 2620 ὁ
437 2567 620 2635 Πατὴρ,
659 2571 707 2619 ἐν
747 2571 903 2634 Πατρὶ
942 2568 990 2619 δὲ
1029 2569 1087 2619 αὖ
1126 2567 1275 2619 πάλιν
1314 2566 1433 2617 κατὰ
1477 2566 1627 2633 φύσιν
1665 2567 1730 2616 ὅθ

38 2677 88 2712 30
106 2651 234 2706 Υἱός·
288 2651 317 2716 ὴ
352 2649 406 2702 τό
434 2649 646 2719 Ἐξῆλθεν,
673 2651 776 2701 ἀντὶ
809 2656 906 2712 τοῦ,
937 2649 1108 2715 γέγονα
1144 2650 1250 2700 καθ’
1280 2650 1414 2712 ὑμᾶς,
1443 2648 1692 2712 ἄνθρωπος

107 2733 341 2799 δηλονότι,
368 2732 453 2796 τὴν
482 2733 707 2798 ὑμετέραν
734 2731 924 2800 μορφήν
951 2754 999 2782 τε
1027 2736 1101 2782 καὶ
1128 2731 1278 2799 φύσιν
1306 2729 1493 2784 ὑποδύς.
1549 2729 1692 2783 τόπος

154 2929 186 2962 5.
211 2921 321 2963 μόνων
340 2918 380 2952 Ε.
400 2920 503 2960 μόνον
522 2917 587 2952 Ed.
756 2926 881 2961 25—p.
895 2916 974 2961 651,
990 2929 1010 2959 4
1029 2916 1111 2950 citat
1129 2928 1162 2960 p.
1309 2926 1363 2959 25.
1391 2912 1496 2958 Θεοῦ]
1516 2913 1642 2957 πατρὸς
1661 2924 1690 2946 a.

109 2965 215 3001 Cord.
235 2968 324 2999 Θεοῦ
341 2965 445 2999 habet
464 2977 497 3011 p.

165 3032 257 3060 voL.
280 3033 328 3060 11.
878 3032 903 3067 4
925 3030 948 3056 ο
