2037 3266
349 133 434 172 640
749 135 799 175 B.
834 135 1112 176 CYRILLI
1155 135 1534 177 ALEXANDR.
1768 136 1851 177 xvi.
1875 137 1937 176 16.

350 242 425 291 καὶ
459 241 513 292 τὸ
548 242 713 304 πάθος,
739 244 847 306 μεθ’
876 243 901 295 ὃ
936 244 993 307 δὴ
1032 245 1199 310 γείτων
1227 243 1359 297 εὐθὺς
1399 245 1426 307 ἡ
1465 243 1708 312 ἀνάληψις
1745 243 1821 294 διὰ
1856 246 1939 307 τῆς

348 320 467 388 πρὸς
510 323 564 374 τὸ
609 324 706 375 ἄνω
747 326 949 391 πορείας,
989 324 1367 390 ἀναγκαιοτάτην
1405 326 1698 392 εἰσφέρουσα
1740 324 1824 388 τὴν
1863 324 1939 374 διὰ

348 409 432 455 τοῦ
463 406 740 470 Πνεύματος
778 408 1098 476 ἐπιφοίτησιν·
1153 407 1207 456 οὐ
1246 406 1339 472 γὰρ
1378 405 1436 470 ἧν
1470 407 1536 457 ε”τι
1574 409 1938 458 συνδιαιτᾶσθαι

348 485 466 548 μετὰ
492 487 672 554 σαρκὸς
696 493 793 542 τοῖς
820 488 969 554 ἁγίοις
996 488 1291 541 ἀποστόλοις
1318 489 1415 538 ἄνω
1439 487 1670 553 γεγονότα
1706 487 1825 554 πρὸς
1855 486 1938 538 τὸν

352 568 560 635 Πατέρα.
608 569 1021 636 περιεσταλμένως
1048 568 1095 620 δὲ
1122 568 1318 637 σφόδρα
1351 575 1548 621 ποιεῖται
1583 569 1666 620 τὸν
1693 571 1857 634 λόγον,
1883 567 1937 619 τὸ
1955 586 1977 624 5

348 649 486 715 δριμὺ
522 654 605 715 τῆς
645 652 798 715 λύπης
838 650 914 702 διὰ
953 656 1093 702 τοῦτο
1131 650 1520 717 παραιρούμενος·
1570 648 1668 718 ᾔδει
1707 649 1800 716 γὰρ
1838 647 1938 718 ᾔδει

348 730 456 785 τοὺς
499 732 714 796 μαθητὰς
758 734 811 783 οὐ
863 734 1036 802 μετρίῳ
1087 732 1236 784 πάλιν
1281 732 1606 797 ὁμιλήσοντας
1651 733 1806 802 φόβῳ·
1861 733 1937 783 καὶ

307 814 530 882 Θδριμείᾳ
564 813 649 877 μὲν
683 813 1139 881 καταδηχθήσεσθαι
1175 814 1319 882 λύπῃ,
1346 817 1511 869 δεινοῖς
1549 813 1597 865 δὲ
1636 816 1712 865 καὶ
1747 812 1931 883 ἀφορή-

347 916 444 948 τοις
495 899 856 961 περιπεσεῖσθαι
907 900 1064 949 κακοῖς
1115 895 1560 962 προσδοκήσαντας,
1606 895 1720 946 ὅταν
1770 894 1937 949 αὐτοὺς

347 977 590 1045 συμβαίνῃ
624 978 996 1028 καταλείπεσθαι
1027 977 1212 1040 μόνους,
1240 978 1580 1039 ἀναβαίνοντος
1605 982 1688 1028 τοῦ
1715 980 1936 1042 Σωτῆρος
1958 1004 2005 1029 10

347 1060 453 1125 πρὶς
492 1058 558 1110 τὶν
598 1058 795 1127 Πατέρα.
862 1058 938 1109 διὰ
981 1058 1156 1122 ταύτην
1194 1057 1322 1123 οἶμαι
1366 1058 1451 1123 τὴν
1496 1059 1648 1110 αἰτίαν
1693 1061 1933 1127 ἀπημφιε-

346 1141 532 1202 σμένως
577 1140 662 1204 μὲν
702 1142 756 1191 οὐ
800 1142 953 1209 φησὶν
997 1140 1068 1191 ὅτι
1111 1140 1398 1209 τεθνήξεται,
1437 1143 1518 1204 τῆς
1563 1145 1659 1191 τῶν
1697 1139 1937 1191 Ἰουδαίων

346 1223 589 1287 παροινίας
641 1224 716 1273 καὶ
767 1223 904 1290 μέχρι
954 1222 1134 1273 τούτων
1179 1221 1322 1273 αὑτὸν
1365 1223 1624 1290 ἀφικέσθαι
1674 1221 1932 1286 καλούσης·

345 1304 643 1370 εὐφυέστατα
681 1303 730 1354 δὲ
770 1305 879 1354 λίαν
910 1303 1101 1368 πολλὴν
1132 1306 1385 1370 ἀναμίσγει
1423 1308 1489 1374 τῷ
1528 1302 1662 1372 λόγῳ
1699 1302 1785 1367 τὴν
1817 1326 1931 1367 κομ-

347 1386 502 1452 ψείαν,
530 1388 605 1436 καὶ
633 1390 698 1454 τῷ
729 1390 896 1438 παθεῖν
922 1386 1283 1452 συντρέχουσαν
1309 1385 1396 1450 τὴν
1422 1388 1472 1437 ἐκ
1507 1389 1589 1448 τῆς
1625 1384 1934 1439 ἀναστάσεως
1957 1409 2003 1447 15

347 1468 576 1531 θυμηδίαν
600 1469 867 1519 ἐπιδεικνύει
895 1469 1051 1533 λέγων
1078 1466 1240 1536 Μικρέν
1271 1471 1346 1519 καὶ
1376 1467 1510 1518 οὐκέτι
1544 1466 1732 1536 θεωρεῖτέ
1757 1490 1818 1535 με
1854 1472 1932 1518 καὶ

124 1563 208 1597 933
223 1562 272 1596 Α.
305 1550 490 1600 ειπάλιν
526 1553 677 1620 μικρὸν
715 1556 792 1601 καὶ
834 1546 1007 1619 ὄψεσθέ
1036 1573 1110 1617 με.
1177 1549 1290 1600 ε’ίσω
1329 1549 1422 1615 γὰρ
1461 1550 1550 1614 ἤδη
1591 1553 1746 1615 θυρῶν
1785 1551 1810 1600 ὁ
1850 1554 1933 1600 τοῦ

345 1630 550 1682 θανάτου
588 1632 751 1697 γέγονε
793 1632 964 1696 καιρὸς,
1004 1631 1220 1683 ἄποπτον
1259 1635 1354 1684 τοῖς
1395 1635 1626 1695 μαθηταῖς
1672 1632 1810 1684 τιθεὶς
1851 1629 1934 1682 τὸν

348 1713 524 1778 Κύριον
563 1717 626 1767 εἰς
664 1714 831 1778 ὀλίγον
865 1715 1032 1780 κομιδῇ
1072 1712 1154 1764 τὸν
1187 1712 1367 1779 καιρὸν,
1398 1712 1533 1779 ἄχρις
1571 1711 1627 1763 ἂν
1660 1712 1933 1766 σκυλεύσας

343 1793 427 1845 τὸν
471 1793 602 1863 ᾅδην,
644 1797 719 1846 καὶ
772 1794 1077 1849 ἀναπετάσας
1128 1800 1222 1848 τοῖς
1270 1796 1416 1845 ἐκεῖσε
1465 1793 1548 1848 τὰς
1598 1800 1681 1845 τοῦ
1731 1792 1933 1848 σκότους
1952 1818 2003 1844 20

344 1877 518 1940 πύλας,
556 1875 639 1928 τὸν
673 1877 788 1928 ἰ’διον
826 1874 973 1928 πάλιν
1008 1876 1263 1944 ἀναστήσῃ
1303 1875 1429 1926 ναόν·
1478 1876 1531 1926 οὗ
1571 1877 1645 1926 καὶ
1685 1876 1932 1942 γεγονότος

344 1958 592 2027 ἐπέλαμψε
631 1958 779 2010 πάλιν
817 1964 913 2012 τοῖς
958 1960 1124 2009 ἑαυτοῦ
1161 1962 1405 2023 μαθηταῖς,
1445 1958 1656 2009 συνεῖναί
1689 1980 1739 2008 τε
1778 1958 1932 2010 αὐτοῖς

122 2052 281 2110 Qffftth-
345 2040 672 2107 καθυπέσχετο
718 2048 745 2069 “
765 2040 927 2094 πάσας
980 2039 1063 2094 τὰς
1111 2040 1285 2106 ἡμέρας
1335 2045 1419 2091 τοῦ
1462 2040 1667 2102 αἰῶνος,”
1712 2038 1832 2090 κατὰ
1876 2036 1931 2089 τὸ

124 2107 236 2169 ngm.
344 2122 684 2188 γεγραμμένον.
763 2126 800 2173 εὶ
852 2122 944 2188 γὰρ
995 2123 1070 2172 καὶ
1127 2124 1362 2185 ἀποδημεῖ
1411 2124 1555 2186 σαρκὶ
1611 2120 1931 2187 παραστήσας

344 2203 508 2255 ἑαυτὸν
547 2204 662 2270 ὑπὲρ
702 2205 833 2267 ἡμῶν
870 2207 937 2272 τῳ
977 2205 1146 2268 Πατρῖ,
1183 2205 1259 2253 καὶ
1304 2203 1504 2256 καθίσας
1550 2205 1598 2253 ἐκ
1642 2203 1808 2271 δεξιῶν
1848 2208 1930 2253 τοῦ
1950 2222 2001 2262 25

345 2285 677 2350 γεννήσαντος,
717 2285 826 2335 ἀλλ’
869 2285 1155 2350 ἐναυλίζεται
1196 2289 1292 2337 τοῖς
1335 2284 1484 2353 ἀξίοις
1529 2283 1605 2334 διὰ
1645 2289 1728 2334 τοῦ
1770 2284 1924 2335 Πνεύ-

301 2385 327 2426 b
345 2389 509 2430 ματος,
541 2368 615 2417 καὶ
643 2366 840 2417 σύνεστι
865 2371 961 2419 τοῖς
987 2366 1135 2430 ἁγίοις
1162 2364 1237 2416 διὰ
1263 2365 1454 2418 παντός·
1497 2365 1812 2431 ἐπηγγείλατο
1837 2364 1930 2431 γὰρ

124 2458 255 2529 &1³¹3
347 2450 429 2498 οὐκ
467 2448 673 2516 ἀφήσειν
707 2449 826 2512 ἡμᾶς
867 2449 1119 2515 ὀρφανούς.
1177 2448 1343 2498 οὐκοῦν
1378 2452 1544 2513 μικροῦ
1583 2450 1749 2514 κομιδῇ
1789 2447 1923 2513 διείρ-

125 2524 131 2529 ’
182 2524 187 2529 ’
346 2552 514 2595 γοντος
552 2528 723 2597 χρόνον
761 2529 847 2592 τὴν
884 2535 968 2580 τοῦ
1006 2529 1185 2582 πάθους
1223 2529 1374 2596 ἀρχήν
1402 2531 1563 2597 Μικρέν
1602 2533 1726 2596 φησι
1767 2534 1844 2580 καὶ
1886 2532 1929 2580 οὐ

346 2610 536 2681 θεωρεῖτέ
563 2631 638 2679 με·
681 2611 850 2674 ἔμελλε
890 2610 983 2677 γὰρ
1023 2609 1477 2662 κατακαλύπτεσθαί
1506 2633 1606 2664 πως
1641 2615 1707 2679 τῷ
1740 2608 1928 2679 θανάτῳ
1947 2633 1997 2669 30

392 2744 426 2777 8.
453 2743 772 2788 καταδηχθήσεσθαι
792 2743 874 2777 E.F.
896 2743 1002 2778 Cord.
1023 2743 1089 2778 Ed.
1108 2755 1180 2788 mg.
1199 2742 1530 2789 καταδειχθήσεσθαι
1549 2742 1617 2776 Ed.
1757 2754 1789 2787 9.
1814 2757 1926 2788 προσ·

346 2790 554 2832 δοκήσαντας
573 2791 612 2824 Ε.
632 2790 738 2825 Cord.
756 2790 1059 2834 προσδοκὴσοντας
1078 2790 1145 2824 Ed.
1381 2801 1434 2823 21.
1463 2788 1557 2834 ναόν]
1579 2793 1601 2807 “
1614 2789 1692 2823 ναὸν
1709 2789 1844 2823 emend.
1864 2801 1926 2833 pro

345 2837 453 2869 λ(ιόν”
471 2837 614 2870 adnotat
633 2837 721 2870 inter
739 2843 838 2870 notas
857 2837 949 2870 Aub.
1001 2838 1048 2870 At
1066 2838 1143 2870 ναόν
1161 2836 1301 2870 exhibet
1322 2836 1356 2870 F.
1558 2844 1613 2879 27.
1639 2835 1747 2878 ἁγίοις
1763 2835 1868 2869 habet
1887 2835 1924 2869 F.

345 2886 365 2899 ‘⁵
382 2885 451 2917 τοῖς
476 2883 581 2925 ἀξίοις
606 2883 749 2927 Trapez.
778 2883 901 2927 legisse
928 2884 1064 2917 videtur
1090 2883 1226 2927 ἁγίοις”
1249 2882 1391 2917 adnotat
1419 2881 1525 2921 Aub„
1554 2882 1651 2926 quasi
1677 2881 1782 2926 ἀξίοις
1807 2882 1925 2926 legens

345 2940 427 2971 mse.
