2037 3266
340 133 423 171 514
737 133 787 173 B.
821 133 1098 174 CYRILLI
1139 133 1516 175 ALEXANDR,
1749 131 1833 172 xiv.
1855 129 1919 173 28.

340 245 494 303 εἰπεῖν,
520 247 615 295 τοῖς
645 243 845 294 Παύλου
870 248 1101 308 μαθηταῖς
1127 244 1180 294 τὸ
1216 245 1340 313 αὐτῷ
1376 248 1582 295 συνεῖναι
1618 240 1693 293 διὰ
1727 238 1920 294 παντός·

116 318 200 349 Phil.
218 319 239 352 i„

119 371 166 401 25-
341 322 471 373 ἀλλὰ
511 330 719 389 κρεῖττον
758 331 822 394 τῷ
863 326 1045 395 Παύλῳ
1073 326 1172 377 ι(τὸ
1212 329 1449 377 ἀναλῦσαι
1489 329 1563 377 καὶ
1602 323 1694 375 σὺν
1722 326 1924 392 Χριστῷ

339 413 366 434 “
392 404 544 465 εἶναι,”
587 407 797 473 καθάπερ
849 407 986 461 αὐτὸς
1032 409 1404 469 διεβεβαιώσατο
1455 407 1670 476 γράφων.
1740 405 1798 470 ἧν
1842 406 1924 456 οὖν

337 489 475 554 ἔργον
507 495 602 543 τοῖς
643 492 835 555 ἀγαπᾶν
867 491 1104 553 ἑλομένοις
1142 491 1297 553 αὐτὸν,
1324 491 1377 542 τὸ
1412 496 1628 557 πληροῦν
1654 490 1924 555 ἐπείγεσθαι

336 571 422 634 τὴν
449 575 510 625 εἷς
543 572 684 621 αὐτὸν
712 572 971 637 ἀγάπησιν,
1000 575 1074 623 καὶ
1111 572 1175 637 μὴ
1211 573 1471 624 δύσοιστον
1496 575 1564 623 ἀεὶ
1597 576 1835 624 ποιεῖσθαι
1869 568 1964 621 τὸ5

337 655 491 706 αὐτοῖς
531 657 604 703 καὶ
639 652 783 716 μόνον
815 653 915 718 ἡδὺ,
946 659 1315 721 περιαθροῦντας
1352 654 1400 705 δὲ
1435 659 1627 717 μᾶλλον
1659 655 1734 704 καὶ
1768 651 1823 704 τὸ
1857 653 1924 720 τῷ

297 757 319 784 e
339 735 612 804 διδασκάλῳ
645 735 882 803 χρήσιμον
908 738 1227 801 ἀποδημοῦντι
1261 738 1538 805 συμφέρειν·
1580 736 1798 801 ἠπείγετο
1831 732 1925 800 γὰρ

337 822 545 867 συνεῖναι
577 821 792 887 Χριστῷ.

402 898 566 966 ’Έχεις
608 905 692 950 τοῦ
736 899 1038 967 θεωρήματος
1083 902 1131 951 ἐν
1173 905 1270 954 τοῖς
1313 902 1419 952 καθ’
1463 902 1583 965 ἡμᾶς
1633 898 1719 964 τὴν
1763 895 1918 948 σκιάν.

337 982 449 1051 φέρε
489 981 545 1046 δὴ
584 983 752 1044 τοίνυν,
788 987 882 1033 τῶν
917 984 991 1034 ἐπὶ
1031 986 1231 1052 Χριστῷ
1269 984 1544 1050 μυστηρίων
1581 981 1668 1046 τὴν
1707 980 1921 1043 δύναμιν,
1947 999 1995 1024 10

337 1064 548 1131 καθάπερ
572 1088 615 1115 τι
641 1069 809 1131 χρῶμα
834 1064 1078 1119 πολυειδὲς
1103 1070 1203 1119 ταῖς
1230 1071 1386 1119 σκιαῖς
1412 1065 1760 1133 ἐπαλείφοντες,
1782 1060 1927 1126 αὐτὴν

114 1158 213 1189 Ib-ii-
234 1157 263 1196 6,
338 1147 426 1211 ἤδη
453 1151 624 1214 σαφῶς
651 1147 952 1215 ἐπιδείξωμεν
979 1147 1065 1210 τὴν
1092 1147 1332 1211 ἀλήθειαν.
1388 1149 1436 1198 ἐν
1460 1150 1624 1214 μορφῇ
1651 1144 1744 1211 γὰρ
1771 1145 1921 1211 ὑπάρ-

117 1211 144 1242 7·
337 1252 436 1296 χων
462 1234 545 1279 τοῦ
578 1233 704 1279 Θεοῦ
743 1231 818 1279 καὶ
849 1228 1041 1296 Πατρὸς
1076 1230 1100 1279 ὁ
1136 1229 1429 1294 Μονογενὴς,
1457 1231 1531 1280 καὶ
1567 1230 1616 1279 ἐν
1646 1227 1830 1290 ἰσότητι
1867 1230 1926 1292 τῇ

336 1309 455 1361 κατὰ
497 1315 708 1374 Πνεῦμα,
751 1312 838 1378 οὐχ
877 1310 1133 1377 ἁρπαγμὸν
1170 1310 1388 1378 ἡγήσατο
1427 1310 1480 1362 τὸ
1520 1308 1634 1361 εἶναι
1671 1309 1756 1360 ’lo-a
1794 1311 1922 1377 Θεῷ,

339 1392 413 1443 διά
455 1416 504 1442 τε
544 1392 628 1456 τὴν
670 1397 732 1446 εἷς
778 1395 897 1457 ἡμᾶς
938 1394 1198 1459 ἀγάπησιν,
1240 1394 1488 1444 κεκένωκεν
1529 1390 1694 1443 ἑαυτὸν
1734 1390 1926 1459 μορφὴν
1948 1409 1994 1447 15

116 1487 263 1522 843A.
298 1474 512 1526 εδούλου
559 1475 741 1537 λαβὼν,
785 1477 859 1525 καὶ
906 1472 1086 1539 ὑπέστη
1129 1498 1183 1541 γε
1225 1481 1364 1526 τοῦτο
1408 1475 1588 1536 παθὼν,
1626 1473 1703 1524 ἵνα
1745 1471 1925 1526 πάντας

338 1559 458 1621 ἡμᾶς
485 1556 721 1625 ἀπευθύνῃ
748 1556 867 1623 πρὸς
891 1561 1057 1608 πᾶσαν
1083 1557 1262 1622 ε’ίδησιν
1288 1559 1467 1623 ἀρετῆς,
1494 1557 1570 1608 ἵνα
1607 1553 1683 1606 διὰ
1715 1558 1798 1620 τῆς
1832 1559 1927 1606 τῶν

337 1638 592 1703 θαυμάτων
615 1639 908 1705 ἀσυγκρίτου
935 1638 1249 1707 φαιδρότητος
1276 1638 1476 1705 θεωροὺς
1511 1638 1732 1705 γενέσθαι
1764 1661 1923 1703 παρα-

337 1721 554 1789 σκευάσῃ
581 1724 663 1784 τῆς
689 1721 887 1786 ἐνούσης
915 1725 973 1789 τῇ
1002 1723 1102 1790 θείᾳ
1137 1722 1281 1790 φύσει
1318 1719 1554 1783 δυνάμεώς
1588 1744 1638 1772 τε
1675 1723 1751 1771 καὶ
1786 1719 1928 1788 δόξης

338 1805 412 1854 καὶ
455 1805 720 1871 ὑπερφυοῦς
760 1803 994 1871 ἐξουσίας·
1044 1805 1165 1854 οὕτω
1205 1803 1299 1870 γὰρ
1337 1803 1395 1869 ἧν
1433 1805 1686 1854 ἀναπεῖσαι
1719 1801 1827 1856 τοῦς
1865 1804 1927 1855 εἷς
1946 1822 1998 1848 20

337 1886 547 1953 ἐσχάτην
586 1886 792 1949 ἀμαθίαν
831 1884 1162 1948 ὠλισθηκότας
1200 1887 1482 1953 ἀνασφῆλαι
1519 1885 1667 1936 πάλιν
1705 1889 1766 1938 εἷς
1811 1884 1928 1934 σύν-

338 1990 456 2030 εσιν,
496 1969 571 2018 καὶ
612 1972 897 2032 προσκυνεῖν
934 1967 1020 2030 μὲν
1059 1967 1210 2018 οὐκέτι
1252 1971 1309 2035 τῇ
1354 1967 1503 2017 κτίσει
1540 1965 1671 2033 παρὰ
1711 1966 1794 2017 τὸν
1823 1966 1922 2016 κτί-

340 2073 510 2112 σαντα,
545 2048 627 2100 τὸν
667 2049 715 2100 δὲ
756 2051 947 2113 ἀληθῶς
986 2050 1066 2099 ἕνα
1104 2052 1179 2100 καὶ
1220 2049 1364 2116 φύσει
1404 2047 1527 2100 Θεὸν
1565 2047 1927 2116 ἐπιγράφεσθαι.

295 2131 564 2200 ὒώφέλησε
604 2130 651 2182 δὲ
690 2133 767 2181 καὶ
804 2132 911 2181 καθ’
953 2130 1132 2197 ἑτερους
1176 2130 1377 2196 τρόπους
1421 2130 1542 2194 ἡμᾶς
1587 2131 1612 2180 ὁ
1654 2128 1929 2194 Μονογενὴς

342 2213 723 2279 ἐνανθρωπήσας·
779 2212 1074 2280 κατέστρεψε
1118 2211 1211 2278 γὰρ
1256 2217 1339 2262 τοῦ
1384 2210 1587 2262 θανάτου
1630 2209 1684 2261 τὸ
1735 2209 1923 2276 κράτος,
1948 2225 1998 2266 25

121 2303 245 2377 {11410-
342 2295 573 2346 κατέλυσε
610 2297 692 2357 τῆς
728 2295 956 2358 ἁμαρτίας
989 2292 1075 2357 τὴν
1108 2293 1316 2356 δύναμιν,
1349 2293 1546 2344 δέδωκεν
1576 2292 1686 2356 ἡμῖν
1712 2299 1739 2320 “
1764 2297 1929 2343 πατεῖν

149 2372 152 2375 .
193 2358 224 2387 9·
343 2385 370 2407 “
397 2376 552 2428 ἐπάνω
593 2375 748 2444 ὄφεων
782 2378 857 2425 καὶ
896 2376 1153 2441 σκορπίων,
1189 2377 1264 2425 καὶ
1301 2376 1376 2425 ἐπὶ
1414 2378 1579 2425 πᾶσαν
1613 2374 1699 2438 τὴν
1733 2373 1929 2437 δύναμιν

345 2467 372 2490 “
399 2465 480 2510 τοῦ
505 2458 715 2525 ἐχθροῦ.”
757 2456 813 2522 ἧν
840 2457 920 2507 οῦν
947 2456 1039 2523 ἄρα
1074 2459 1150 2507 καὶ
1182 2457 1291 2507 λίαν
1317 2454 1502 2509 εἰκότως
1529 2456 1638 2519 ἡμῖν
1663 2454 1748 2519 μὲν
1775 2456 1929 2508 αὐτοῖς

344 2567 372 2606 η
413 2565 485 2591 και
525 2545 620 2593 τοῖς
659 2540 808 2605 ἁγίοις
846 2543 1079 2603 μαθηταῖς
1118 2538 1204 2601 ἡδύ
1242 2561 1290 2589 τε
1330 2561 1404 2588 και
1445 2538 1604 2606 φίλον,
1640 2538 1716 2587 καὶ
1753 2536 1929 2589 παντὸς

345 2623 480 2691 ἄξιον
523 2621 687 2687 λόγου,
727 2644 782 2672 το
833 2625 1040 2671 συνεῖναι
1086 2619 1160 2671 διὰ
1204 2642 1381 2672 παντος
1426 2623 1492 2668 τῶ
1538 2618 1780 2669 τοσούτων
1820 2618 1929 2681 ἡμῖν
1949 2636 2037 2672 30

347 2707 540 2770 ἀγαθων
565 2706 722 2769 δοτηρι
753 2706 964 2771 Χριστῶ,
991 2700 1308 2768 συμπαρόντα
1343 2723 1392 2752 τε
1427 2703 1494 2751 ἀεὶ
1530 2701 1606 2751 καὶ
1644 2699 1927 2750 συνδιαιτώ-

397 2889 427 2924 7.
461 2881 630 2925 χρὴσιμον
656 2880 881 2923 (ἷποδημοῦντι
915 2879 1105 2924 συμφέρειν
1134 2877 1292 2924 ἠπείγετο
1324 2880 1390 2923 γὰρ
1420 2878 1461 2912 Ε.
1492 2878 1720 2922 ἀποδημοῦντι
1750 2876 1930 2922 συμφέρον

348 2928 543 2971 ἐπείγεσθαι
564 2927 628 2960 Ed.
743 2938 793 2968 14.
822 2925 975 2971 Πνεῦμα]
998 2925 1202 2970 Legendum
1222 2929 1276 2968 (ut
1294 2925 1389 2968 alibi)
1408 2927 1484 2959 πᾶν.
1600 2923 1653 2959 16.
1679 2924 1798 2958 παθεῖν
1820 2924 1857 2958 E.

2028 2865 2037 2998 :Q-..fflp-
