2037 3266
334 115 417 155 618
736 116 785 157 Β.
820 116 1096 157 CYRILLI
1139 115 1522 156 ALEXANDR.
1774 113 1857 153 xvi.
1879 121 1915 163 7.

333 223 627 289 πραγμάτων
670 225 970 290 τελουμέναις
1019 226 1299 288 οἰκονομίαις
1343 224 1590 292 χρησίμως
1634 222 1763 290 ἀνῄει
1801 218 1919 286 πρὸς

333 305 416 356 τὸν
457 305 662 372 Πατέρα.
713 309 790 357 καὶ
827 308 880 358 οὐ
919 306 1291 370 διαβεβλήσεται
1328 306 1412 367 μὲν
1450 308 1715 366 παντελῶς,
1760 305 1822 355 ὡς
1863 302 1917 351 οὐ

335 386 531 453 σφόδρα
568 387 815 441 λυσιτελὲς
855 387 908 439 τὸ
950 393 1265 453 συμπαρεῖναι
1307 393 1402 441 τοῖς
1443 390 1684 450 μαθηταῖς,
1720 383 1794 436 διὰ
1835 383 1921 446 τὴν

337 472 400 522 εἰς
427 469 625 535 ὕστερον
651 471 914 535 ἀναγκαίως
949 469 1203 534 γενομένην
1244 470 1523 532 ἀποδημίαν,
1550 470 1653 518 οὕτε
1692 467 1786 531 μὴν
1813 472 1916 516 λοι-

118 571 199 605 918
214 569 263 604 A.
299 550 651 616 αδορηθήσεται
690 551 809 602 κατά
845 574 889 602 τι
928 557 1043 617 γοῦν
1070 551 1194 604 ὅλως
1219 549 1274 601 τὸ
1301 552 1350 600 ἐκ
1381 553 1465 614 τῆς
1496 548 1759 613 ἀποδημίας
1798 546 1915 614 χρή·
1942 565 1964 604 5

340 654 498 694 σιμον,
525 631 600 682 διὰ
638 631 692 683 τὸ
731 634 780 683 ἐκ
818 638 900 684 τοῦ
939 637 1152 698 παρεῖναι
1191 632 1456 699 συμφέρον·
1509 629 1725 696 ἑκάτερον
1750 627 1843 695 γὰρ
1876 629 1924 677 ἐν

342 717 486 782 καιρῷ
511 713 735 780 πρέποντι
762 715 1008 782 χρησίμως
1036 712 1307 779 ἐπράττετο.
1352 714 1428 763 ἵνα
1454 713 1502 763 δὲ
1527 711 1610 763 τὸν
1635 717 1718 762 τοῦ
1745 709 1922 776 θεωρή-

341 818 489 858 ματος
540 801 649 846 νοῦν
692 794 850 863 βραχὺ
907 794 1333 862 παραπλώσαντες,
1383 794 1779 859 εὐσυνοπτότερον
1830 795 1925 844 τοῖς

342 878 568 943 ἀδελφοῖς
601 877 994 942 καταστήσωμεν,
1026 877 1139 944 φέρε
1176 876 1231 941 δὴ
1267 875 1480 942 λέγωμεν
1513 871 1927 940 ἀναμηρυσάμενοι

342 961 409 1026 τῷ
448 957 581 1027 λόγῳ
621 960 718 1010 κατ’
761 958 1016 1025 ἐπιδρομὴν
1054 962 1136 1022 τῆς
1174 958 1291 1021 μετὰ
1329 957 1506 1025 σαρκὸς
1546 957 1807 1019 οἰκονομίας
1845 959 1928 1005 τοῦ

346 1043 649 1105 Μονογενοῦς
692 1040 777 1105 τὴν
820 1040 1083 1108 πρόφασιν,
1126 1043 1199 1092 καὶ
1242 1038 1360 1106 πρὸς
1405 1039 1585 1092 τούτοις
1629 1039 1694 1088 ἔτι
1743 1037 1797 1087 τὸ
1847 1039 1928 1100 τῆς

345 1123 610 1185 ἀποδημίας
644 1120 902 1191 ὠφέλιμον.

411 1201 517 1254 Ἵνα
555 1205 711 1254 τοίνυν
743 1208 819 1255 καὶ
858 1208 1042 1272 φθορᾶς
1074 1206 1149 1254 καὶ
1189 1202 1394 1254 θανάτου
1433 1200 1695 1270 ἀπαλλάξῃ
1734 1199 1816 1251 τὸν
1855 1198 1930 1250 διὰ

301 1303 328 1343 b
347 1288 428 1349 τῆς
455 1287 652 1352 ἀρχαίας
679 1287 851 1350 ἐκείνης
883 1285 1272 1351 κατακεκριμένον
1296 1287 1425 1350 ἀρᾶς,
1452 1284 1644 1349 γέγονεν
1670 1283 1930 1349 ἄνθρωπος,

348 1366 513 1418 ἑαυτὸν
539 1366 704 1434 ὥσπερ
731 1370 957 1433 ἐγκαθιεῖς
994 1372 1051 1435 τῇ
1084 1366 1282 1435 ἡμετέρᾳ
1307 1366 1464 1434 φύσει,
1492 1365 1611 1430 ζωὴν
1637 1363 1756 1416 κατὰ
1783 1364 1932 1433 φύσιν

348 1448 635 1516 ὑπάρχοντα.
706 1450 935 1513 νενίκηται
981 1448 1075 1515 γὰρ
1119 1450 1240 1498 οὕτω
1279 1454 1362 1498 τοῦ
1405 1447 1608 1498 θανάτου
1651 1447 1706 1496 τὸ
1749 1446 1932 1512 κράτος,

348 1531 423 1580 καὶ
462 1529 658 1581 λε’λυται
694 1534 777 1595 τῆς
811 1533 859 1581 ἐν
885 1531 993 1593 ἡμῖν
1018 1530 1296 1581 ἐπεισάκτου
1330 1533 1512 1596 φθορᾶς
1537 1528 1565 1592 ἡ
1593 1527 1801 1590 δύναμις.
1857 1529 1932 1577 καὶ

349 1612 534 1677 ἐπείπερ
572 1615 654 1676 τῆς
687 1617 749 1666 εἰς
780 1612 1011 1678 ἁμαρτίαν
1041 1614 1189 1678 ῥοπῆς
1230 1611 1452 1676 ἐλευθέρα
1486 1613 1734 1663 παντελῶς
1771 1609 1798 1673 ἡ
1835 1609 1933 1660 θεία

350 1693 497 1761 φύσις
522 1696 639 1756 ἐστὶ,
664 1693 921 1763 πεφόρεκεν
948 1694 1066 1757 ἡμᾶς
1103 1691 1180 1743 διὰ
1214 1695 1296 1756 τῆς
1332 1693 1448 1746 ἰδίας
1484 1692 1677 1758 σαρκός“
1736 1693 1783 1742 ἐν
1810 1692 1935 1760 αὐτῷ

351 1773 444 1840 γὰρ
482 1773 597 1839 ἦμεν
629 1778 671 1825 οἱ
708 1776 891 1838 πάντες,
919 1775 1035 1825 καθὸ
1062 1774 1272 1841 πέφηνεν
1306 1773 1566 1838 ἅνθρωπος·
1619 1773 1694 1823 ἵνα
1721 1773 1934 1840 νεκρώσῃ

131 1866 199 1898 001.
218 1865 265 1896 iii.
352 1861 380 1883 ‘⁶
404 1855 464 1906 τὰ
500 1854 625 1921 μέλη
664 1856 723 1907 τὰ
754 1859 827 1908 ἐπὶ
858 1859 940 1920 τῆς
973 1857 1102 1921 γῆς,”
1131 1856 1360 1917 τουτέστι,
1388 1854 1447 1905 τὰ
1473 1857 1554 1918 τῆς
1580 1854 1758 1920 σαρκὸς
1792 1854 1934 1917 πάθη,

130 1919 290 1983 {lom-vii·
313 1940 428 1992 οκαῖ
466 1938 746 2006 καταργήσῃ
786 1941 868 2002 τῆς
907 1939 1136 2003 ἁμαρτίας
1177 1935 1320 1999 νόμον
1363 1936 1446 1987 τὸν
1486 1937 1534 1986 ἐν
1570 1941 1667 1989 τοῖς
1702 1934 1936 2000 ἡμετέροις

133 2005 181 2036 2³⁸
353 2018 523 2082 με’λεσι
561 2020 935 2086 τυραννήσαντα,
961 2022 1036 2070 καὶ
1068 2019 1186 2085 πρὸς
1221 2018 1371 2087 τούτῳ
1403 2019 1551 2069 πάλιν
1577 2018 1652 2068 ἵνα
1676 2016 1762 2081 τὴν
1788 2016 1937 2085 φύσιν

354 2102 485 2165 ἡμῶν
512 2100 705 2170 ἁγιάσῃ,
732 2104 807 2152 καὶ
833 2102 978 2155 τύπος
1004 2102 1136 2164 ἡμῶν
1163 2102 1237 2151 καὶ
1262 2099 1531 2166 καθηγητὴς
1564 2101 1727 2166 εὑρεθῇ
1762 2101 1843 2162 τῆς
1875 2101 1938 2150 εἷς

355 2183 599 2242 εὐσέβειαν
644 2185 768 2246 ὁδοῦ,
808 2181 991 2248 καθαρά
1027 2206 1074 2233 τε
1118 2182 1374 2246 ἐπίγνωσις
1415 2184 1497 2244 τῆς
1541 2181 1639 2231 κατ’
1681 2181 1937 2244 ἐπίγνωσιν

356 2265 578 2328 ἀληθείας
622 2267 697 2314 καὶ
739 2266 980 2317 ἀπλανοῦς
1019 2264 1270 2316 πολιτείας·
1330 2268 1478 2313 ταῦτα
1523 2262 1580 2325 δὴ
1627 2263 1707 2312 οῦν
1752 2259 1940 2312 ἅπαντα

356 2344 562 2410 γεγονὼς
601 2345 848 2411 ἄνθρωπος
887 2345 1192 2411 κατώρθωκεν
1220 2346 1244 2394 ὁ
1272 2342 1499 2409 Χριστός.
1557 2343 1647 2394 ἔδει
1684 2343 1839 2394 τοίνυν
1878 2345 1939 2394 εἱς

357 2425 594 2493 ἀκρότητα
632 2426 807 2480 παντὸς
850 2428 1031 2491 ἀγαθοῦ
1069 2424 1155 2489 τὴν
1194 2425 1445 2492 ἀνθρώπου
1486 2426 1636 2493 φύσιν
1671 2427 1938 2490 ἀναγαγεῖν,

359 2510 436 2559 καὶ
463 2509 566 2575 οὐχὶ
603 2507 747 2572 μόνον
772 2506 1052 2576 ἀπαλλάξαι
1088 2505 1293 2558 θανάτου
1330 2508 1405 2557 καὶ
1444 2506 1686 2572 ἁμαρτίας,
1713 2504 1823 2555 ἀλλ’
1850 2505 1939 2569 ἤδη

1951 981 1998 1006 10

1958 1807 2005 1831 20

317 2604 344 2643 d
363 2591 437 2640 καὶ
463 2593 526 2644 εἷς
551 2589 716 2643 αὐτοὺς
750 2587 1043 2650 ἀναβιβάσαι
1076 2588 1182 2642 τοὺς
1214 2587 1449 2654 οὐρανοὺς,
1483 2586 1750 2651 ὁμοδίαιτον
1781 2609 1829 2636 τε
1863 2587 1937 2636 καὶ
1959 2611 2010 2646 30

361 2670 687 2738 συγχορευτὴν
729 2671 952 2739 ἐπιδεῖξαι
1002 2675 1097 2724 τοῖς
1139 2670 1362 2735 ἀγγέλοις
1401 2669 1484 2718 τὸν
1530 2668 1798 2733 ἄνθρωπον·
1864 2667 1940 2717 καὶ

373 2906 381 2917 ‹
412 2871 445 2915 J.
461 2860 579 2940 guium
598 2859 704 2894 Cord.
989 2869 1042 2902 23.
1068 2859 1134 2900 πρὸ
1155 2858 1195 2892 E.
1506 2867 1561 2898 24.
1587 2856 1678 2899 ἡμῶν
1696 2856 1753 2889 alt.
1773 2855 1814 2889 E.
1834 2853 1941 2888 Cord.

367 2921 442 2949 ημιν
474 2914 504 2940 ⁴(
519 2933 525 2940 .
