1971 3272
123 138 204 179 viii.
223 151 289 191 52.
500 138 571 177 IN
616 138 657 177 S.
693 137 1030 178 JOANNEM.
1097 136 1154 176 LI
1173 138 1219 176 B.
1247 136 1320 175 Vl.
1630 134 1707 172 117

121 244 186 296 ὧν
221 244 463 312 εἰρήκασιν
495 248 555 298 ὡς
595 244 651 309 ἦν
686 247 713 309 ἡ
753 245 952 309 ἀλήθεια
982 282 1705 297 ...................

124 369 817 379 ..................
859 332 933 377 καὶ
973 326 1154 390 ἀληθὴς
1201 328 1225 376 ὁ
1266 324 1515 392 προφήτης
1553 323 1746 387 λε’γωνο

123 407 284 459 ““O‘n
320 411 487 460 εὐθεῖαι
522 413 568 460 αἱ
605 411 701 460 ὁδοὶ
738 415 821 460 τοῦ
859 409 1050 475 Κυρίου,
1084 413 1158 459 καὶ
1194 409 1360 459 δίκαιοι
1394 406 1708 472 πορεύσονται
1770 406 1929 490 {yffi-’‘³‘'-

124 498 150 520 “
176 494 224 542 ἐν
250 493 424 545 αὐταῖς·
467 495 508 542 οἱ
545 491 592 542 δὲ
629 494 818 552 ἀσεβεῖς
853 491 1209 555 ἀσθενήσουσιν
1237 492 1284 540 ἐν
1312 488 1515 542 αὐταῖς.”
1558 511 1702 538 κατα-

82 586 103 624 5
123 575 326 639 πλαγείη
360 575 402 624 δ’
432 574 490 625 ὀίν
515 597 585 628 τις
611 573 696 638 τὴν
723 573 1015 640 ἀσύγκριτον
1041 574 1194 624 αὐτῶν
1220 574 1307 622 κάν
1333 571 1483 639 τούτῳ
1518 570 1704 633 μανίαν.

124 656 374 718 δαιμονίων
413 658 487 707 καὶ
526 660 746 722 πονηρῶν
779 655 1058 718 πνευμάτων
1095 656 1177 704 οὐκ
1217 653 1524 719 εὐαρίθμητον
1561 652 1710 719 ὄχλον

123 741 208 806 μιᾷ
244 743 327 788 τοῦ
368 741 588 804 Σωτῆρος
629 742 764 806 φωνῇ
804 737 1177 802 συντριβόμενον
1212 735 1483 797 βλέποντες,
1517 737 1591 785 καὶ
1623 735 1711 801 οὐχ

124 821 287 870 ἑκόντα
338 825 432 871 τῶν
477 823 525 871 ἐν
568 819 635 873 οῖς
686 819 812 884 ἦσαν
856 818 1189 888 ἐξωθούμενον,
1236 819 1289 868 οὐ
1335 816 1709 885 καταφρίττουσι

126 901 364 966 δαιμόνιον
389 902 510 970 ἔχειν
537 902 757 968 λε’γοντες
784 902 939 963 αὐτὸν,
967 902 1115 952 καίτοι
1144 900 1218 950 διὰ
1249 904 1500 965 λογισμῶν
1526 905 1746 964 πληρο-ἱῑ
1782 908 1864 942 575
1879 907 1932 941 A·

61 1002 108 1027 10
127 985 409 1052 φορηθέντες
448 985 727 1048 ἀναγκαίων,
763 985 824 1036 ὡς
864 984 947 1033 οὐκ
987 982 1044 1033 ἂν
1080 984 1104 1033 ὁ
1139 986 1354 1034 Σατανᾶς
1393 978 1588 1041 ἐκβάλοι
1627 978 1709 1030 τὸν

129 1069 361 1118 Σατανᾶν.
410 1073 436 1095 “
460 1070 608 1117 Πᾶσα
646 1065 738 1132 γὰρ
776 1066 1017 1127 βασιλεία,
1052 1067 1204 1134 φησιν
1244 1065 1269 1114 ὁ
1308 1061 1536 1128 Χριστὸς,
1572 1085 1705 1127 μερι-
1769 1057 1930 1140 ΞῑῗῙζὲὼ

127 1155 154 1176 “
181 1153 354 1199 σθεῖσα
387 1150 490 1200 καθ’
519 1147 686 1212 ἑαυτὴν
712 1150 976 1215 ἐρημοῦται·
1031 1149 1108 1197 καὶ
1139 1151 1277 1197 πᾶσα
1307 1146 1426 1196 οἰκία
1463 1147 1536 1194 καὶ
1570 1143 1711 1198 πόλις
1775 1144 1824 1175 ²⁶·

129 1236 154 1260 ‘⁶
180 1235 462 1295 μερισθεῖσα
489 1230 595 1281 καθ’
625 1228 792 1293 ἑαυτὴν
819 1231 1083 1296 ἐρημοῦται.
1136 1231 1212 1279 καὶ
1247 1232 1283 1279 εἰ
1319 1229 1343 1278 ὁ
1380 1231 1594 1279 Σατανᾶς
1629 1225 1712 1277 τὸν

127 1320 155 1341 “
182 1317 402 1364 Σατανᾶν
427 1313 668 1375 ἐκβάλλει,
697 1314 768 1382 ἐφ’
797 1311 962 1362 ἑαυτὸν
988 1311 1230 1377 ἐμερίσθη·
1273 1314 1373 1363 πῶς
1408 1310 1489 1360 οὖν
1521 1308 1708 1372 σταθή-

62 1408 109 1446 15
129 1401 156 1424 ‘⁶
181 1418 314 1446 σεται
350 1396 377 1459 ἡ
412 1395 640 1456 βασιλεία
675 1395 816 1445 αὐτοῦ
839 1395 881 1456 ;”
924 1392 1023 1444 ἰδοὺ
1057 1393 1212 1444 τοίνυν
1237 1394 1332 1458 ἐρεῖ
1359 1415 1441 1453 τις,
1470 1393 1544 1442 καὶ
1579 1389 1712 1454 μάλα

1772 1468 1866 1498 Hier.
1878 1478 1908 1499 v.

128 1477 313 1531 εἰκότως
342 1485 368 1506 “
390 1478 518 1531 Λαὸς
544 1476 690 1531 ὅντως
724 1476 881 1543 μωρὸς
914 1479 988 1526 καὶ
1023 1475 1254 1541 ἀκάρδιος,
1283 1475 1528 1541 ὀφθαλμοὶ
1557 1474 1710 1526 αὐτοῖς
1775 1521 1825 1542 ΖΙ.

127 1566 156 1588 “
180 1562 256 1610 καὶ
295 1561 349 1610 οὐ
386 1561 667 1621 βλέπουσιν,
698 1557 795 1609 ὦτα
835 1559 989 1612 αὐτοῖς
1028 1560 1103 1608 καὶ
1143 1558 1226 1607 οὐκ
1264 1556 1562 1607 ἀκούουσιν.”
1606 1556 1711 1605 οὔτε

126 1641 219 1707 γὰρ
246 1640 378 1711 λόγῳ
406 1644 480 1692 καὶ
509 1642 836 1694 διδασκαλίαις
862 1641 1184 1704 μετατίθενται
1209 1638 1329 1705 πρὸς
1363 1638 1416 1689 τὸ
1449 1636 1625 1689 ἐθέλειν
1652 1637 1709 1687 τὰ
1730 1643 1757 1684 b

127 1725 299 1787 ἀμείνω
326 1728 529 1792 φρονεῖν,
557 1724 662 1774 οὔτε
688 1727 784 1777 τοῖς
817 1726 899 1786 τῆς
936 1722 1140 1776 διανοίας
1166 1720 1349 1785 ὄμμασι
1375 1719 1461 1785 τὴν
1490 1718 1713 1771 ἁπάντων

64 1826 112 1850 20
127 1807 358 1866 βασιλίδα
391 1805 736 1869 καταθεώμενοι
763 1804 926 1873 φύσιν,
954 1809 1054 1857 ταῖς
1089 1808 1151 1858 εἱς
1186 1803 1374 1866 ἀτιμίαν
1400 1804 1709 1869 ὑπερβολαῖς,

129 1887 339 1953 καθάπερ
366 1890 465 1938 τισὶ
492 1888 654 1949 λίθοις,
678 1889 1134 1955 κατασφενδονῶσιν
1160 1885 1319 1950 αὐτὴν,
1339 1889 1532 1949 μᾶλλον
1555 1884 1602 1935 δὲ
1629 1882 1715 1948 τὴν

129 1971 248 2020 ἰδίαν
275 1970 474 2023 ἕκαστος
500 1967 677 2037 ψυχήν.

124 2097 320 2154 Ἀβραὰμ
368 2097 558 2138 ἀπέθανε
609 2096 677 2137 καὶ
726 2095 764 2137 οἱ
813 2101 1034 2153 Προφῆται
1082 2096 1315 2146 ἀπέθανον,
1360 2095 1428 2135 καὶ
1478 2094 1525 2135 σὺ
1576 2094 1715 2142 >affl-etc

190 2179 298 2221 Ἐάν
328 2196 391 2221 τις
427 2180 499 2223 τὸν
531 2180 657 2228 λόΓον
687 2194 767 2229 μου
807 2180 985 2239 τΗρήῡῌ,
1013 2181 1196 2221 θάνατον
1235 2179 1282 2221 οὐ
1321 2178 1376 2228 μή
1420 2179 1618 2226 sebon-{Tm
1655 2175 1716 2218 εἰς

66 2272 113 2311 25
197 2262 270 2305 τὸν
308 2261 458 2305 αἰῶνα.

144 2386 148 2394 “
197 2365 317 2418 ΓΌτε
343 2369 425 2430 τῆς
452 2367 568 2421 ἰδίας
594 2366 997 2435 καταψευδόμενοι
1023 2369 1236 2435 κεφαλῆς
1262 2370 1304 2416 οἱ
1330 2364 1599 2427 πάντολμοι
1623 2367 1718 2414 τῶν
1737 2385 1759 2412 ο

131 2448 369 2499 Ἰουδαίων
396 2451 548 2512 δῆμοι,
575 2448 629 2499 τό
658 2450 918 2512 Δαιμόνιον
943 2448 1061 2515 ε”χεις
1087 2452 1153 2517 τῷ
1181 2448 1372 2513 Σωτῆρί
1395 2452 1562 2515 φασιν,
1589 2443 1720 2495 οὐδὲν

132 2530 287 2597 ἕτερον
315 2532 584 2594 ὑποδηλοῦν
611 2529 872 2593 ἐθέλουσιν,
898 2529 926 2595 ἢ
963 2531 1034 2581 ὅτι
1072 2529 1195 2581 Θεὸν
1226 2528 1430 2580 σεαυτὸν
1461 2533 1627 2589 ποιεῖς,
1657 2528 1718 2579 ὡς

185 2676 214 2698 1.
241 2664 285 2699 ὡς·
309 2679 382 2706 ηνιιι
407 2663 548 2707 ἀλήθεια
575 2664 616 2698 Β.
642 2664 686 2698 ὧς
710 2662 750 2706 ἧν
774 2663 792 2706 ἡ
818 2663 960 2707 ἀλήθεια
988 2663 1106 2697 Holst.
1135 2662 1202 2696 Ed.
1265 2662 1356 2695 “An
1383 2662 1426 2696 ὡς
1452 2658 1534 2694 εἶναι
1559 2659 1666 2703 ἀληθῆ
1681 2659 1717 2692 ?”

137 2709 266 2755 Heyse.
318 2710 443 2744 Statim
459 2725 503 2754 χν
521 2711 573 2753 (=
592 2711 752 2754 χριστὸν)
772 2709 830 2743 οὖν
847 2710 911 2753 ἄρα
929 2712 999 2744 τοῖς
1016 2710 1176 2744 ἷουδαίοις
1193 2710 1246 2742 καὶ
1263 2710 1333 2743 τοῖς
1351 2709 1472 2749 σώζειν
1493 2706 1633 2751 [σώζην.
1660 2706 1719 2739 An

134 2768 198 2800 pro
217 2758 321 2800 συζῆν
333 2756 363 2801 ?]
382 2758 557 2802 πεφυκόσι
577 2756 619 2790 Β.
671 2756 771 2793 Quae
789 2768 870 2790 cum
894 2756 1079 2790 emendare
1102 2767 1173 2788 non
1197 2755 1343 2799 possim,
1362 2755 1522 2787 lacunam
1543 2765 1625 2786 cum
1643 2753 1719 2787 Au-

134 2803 233 2837 berto
250 2803 387 2848 reliqui.
529 2814 563 2846 9.
589 2802 696 2847 ἕχειν]
721 2806 758 2842 -ὶ-
779 2817 815 2835 τε
835 2803 878 2836 Β.
1017 2813 1070 2836 10.
1096 2802 1236 2842 ἐκβάλοι
1254 2813 1318 2835 a.c.
1339 2799 1447 2834 Cord.
1465 2800 1632 2840 ἐκβάλλω
1650 2799 1719 2834 Ed.

139 2860 192 2883 12.
220 2850 339 2893 ἑαυτὴν
358 2850 434 2884 B.C.
454 2849 561 2883 Cord.
583 2849 645 2882 Ht.
663 2849 783 2891 ἑαυτῆς
800 2849 896 2882 Aub.
1123 2859 1176 2892 13.
1202 2847 1322 2890 ἑαυτὴν
1343 2847 1383 2881 Β.
1406 2847 1468 2880 Ht.
1487 2847 1606 2889 ἑαυτῆς
1624 2845 1720 2880 Aub.

139 2896 192 2929 18.
222 2896 473 2941 Legendumne
491 2895 767 2940 μετατιθέμενοιὲ
926 2905 981 2937 24.
1009 2894 1154 2929 θάνατον
1171 2895 1210 2928 οὐ
1226 2895 1271 2938 μὴ
1288 2893 1454 2939 γεύσηται
1473 2893 1515 2927 Β.
1537 2893 1600 2927 Ht.
1620 2893 1659 2926 οὐ
1675 2892 1720 2936 μὴ

135 2941 298 2987 γεύσηται
316 2943 460 2978 θανάτου
480 2942 574 2978 Aub.
718 2942 774 2977 28.
800 2942 844 2977 ὡς
863 2941 906 2976 Β.
925 2940 961 2977 ὃς
981 2941 1044 2976 Ht.
1064 2940 1131 2975 Ed.
