1971 3272
145 144 313 202 viii-53·
522 154 595 194 IN
639 158 679 196 s,
715 158 1051 202 JOANNHM.
1119 165 1240 205 mn.
1271 168 1343 207 Π.
1651 174 1728 211 110

143 256 472 323 ὑπερτερῆσειν
524 264 795 329 ὑπολαβὼν,
843 273 942 322 πῶς
993 272 1075 321 οὐκ
1126 272 1435 339 ἀπόπληκτος
1485 279 1722 344 ε’ναργῶς;

140 335 312 388 οἴονται
355 340 447 407 γὰρ
492 344 541 394 ἐκ
587 351 778 411 πολλῆς
823 351 1038 415 ἀμαθίας,
1078 353 1224 416 μόνον
1262 355 1344 407 τὸν
1382 365 1465 409 τοῦ
1503 361 1726 424 σώματος
1746 373 1770 412 b

138 415 340 471 θάνατον
383 429 692 491 παραδηλοῦν
742 432 790 480 ἐν
841 432 1023 487 τούτοις
1069 434 1152 486 τὸν
1196 437 1385 504 Κύριον,
1432 444 1507 492 καὶ
1558 443 1610 493 τὸ
1660 446 1725 508 μὴ

136 500 352 553 τεθνάναι
387 510 529 572 σαρκὶ
569 514 663 563 τοῖς
702 512 828 581 αὐτῷ
865 516 1155 578 πειθομένοις
1194 523 1652 588 κατεπαγγέλεσθαι,
1688 530 1725 576 εἰ

95 584 210 634 5καὶ
264 583 334 635 ὅτι
384 587 599 649 μάλιστα
652 593 922 661 σωφρόνων
968 596 1025 661 ἧν
1069 599 1210 665 ἔργον
1255 603 1425 654 ἐννοεῖν
1477 608 1538 660 ὡς
1591 606 1725 658 οὐδὲν

136 665 425 730 ἀποθνήσκει
464 676 529 741 τῷ
568 677 687 743 Θεῷ,
728 674 814 726 κᾶν
852 679 1068 748 ἀποθάνῃ
1104 682 1489 749 ζωοποιούμενον.
1552 693 1589 739 εἰ
1630 690 1723 757 γὰρ

135 745 185 796 ἐκ
219 754 302 798 τοῦ
335 749 401 814 μὴ
436 752 569 808 ὄντος
607 760 670 809 εἷς
704 757 757 808 τὸ
794 757 908 810 εἶναι
944 765 1233 832 παρηνέχθη,
1259 772 1360 821 πῶς
1394 770 1496 837 οὐχὶ
1530 776 1722 835 μᾶλλον

133 830 424 898 ἑτοιμότερόν
450 858 497 886 τε
523 839 598 888 καὶ
624 839 958 908 εὐπετέστερον
983 843 1037 895 τὸ
1065 847 1153 910 ἤδη
1180 851 1467 918 παρενεχθὲν
1494 855 1538 906 ἐς
1564 853 1618 905 τὸ
1646 858 1721 906 καὶ

132 914 339 968 εἰσαῦθις
371 915 484 968 εἶναι
509 920 815 986 κληθήσεται,
842 924 929 975 κᾶν
954 928 1114 995 βραχύ
1138 953 1182 980 τι
1209 939 1373 983 νοοῦσι
1401 937 1721 988 κατευνασθέν

66 1014 112 1039 10
131 994 185 1043 δι’
204 998 494 1061 οὶκονομίαν;
525 1003 608 1053 οὐκ
635 1004 805 1059 εἰδότες
830 1015 1083 1075 τοιγαροῦν
1103 1017 1185 1062 τοῦ
1214 1017 1435 1081 Σωτῆρος
1461 1016 1547 1082 τὴν
1574 1019 1719 1088 δόξαν
1738 1039 1759 1066 0

128 1075 342 1130 Ἰουδαῖοι
368 1085 837 1151 κατασοβαρεύονταί
864 1113 965 1144 πως
996 1096 1091 1143 τῶν
1117 1095 1228 1160 παρ’
1257 1097 1402 1149 αὐτοῦ
1430 1098 1612 1165 λόγων,
1644 1105 1720 1152 καὶ

127 1160 421 1221 δαιμονῶντα
464 1173 711 1231 καλοῦσιν,
752 1171 814 1224 ὡς
860 1174 935 1222 καὶ
979 1172 1045 1224 ὧν
1085 1176 1167 1226 οὐκ
1207 1177 1456 1243 εἴργασται
1497 1183 1621 1237 Θεὸς
1660 1184 1720 1235 τὰ

126 1241 263 1307 μείζω
295 1251 440 1297 ποιεῖν
469 1249 861 1317 ὑπισχνούμενον,
893 1257 968 1306 καὶ
1003 1255 1122 1322 πρὸς
1157 1259 1398 1330 ἀπόδειξιν
1424 1266 1506 1328 τῆς
1541 1266 1719 1316 ἑαυτῶν

127 1328 453 1393 συκοφαντίας
488 1329 570 1381 τόν
595 1355 643 1383 τε
681 1340 765 1385 τοῦ
789 1336 1015 1403 Ἀβραὰμ
1051 1342 1125 1390 καὶ
1160 1345 1255 1391 τῶν
1283 1344 1429 1408 ἁγίων
1454 1351 1717 1414 προφητῶν

60 1419 107 1458 Ῑ5
125 1409 500 1476 παρακομίζουσι
535 1413 752 1478 θάνατον,
780 1416 857 1468 διά
882 1442 952 1469 τοι
988 1421 1156 1472 τούτου
1191 1424 1404 1492 ἐλέγχειν
1431 1427 1606 1479 οἴονται
1633 1429 1717 1481 τὸν

124 1489 340 1552 Χριστὸν
374 1494 435 1546 ὡς
470 1497 681 1557 ματαίοις
715 1497 799 1561 μὲν
825 1501 1203 1570 ἐπικομπάζοντα
1240 1506 1417 1572 λόγοις,
1446 1513 1630 1575 διηνεκῆ
1666 1512 1715 1563 δὲ

122 1567 208 1631 τὴν
233 1569 353 1636 ζωὴν
378 1579 473 1629 τοῖς
507 1578 807 1644 φυλάττουσι
843 1581 926 1633 τὸν
958 1584 1108 1650 λόγον
1140 1588 1285 1639 αὐτοῦ
1321 1591 1493 1642 δώσειν
1529 1594 1706 1661 ὑπισχ-

124 1651 359 1717 νούμενον,
386 1660 696 1722 παραλύοντα
735 1663 789 1713 δέ
820 1687 920 1718 πως
957 1670 1033 1717 καὶ
1066 1666 1152 1732 τὴν
1185 1677 1268 1722 τοῦ
1304 1675 1430 1724 Θεοῦ
1466 1674 1626 1744 δόξαν,
1652 1677 1707 1727 δι’
1729 1681 1757 1722 d

123 1729 189 1783 ὧν
215 1734 272 1785 τὰ
298 1738 435 1805 μείζω
463 1741 633 1793 δώσειν
660 1745 815 1799 αὐτοῖς
841 1748 1080 1814 ὁμολογεῖ.

54 1901 103 1927 20
142 1892 215 1935 Mu&
257 1896 304 1938 σὺ
342 1899 494 1957 μείζων
532 1898 571 1943 εἶ
606 1908 680 1945 τοῦ
719 1907 883 1964 Πατρὸε
921 1910 1043 1958 ἡμῶν
1075 1911 1286 1969 Ἀβραὰμ,
1321 1916 1436 1958 ὅστις
1474 1917 1690 1971 ἀπέθανε;
1730 1932 1778 1971 53

576 1987 644 2027 καὶ
682 1987 720 2030 οἱ
758 1997 977 2047 Προφῇται
1016 1993 1248 2038 ἀπέθανον.

193 2092 601 2161 Ἐπεσκιασμένος
640 2103 727 2152 κάν
765 2103 915 2174 τούτῳ
956 2110 1051 2157 τῶν
1089 2108 1328 2160 Ἰουδαίων
1368 2112 1393 2162 ὁ
1432 2111 1591 2178 λόγος,
1632 2117 1708 2166 καὶ

116 2177 312 2235 βαθεῖαν
345 2178 494 2248 ἑαυτῷ
534 2180 620 2245 τὴν
654 2184 861 2237 διάνοιαν
893 2188 1071 2239 ὠδίνων
1110 2192 1289 2257 ὁρᾶται.
1346 2195 1394 2244 τί
1428 2194 1522 2262 γὰρ
1559 2196 1708 2248 πάλιν

119 2257 167 2306 ἐν
206 2256 356 2328 τούτῳ
401 2264 553 2328 φασὶν
598 2266 981 2334 άνθρωποπρεπῆ
1026 2270 1112 2333 μὲν
1152 2274 1431 2339 ἐννοοῦντες,
1469 2277 1615 2343 πικρὰ
1659 2279 1703 2329 δ’

49 2348 98 2387 25
117 2339 198 2388 οὖν
228 2339 354 2403 ὅμως
387 2343 507 2393 κατά
540 2367 594 2410 γε
629 2346 712 2397 τὸν
745 2350 794 2399 ἐν
831 2351 1011 2406 ἑαυτοῖς
1049 2352 1162 2404 ὄντα
1197 2357 1418 2421 σκοπόν;
1477 2359 1574 2410 ἰδοὺ
1613 2360 1706 2428 γὰρ

116 2421 264 2471 καίτοι
336 2427 460 2492 φασὶ
531 2425 614 2478 τὸν
678 2433 803 2481 θεῖον
864 2432 1159 2499 τηρήσαντες
1222 2437 1387 2504 λόγον,
1451 2441 1706 2493 τεθνάασιν
1726 2469 1747 2495 e

114 2500 339 2569 “Αβραάμ
377 2528 427 2557 τε
466 2509 541 2558 καὶ
580 2513 622 2560 οἱ
661 2516 917 2580 προφῆται,
950 2517 1062 2566 ἀλλ’
1095 2518 1366 2583 ἠκούσαμεν
1405 2523 1575 2588 ἀρτίως
1614 2547 1705 2574 σου

113 2581 172 2633 τὰ
222 2586 360 2652 μείζω
408 2591 534 2639 τισὶν
579 2593 1010 2659 ἐπαγγελλομένου.
1083 2599 1140 2648 δι’
1180 2598 1245 2650 ὧν
1291 2601 1385 2668 γὰρ
1433 2605 1532 2654 οὐδ’
1580 2605 1705 2659 ὅλως

163 2734 192 2757 1.
219 2724 303 2770 ὑπὲρ
322 2725 465 2770 τήρησιν
483 2728 526 2763 Β.
547 2729 665 2766 Holst.
683 2732 882 2768 emendavit
899 2735 996 2769 Aub.
1093 2750 1126 2779 4.
1152 2737 1242 2784 αὐτῷ
1263 2740 1426 2774 emendat
1447 2742 1577 2787 Heyse.
1593 2744 1703 2779 αὐτῶν

113 2768 156 2803 Β.
174 2770 276 2805 αὐτὸν
292 2772 354 2806 Ht.
369 2773 414 2809 εἷς
431 2775 533 2809 αὐτὸν
551 2776 646 2810 Aub.
704 2790 737 2823 9.
757 2779 909 2814 τίνουσιν
925 2781 967 2815 Β.
986 2781 1051 2816 Ht.
1069 2797 1101 2816 τι
1120 2786 1239 2819 νοοῦσι
1257 2787 1457 2822 emendavit
1470 2789 1525 2831 (ut
1543 2789 1701 2836 adnotat)

112 2815 293 2852 Aubertus
320 2820 415 2864 quod
441 2822 568 2856 retinui
594 2835 703 2868 quum
731 2826 855 2860 melius
882 2827 1068 2862 emendare
1094 2841 1166 2863 non
1192 2843 1352 2875 possum.
1376 2848 1407 2867 τι
1434 2834 1536 2879 νεύσῃ
1562 2838 1702 2882 conjicit

114 2861 244 2908 Heyse.
379 2878 434 2909 14.
458 2871 647 2914 προφητῶν
664 2882 734 2905 om.
752 2872 847 2906 Aub.
982 2874 1038 2908 26.
1065 2876 1248 2911 τεθνάασιν
1266 2878 1308 2913 Β.
1327 2879 1530 2924 τεθνήκασιν
1550 2883 1613 2917 Ht.
1635 2885 1701 2919 Ed.

112 2915 146 2988 Ξῖ
165 2909 198 2961 (ᾳ
216 2910 338 2992 Sg.)ba.
493 2924 548 2960 27.
576 2916 985 2963 οὐ-ἐπαγγελλομένους
1004 2921 1046 2956 Β.
1068 2921 1132 2956 Ht.
1151 2925 1566 2972 σου-ἐπαγγελλομένου
1583 2942 1701 2965 elnen-

138 2962 209 2990 aV1t
260 2970 283 2992 u
313 2985 320 2993 .
