<?xml version="1.0" encoding="UTF-8"?>
<!DOCTYPE html PUBLIC "-//W3C//DTD XHTML 1.0 Transitional//EN"
    "http://www.w3.org/TR/xhtml1/DTD/xhtml1-transitional.dtd">
<html xmlns="http://www.w3.org/1999/xhtml" xml:lang="en" lang="en">
 <head>
  <title>
</title>
<meta http-equiv="Content-Type" content="text/html;charset=utf-8" />
  <meta name='ocr-system' content='tesseract 3.04.00' />
  <meta name='ocr-capabilities' content='ocr_page ocr_carea ocr_par ocr_line ocrx_word'/>
</head>
<body>
  <div class='ocr_page' id='page_1' title='image "./operacyrilli04cyriuoft/operacyrilli04cyriuoft_0175.png"; bbox 0 0 1971 3272; ppageno 0'>
   <div class='ocr_carea' id='block_1_1' title="bbox 105 114 1689 170">
    <p class='ocr_par' dir='ltr' id='par_1_1' title="bbox 105 114 1689 170">
     <span class='ocr_line' id='line_1_1' title="bbox 105 114 1689 170; baseline 0.002 -15"><span class='ocrx_word' id='word_1_1' title='bbox 105 114 334 170; x_wconf 80' lang='lat' dir='ltr'>ix.13‚14.</span> <span class='ocrx_word' id='word_1_2' title='bbox 396 117 468 158; x_wconf 95' lang='lat' dir='ltr'>IN</span> <span class='ocrx_word' id='word_1_3' title='bbox 511 117 554 158; x_wconf 90' lang='lat' dir='ltr'>S.</span> <span class='ocrx_word' id='word_1_4' title='bbox 588 117 924 158; x_wconf 67' lang='grc' dir='ltr'>ιῙΟΛΝΝΕΜ.</span> <span class='ocrx_word' id='word_1_5' title='bbox 991 117 1113 158; x_wconf 78' lang='lat' dir='ltr'>LIB.</span> <span class='ocrx_word' id='word_1_6' title='bbox 1139 119 1216 158; x_wconf 79' lang='lat' dir='ltr'>vl.</span> <span class='ocrx_word' id='word_1_7' title='bbox 1279 120 1413 158; x_wconf 72' lang='lat' dir='ltr'><strong>CAP.</strong></span> <span class='ocrx_word' id='word_1_8' title='bbox 1448 119 1481 158; x_wconf 83' lang='lat'>1.</span> <span class='ocrx_word' id='word_1_9' title='bbox 1611 120 1689 158; x_wconf 69' lang='lat'>103</span> 
     </span>
    </p>
   </div>
   <div class='ocr_carea' id='block_1_2' title="bbox 38 224 1916 2666">
    <p class='ocr_par' dir='ltr' id='par_1_2' title="bbox 102 224 1737 541">
     <span class='ocr_line' id='line_1_2' title="bbox 102 224 1690 294; baseline 0 -20"><span class='ocrx_word' id='word_1_10' title='bbox 102 247 225 288; x_wconf 90' lang='grc' dir='ltr'>μητο</span> <span class='ocrx_word' id='word_1_11' title='bbox 267 224 321 275; x_wconf 86' lang='grc' dir='ltr'>τὸ</span> <span class='ocrx_word' id='word_1_12' title='bbox 372 225 662 294; x_wconf 77' lang='grc' dir='ltr'>παράδοξον,</span> <span class='ocrx_word' id='word_1_13' title='bbox 708 227 825 289; x_wconf 87' lang='grc' dir='ltr'>ὁμοῦ</span> <span class='ocrx_word' id='word_1_14' title='bbox 877 226 932 276; x_wconf 79' lang='grc' dir='ltr'>δέ</span> <span class='ocrx_word' id='word_1_15' title='bbox 978 249 1021 276; x_wconf 95' lang='grc' dir='ltr'>τι</span> <span class='ocrx_word' id='word_1_16' title='bbox 1073 228 1149 276; x_wconf 80' lang='grc' dir='ltr'>καὶ</span> <span class='ocrx_word' id='word_1_17' title='bbox 1201 230 1461 292; x_wconf 79' lang='grc' dir='ltr'>κατορθοῦν</span> <span class='ocrx_word' id='word_1_18' title='bbox 1514 225 1690 275; x_wconf 73' lang='grc' dir='ltr'>οἴονται</span> 
     </span>
     <span class='ocr_line' id='line_1_3' title="bbox 102 307 1691 376; baseline 0.001 -21"><span class='ocrx_word' id='word_1_19' title='bbox 102 313 364 357; x_wconf 88' lang='grc' dir='ltr'>συντελοῦν</span> <span class='ocrx_word' id='word_1_20' title='bbox 409 309 565 360; x_wconf 82' lang='grc' dir='ltr'>αὐτοῖς</span> <span class='ocrx_word' id='word_1_21' title='bbox 617 312 678 360; x_wconf 83' lang='grc' dir='ltr'>εἷς</span> <span class='ocrx_word' id='word_1_22' title='bbox 730 309 971 368; x_wconf 78' lang='grc' dir='ltr'>εὐσεβείας</span> <span class='ocrx_word' id='word_1_23' title='bbox 1024 307 1270 376; x_wconf 77' lang='grc' dir='ltr'>ὑπόληψιν</span> <span class='ocrx_word' id='word_1_24' title='bbox 1323 311 1384 361; x_wconf 84' lang='grc' dir='ltr'>ὡς</span> <span class='ocrx_word' id='word_1_25' title='bbox 1436 309 1484 357; x_wconf 82' lang='grc' dir='ltr'>ἐν</span> <span class='ocrx_word' id='word_1_26' title='bbox 1535 308 1691 357; x_wconf 73' lang='grc' dir='ltr'>ἔθεσιν</span> 
     </span>
     <span class='ocr_line' id='line_1_4' title="bbox 104 388 1737 458; baseline 0.001 -21"><span class='ocrx_word' id='word_1_27' title='bbox 104 388 386 451; x_wconf 76' lang='grc' dir='ltr'>Ἰουδαϊκοῖς,</span> <span class='ocrx_word' id='word_1_28' title='bbox 415 392 491 439; x_wconf 76' lang='grc' dir='ltr'>καὶ</span> <span class='ocrx_word' id='word_1_29' title='bbox 528 388 718 453; x_wconf 80' lang='grc' dir='ltr'>νομικὸν</span> <span class='ocrx_word' id='word_1_30' title='bbox 752 391 987 454; x_wconf 83' lang='grc' dir='ltr'>ἐπίταγμα</span> <span class='ocrx_word' id='word_1_31' title='bbox 1024 390 1252 458; x_wconf 75' lang='grc' dir='ltr'>διεξάγειν</span> <span class='ocrx_word' id='word_1_32' title='bbox 1284 395 1346 443; x_wconf 82' lang='grc' dir='ltr'>εἰς</span> <span class='ocrx_word' id='word_1_33' title='bbox 1380 390 1525 455; x_wconf 80' lang='grc' dir='ltr'>πέρας</span> <span class='ocrx_word' id='word_1_34' title='bbox 1564 391 1687 440; x_wconf 79' lang='grc' dir='ltr'>ε’πεί-</span> <span class='ocrx_word' id='word_1_35' title='bbox 1711 399 1737 439; x_wconf 86' lang='lat' dir='ltr'><strong>b</strong></span> 
     </span>
     <span class='ocr_line' id='line_1_5' title="bbox 103 470 1693 541; baseline 0.001 -21"><span class='ocrx_word' id='word_1_36' title='bbox 103 492 282 535; x_wconf 88' lang='grc' dir='ltr'>γονται.</span> <span class='ocrx_word' id='word_1_37' title='bbox 354 472 403 521; x_wconf 86' lang='grc' dir='ltr'>ἐν</span> <span class='ocrx_word' id='word_1_38' title='bbox 440 470 525 535; x_wconf 73' lang='grc' dir='ltr'>μὲν</span> <span class='ocrx_word' id='word_1_39' title='bbox 563 471 657 537; x_wconf 79' lang='grc' dir='ltr'>γὰρ</span> <span class='ocrx_word' id='word_1_40' title='bbox 695 473 761 539; x_wconf 73' lang='grc' dir='ltr'>τῷ</span> <span class='ocrx_word' id='word_1_41' title='bbox 801 473 1156 541; x_wconf 74' lang='grc' dir='ltr'>Δευτερονομίῳ</span> <span class='ocrx_word' id='word_1_42' title='bbox 1197 471 1317 525; x_wconf 77' lang='grc' dir='ltr'>Θεὸς</span> <span class='ocrx_word' id='word_1_43' title='bbox 1364 473 1388 521; x_wconf 80' lang='grc' dir='ltr'><strong>ὁ</strong></span> <span class='ocrx_word' id='word_1_44' title='bbox 1431 471 1575 538; x_wconf 85' lang='grc' dir='ltr'>φύσει</span> <span class='ocrx_word' id='word_1_45' title='bbox 1618 474 1693 522; x_wconf 82' lang='grc' dir='ltr'>καὶ</span> 
     </span>
    </p>

    <p class='ocr_par' dir='ltr' id='par_1_3' title="bbox 60 551 1698 950">
     <span class='ocr_line' id='line_1_6' title="bbox 60 551 1689 622; baseline -0.001 -16"><span class='ocrx_word' id='word_1_46' title='bbox 60 568 82 606; x_wconf 89' lang='grc'>5</span> <span class='ocrx_word' id='word_1_47' title='bbox 104 551 329 615; x_wconf 78' lang='grc' dir='ltr'>ἀληθινὸς</span> <span class='ocrx_word' id='word_1_48' title='bbox 364 551 418 603; x_wconf 78' lang='grc' dir='ltr'>τὸ</span> <span class='ocrx_word' id='word_1_49' title='bbox 452 552 517 617; x_wconf 82' lang='grc' dir='ltr'>μὴ</span> <span class='ocrx_word' id='word_1_50' title='bbox 553 555 646 603; x_wconf 82' lang='grc' dir='ltr'>δεῖν</span> <span class='ocrx_word' id='word_1_51' title='bbox 671 553 873 619; x_wconf 77' lang='grc' dir='ltr'>ἑτέρωσε</span> <span class='ocrx_word' id='word_1_52' title='bbox 910 553 1277 622; x_wconf 71' lang='grc' dir='ltr'>παραφέρεσθαί</span> <span class='ocrx_word' id='word_1_53' title='bbox 1309 577 1389 605; x_wconf 91' lang='grc' dir='ltr'>ποι</span> <span class='ocrx_word' id='word_1_54' title='bbox 1424 558 1519 604; x_wconf 82' lang='grc' dir='ltr'>τῶν</span> <span class='ocrx_word' id='word_1_55' title='bbox 1547 558 1689 621; x_wconf 86' lang='grc' dir='ltr'>φιλο-</span> 
     </span>
     <span class='ocr_line' id='line_1_7' title="bbox 103 632 1698 702; baseline 0 -17"><span class='ocrx_word' id='word_1_56' title='bbox 103 633 222 685; x_wconf 80' lang='grc' dir='ltr'>θέων</span> <span class='ocrx_word' id='word_1_57' title='bbox 262 632 345 685; x_wconf 81' lang='grc' dir='ltr'>τὸν</span> <span class='ocrx_word' id='word_1_58' title='bbox 390 641 499 686; x_wconf 83' lang='grc' dir='ltr'>νοῦν</span> <span class='ocrx_word' id='word_1_59' title='bbox 542 634 846 698; x_wconf 78' lang='grc' dir='ltr'>ἐκδιδάσκων,</span> <span class='ocrx_word' id='word_1_60' title='bbox 889 635 1005 699; x_wconf 86' lang='grc' dir='ltr'>μήτε</span> <span class='ocrx_word' id='word_1_61' title='bbox 1048 635 1142 699; x_wconf 84' lang='grc' dir='ltr'>μὴν</span> <span class='ocrx_word' id='word_1_62' title='bbox 1180 637 1289 702; x_wconf 86' lang='grc' dir='ltr'>παρ’</span> <span class='ocrx_word' id='word_1_63' title='bbox 1331 634 1474 686; x_wconf 78' lang='grc' dir='ltr'>αὐτὸν</span> <span class='ocrx_word' id='word_1_64' title='bbox 1513 635 1698 685; x_wconf 75' lang='grc' dir='ltr'>οἴεσθαί</span> 
     </span>
     <span class='ocr_line' id='line_1_8' title="bbox 102 715 1695 786; baseline 0.001 -20"><span class='ocrx_word' id='word_1_65' title='bbox 102 739 231 770; x_wconf 91' lang='grc' dir='ltr'>τινας</span> <span class='ocrx_word' id='word_1_66' title='bbox 266 715 381 767; x_wconf 77' lang='grc' dir='ltr'>εἶναι</span> <span class='ocrx_word' id='word_1_67' title='bbox 418 715 563 780; x_wconf 76' lang='grc' dir='ltr'>θεοὺς,</span> <span class='ocrx_word' id='word_1_68' title='bbox 595 716 929 783; x_wconf 82' lang='grc' dir='ltr'>προσεδρεύειν</span> <span class='ocrx_word' id='word_1_69' title='bbox 962 717 1010 768; x_wconf 77' lang='grc' dir='ltr'>δὲ</span> <span class='ocrx_word' id='word_1_70' title='bbox 1044 716 1174 786; x_wconf 73' lang='grc' dir='ltr'>μόνῳ</span> <span class='ocrx_word' id='word_1_71' title='bbox 1210 722 1277 786; x_wconf 69' lang='grc' dir='ltr'>τῷ</span> <span class='ocrx_word' id='word_1_72' title='bbox 1313 717 1432 768; x_wconf 79' lang='grc' dir='ltr'>κατὰ</span> <span class='ocrx_word' id='word_1_73' title='bbox 1467 716 1695 780; x_wconf 81' lang='grc' dir='ltr'>ἀλήθειαν</span> 
     </span>
     <span class='ocr_line' id='line_1_9' title="bbox 103 798 1695 865; baseline 0.001 -17"><span class='ocrx_word' id='word_1_74' title='bbox 103 798 373 862; x_wconf 79' lang='grc' dir='ltr'>ἐπιτάττων,</span> <span class='ocrx_word' id='word_1_75' title='bbox 399 798 529 849; x_wconf 79' lang='grc' dir='ltr'>ἀλλὰ</span> <span class='ocrx_word' id='word_1_76' title='bbox 561 802 635 849; x_wconf 73' lang='grc' dir='ltr'>καὶ</span> <span class='ocrx_word' id='word_1_77' title='bbox 661 800 771 849; x_wconf 86' lang='grc' dir='ltr'>λίαν</span> <span class='ocrx_word' id='word_1_78' title='bbox 794 800 1176 864; x_wconf 84' lang='grc' dir='ltr'>ἐκπικραίνεσθαι</span> <span class='ocrx_word' id='word_1_79' title='bbox 1204 799 1322 850; x_wconf 74' lang='grc' dir='ltr'>κατὰ</span> <span class='ocrx_word' id='word_1_80' title='bbox 1347 804 1441 850; x_wconf 83' lang='grc' dir='ltr'>τῶν</span> <span class='ocrx_word' id='word_1_81' title='bbox 1467 799 1625 865; x_wconf 78' lang='grc' dir='ltr'>ἕτερόν</span> <span class='ocrx_word' id='word_1_82' title='bbox 1651 823 1695 850; x_wconf 92' lang='grc' dir='ltr'>τι</span> 
     </span>
     <span class='ocr_line' id='line_1_10' title="bbox 103 879 1695 950; baseline 0 -20"><span class='ocrx_word' id='word_1_83' title='bbox 103 879 234 945; x_wconf 79' lang='grc' dir='ltr'>παρὰ</span> <span class='ocrx_word' id='word_1_84' title='bbox 259 886 397 931; x_wconf 91' lang='grc' dir='ltr'>τοῦτο</span> <span class='ocrx_word' id='word_1_85' title='bbox 425 885 615 948; x_wconf 83' lang='grc' dir='ltr'>φρονεῖν</span> <span class='ocrx_word' id='word_1_86' title='bbox 642 886 1008 944; x_wconf 88' lang='grc' dir='ltr'>συμβουλεῦσαι</span> <span class='ocrx_word' id='word_1_87' title='bbox 1039 881 1351 944; x_wconf 82' lang='grc' dir='ltr'>τολμώντων,</span> <span class='ocrx_word' id='word_1_88' title='bbox 1382 885 1503 932; x_wconf 77' lang='grc' dir='ltr'>οὕτω</span> <span class='ocrx_word' id='word_1_89' title='bbox 1542 881 1695 950; x_wconf 87' lang='grc' dir='ltr'>φησίν</span> 
     </span>
    </p>

    <p class='ocr_par' dir='ltr' id='par_1_4' title="bbox 38 961 1916 1197">
     <span class='ocr_line' id='line_1_11' title="bbox 38 961 1905 1042; baseline 0.001 -30"><span class='ocrx_word' id='word_1_90' title='bbox 38 987 84 1013; x_wconf 91' lang='lat'>10</span> <span class='ocrx_word' id='word_1_91' title='bbox 107 968 132 990; x_wconf 72' lang='lat'>‘⁶</span> <span class='ocrx_word' id='word_1_92' title='bbox 157 961 274 1014; x_wconf 75' lang='grc' dir='ltr'>Ἐὰν</span> <span class='ocrx_word' id='word_1_93' title='bbox 302 961 351 1014; x_wconf 75' lang='grc' dir='ltr'>δὲ</span> <span class='ocrx_word' id='word_1_94' title='bbox 384 963 702 1030; x_wconf 71' lang='grc' dir='ltr'>παρακαλέσῃ</span> <span class='ocrx_word' id='word_1_95' title='bbox 737 986 794 1013; x_wconf 92' lang='grc' dir='ltr'>σε</span> <span class='ocrx_word' id='word_1_96' title='bbox 829 963 853 1013; x_wconf 85' lang='grc' dir='ltr'>ὁ</span> <span class='ocrx_word' id='word_1_97' title='bbox 889 962 1099 1031; x_wconf 81' lang='grc' dir='ltr'>ἀδελφός</span> <span class='ocrx_word' id='word_1_98' title='bbox 1133 986 1224 1013; x_wconf 88' lang='grc' dir='ltr'>σου</span> <span class='ocrx_word' id='word_1_99' title='bbox 1259 965 1307 1014; x_wconf 87' lang='grc' dir='ltr'>ἐκ</span> <span class='ocrx_word' id='word_1_100' title='bbox 1341 963 1519 1029; x_wconf 86' lang='grc' dir='ltr'>πατρός</span> <span class='ocrx_word' id='word_1_101' title='bbox 1547 987 1638 1014; x_wconf 88' lang='grc' dir='ltr'>σου</span> <span class='ocrx_word' id='word_1_102' title='bbox 1666 962 1693 1028; x_wconf 73' lang='grc' dir='ltr'>ἢ</span> <span class='ocrx_word' id='word_1_103' title='bbox 1757 969 1860 1042; x_wconf 45' lang='grc' dir='ltr'>ᾗζζίῑῑῒό</span> <span class='ocrx_word' id='word_1_104' title='bbox 1888 1011 1905 1039; x_wconf 59' lang='lat'>8</span> 
     </span>
     <span class='ocr_line' id='line_1_12' title="bbox 106 1035 1916 1111; baseline 0.001 -17"><span class='ocrx_word' id='word_1_105' title='bbox 106 1050 133 1073; x_wconf 73' lang='lat'>‘⁶</span> <span class='ocrx_word' id='word_1_106' title='bbox 159 1045 207 1094; x_wconf 83' lang='grc' dir='ltr'>ἐκ</span> <span class='ocrx_word' id='word_1_107' title='bbox 239 1044 417 1111; x_wconf 88' lang='grc' dir='ltr'>μητρός</span> <span class='ocrx_word' id='word_1_108' title='bbox 451 1068 557 1107; x_wconf 89' lang='grc' dir='ltr'>σου,</span> <span class='ocrx_word' id='word_1_109' title='bbox 585 1043 613 1109; x_wconf 75' lang='grc' dir='ltr'>ἢ</span> <span class='ocrx_word' id='word_1_110' title='bbox 650 1046 674 1095; x_wconf 84' lang='grc' dir='ltr'><em>ὁ</em></span> <span class='ocrx_word' id='word_1_111' title='bbox 712 1043 807 1098; x_wconf 78' lang='grc' dir='ltr'>υἱός</span> <span class='ocrx_word' id='word_1_112' title='bbox 843 1067 935 1095; x_wconf 89' lang='grc' dir='ltr'>σου</span> <span class='ocrx_word' id='word_1_113' title='bbox 969 1042 997 1108; x_wconf 77' lang='grc' dir='ltr'>ἢ</span> <span class='ocrx_word' id='word_1_114' title='bbox 1030 1045 1057 1108; x_wconf 86' lang='grc' dir='ltr'>ἡ</span> <span class='ocrx_word' id='word_1_115' title='bbox 1086 1044 1299 1111; x_wconf 80' lang='grc' dir='ltr'>θυγάτηρ</span> <span class='ocrx_word' id='word_1_116' title='bbox 1323 1068 1434 1107; x_wconf 92' lang='grc' dir='ltr'>σου,</span> <span class='ocrx_word' id='word_1_117' title='bbox 1467 1044 1494 1109; x_wconf 77' lang='grc' dir='ltr'>ἢ</span> <span class='ocrx_word' id='word_1_118' title='bbox 1521 1046 1548 1109; x_wconf 84' lang='grc' dir='ltr'>ἡ</span> <span class='ocrx_word' id='word_1_119' title='bbox 1575 1045 1693 1111; x_wconf 77' lang='grc' dir='ltr'>γυνή</span> <span class='ocrx_word' id='word_1_120' title='bbox 1758 1065 1788 1096; x_wconf 90' lang='lat'>9·</span> <span class='ocrx_word' id='word_1_121' title='bbox 1817 1035 1823 1041; x_wconf 38' lang='lat'>&#39;</span> <span class='ocrx_word' id='word_1_122' title='bbox 1864 1037 1870 1048; x_wconf 43' lang='lat'>³</span> <span class='ocrx_word' id='word_1_123' title='bbox 1910 1036 1916 1046; x_wconf 49' lang='grc'><em>’</em></span> 
     </span>
     <span class='ocr_line' id='line_1_13' title="bbox 106 1125 1771 1197; baseline -0.001 -20"><span class='ocrx_word' id='word_1_124' title='bbox 106 1132 134 1154; x_wconf 84' lang='grc'><strong>“</strong></span> <span class='ocrx_word' id='word_1_125' title='bbox 160 1149 252 1177; x_wconf 93' lang='grc' dir='ltr'>σου</span> <span class='ocrx_word' id='word_1_126' title='bbox 277 1127 305 1191; x_wconf 85' lang='grc' dir='ltr'>ἡ</span> <span class='ocrx_word' id='word_1_127' title='bbox 332 1128 380 1177; x_wconf 88' lang='grc' dir='ltr'>ἐν</span> <span class='ocrx_word' id='word_1_128' title='bbox 405 1131 472 1196; x_wconf 72' lang='grc' dir='ltr'>τῷ</span> <span class='ocrx_word' id='word_1_129' title='bbox 499 1126 665 1196; x_wconf 78' lang='grc' dir='ltr'>κόλπῳ</span> <span class='ocrx_word' id='word_1_130' title='bbox 697 1150 802 1189; x_wconf 90' lang='grc' dir='ltr'>σου,</span> <span class='ocrx_word' id='word_1_131' title='bbox 830 1125 858 1191; x_wconf 86' lang='grc' dir='ltr'>ὴ</span> <span class='ocrx_word' id='word_1_132' title='bbox 895 1127 918 1176; x_wconf 87' lang='grc' dir='ltr'>ὁ</span> <span class='ocrx_word' id='word_1_133' title='bbox 956 1127 1099 1195; x_wconf 87' lang='grc' dir='ltr'>φίλος</span> <span class='ocrx_word' id='word_1_134' title='bbox 1135 1128 1159 1177; x_wconf 86' lang='grc' dir='ltr'>ὁ</span> <span class='ocrx_word' id='word_1_135' title='bbox 1197 1127 1301 1181; x_wconf 82' lang='grc' dir='ltr'>’ίσος</span> <span class='ocrx_word' id='word_1_136' title='bbox 1335 1132 1394 1195; x_wconf 81' lang='grc' dir='ltr'>τῇ</span> <span class='ocrx_word' id='word_1_137' title='bbox 1429 1131 1567 1195; x_wconf 73' lang='grc' dir='ltr'>ψυχῇ</span> <span class='ocrx_word' id='word_1_138' title='bbox 1604 1149 1735 1177; x_wconf 78' lang='grc' dir='ltr'>σουο</span> <span class='ocrx_word' id='word_1_139' title='bbox 1768 1195 1771 1197; x_wconf 30' lang='grc'>-</span> 
     </span>
    </p>

    <p class='ocr_par' dir='ltr' id='par_1_5' title="bbox 107 1207 1698 1359">
     <span class='ocr_line' id='line_1_14' title="bbox 107 1207 1692 1275; baseline 0 -17"><span class='ocrx_word' id='word_1_140' title='bbox 107 1214 134 1237; x_wconf 83' lang='lat'><strong>“</strong></span> <span class='ocrx_word' id='word_1_141' title='bbox 160 1207 318 1275; x_wconf 87' lang='grc' dir='ltr'>λάθρα</span> <span class='ocrx_word' id='word_1_142' title='bbox 344 1209 500 1274; x_wconf 78' lang='grc' dir='ltr'>λέγων</span> <span class='ocrx_word' id='word_1_143' title='bbox 527 1212 842 1275; x_wconf 81' lang='grc' dir='ltr'>Πορευθῶμεν</span> <span class='ocrx_word' id='word_1_144' title='bbox 869 1211 944 1259; x_wconf 76' lang='grc' dir='ltr'>καὶ</span> <span class='ocrx_word' id='word_1_145' title='bbox 980 1209 1319 1274; x_wconf 88' lang='grc' dir='ltr'>λατρεύσωμεν</span> <span class='ocrx_word' id='word_1_146' title='bbox 1345 1213 1466 1263; x_wconf 88' lang='grc' dir='ltr'>θεοῖς</span> <span class='ocrx_word' id='word_1_147' title='bbox 1502 1207 1692 1275; x_wconf 75' lang='grc' dir='ltr'>ἑτέροις,</span> 
     </span>
     <span class='ocr_line' id='line_1_15' title="bbox 107 1290 1698 1359; baseline 0 -19"><span class='ocrx_word' id='word_1_148' title='bbox 107 1296 135 1318; x_wconf 81' lang='grc'><strong>“</strong></span> <span class='ocrx_word' id='word_1_149' title='bbox 160 1290 214 1340; x_wconf 82' lang='grc' dir='ltr'>οὑ</span> <span class='ocrx_word' id='word_1_150' title='bbox 257 1290 571 1354; x_wconf 82' lang='grc' dir='ltr'>συνθελήσεις</span> <span class='ocrx_word' id='word_1_151' title='bbox 613 1292 739 1359; x_wconf 74' lang='grc' dir='ltr'>αὐτῷ</span> <span class='ocrx_word' id='word_1_152' title='bbox 780 1293 856 1341; x_wconf 79' lang='grc' dir='ltr'>καὶ</span> <span class='ocrx_word' id='word_1_153' title='bbox 897 1292 978 1341; x_wconf 77' lang='grc' dir='ltr'>οὐκ</span> <span class='ocrx_word' id='word_1_154' title='bbox 1023 1290 1284 1359; x_wconf 80' lang='grc' dir='ltr'>εἶσακούσῃ</span> <span class='ocrx_word' id='word_1_155' title='bbox 1326 1292 1483 1353; x_wconf 79' lang='grc' dir='ltr'>αὐτοῦ,</span> <span class='ocrx_word' id='word_1_156' title='bbox 1523 1293 1598 1340; x_wconf 77' lang='grc' dir='ltr'>καὶ</span> <span class='ocrx_word' id='word_1_157' title='bbox 1644 1291 1698 1340; x_wconf 80' lang='grc' dir='ltr'>οὐ</span> 
     </span>
    </p>

    <p class='ocr_par' dir='ltr' id='par_1_6' title="bbox 40 1371 1702 1769">
     <span class='ocr_line' id='line_1_16' title="bbox 40 1371 1698 1441; baseline -0.001 -14"><span class='ocrx_word' id='word_1_158' title='bbox 40 1388 86 1427; x_wconf 92' lang='lat'>15</span> <span class='ocrx_word' id='word_1_159' title='bbox 109 1378 135 1401; x_wconf 74' lang='lat'>‘⁴</span> <span class='ocrx_word' id='word_1_160' title='bbox 162 1373 375 1440; x_wconf 85' lang='grc' dir='ltr'>φείσεται</span> <span class='ocrx_word' id='word_1_161' title='bbox 411 1374 436 1423; x_wconf 84' lang='grc' dir='ltr'><em>ὁ</em></span> <span class='ocrx_word' id='word_1_162' title='bbox 471 1371 725 1441; x_wconf 86' lang='grc' dir='ltr'>ὀφθαλμός</span> <span class='ocrx_word' id='word_1_163' title='bbox 759 1396 851 1423; x_wconf 89' lang='grc' dir='ltr'>σου</span> <span class='ocrx_word' id='word_1_164' title='bbox 888 1373 955 1424; x_wconf 82' lang='grc' dir='ltr'>ἐπ’</span> <span class='ocrx_word' id='word_1_165' title='bbox 986 1373 1126 1441; x_wconf 70' lang='grc' dir='ltr'>αὐτῷ,</span> <span class='ocrx_word' id='word_1_166' title='bbox 1159 1373 1235 1423; x_wconf 85' lang='grc' dir='ltr'>καὶ</span> <span class='ocrx_word' id='word_1_167' title='bbox 1273 1374 1356 1423; x_wconf 84' lang='grc' dir='ltr'>οὐκ</span> <span class='ocrx_word' id='word_1_168' title='bbox 1394 1372 1698 1436; x_wconf 83' lang='grc' dir='ltr'>ἐπιποθήσεις</span> 
     </span>
     <span class='ocr_line' id='line_1_17' title="bbox 109 1453 1699 1524; baseline 0.001 -19"><span class='ocrx_word' id='word_1_169' title='bbox 109 1460 136 1484; x_wconf 79' lang='grc'><strong>“</strong></span> <span class='ocrx_word' id='word_1_170' title='bbox 162 1455 288 1524; x_wconf 72' lang='grc' dir='ltr'>αὐτῷ</span> <span class='ocrx_word' id='word_1_171' title='bbox 325 1453 430 1505; x_wconf 79' lang='grc' dir='ltr'>οὐδὲ</span> <span class='ocrx_word' id='word_1_172' title='bbox 465 1453 530 1518; x_wconf 85' lang='grc' dir='ltr'>μὴ</span> <span class='ocrx_word' id='word_1_173' title='bbox 565 1453 822 1508; x_wconf 85' lang='grc' dir='ltr'>σκεπάσεις</span> <span class='ocrx_word' id='word_1_174' title='bbox 856 1454 1015 1505; x_wconf 76' lang='grc' dir='ltr'>αὐτόν·</span> <span class='ocrx_word' id='word_1_175' title='bbox 1072 1454 1390 1520; x_wconf 79' lang='grc' dir='ltr'>ἀναγγέλλων</span> <span class='ocrx_word' id='word_1_176' title='bbox 1422 1456 1699 1519; x_wconf 83' lang='grc' dir='ltr'>άναγγελεῖς</span> 
     </span>
     <span class='ocr_line' id='line_1_18' title="bbox 110 1534 1701 1603; baseline 0.001 -17"><span class='ocrx_word' id='word_1_177' title='bbox 110 1543 136 1566; x_wconf 79' lang='grc'><strong><em>“</em></strong></span> <span class='ocrx_word' id='word_1_178' title='bbox 162 1535 220 1586; x_wconf 82' lang='grc' dir='ltr'>τὰ</span> <span class='ocrx_word' id='word_1_179' title='bbox 253 1538 362 1603; x_wconf 80' lang='grc' dir='ltr'>περὶ</span> <span class='ocrx_word' id='word_1_180' title='bbox 397 1536 584 1587; x_wconf 81' lang='grc' dir='ltr'>αὐτοῦ.”</span> <span class='ocrx_word' id='word_1_181' title='bbox 625 1537 846 1587; x_wconf 86' lang='grc' dir='ltr'>Ἰουδαῖοί</span> <span class='ocrx_word' id='word_1_182' title='bbox 877 1559 926 1587; x_wconf 86' lang='grc' dir='ltr'>τε</span> <span class='ocrx_word' id='word_1_183' title='bbox 961 1535 1109 1587; x_wconf 85' lang='grc' dir='ltr'>πάλιν</span> <span class='ocrx_word' id='word_1_184' title='bbox 1134 1535 1254 1602; x_wconf 83' lang='grc' dir='ltr'>πρὸς</span> <span class='ocrx_word' id='word_1_185' title='bbox 1284 1534 1407 1599; x_wconf 89' lang='grc' dir='ltr'>μόνα</span> <span class='ocrx_word' id='word_1_186' title='bbox 1438 1535 1701 1597; x_wconf 75' lang='grc' dir='ltr'>βλέποντες</span> 
     </span>
     <span class='ocr_line' id='line_1_19' title="bbox 106 1616 1702 1685; baseline 0 -16"><span class='ocrx_word' id='word_1_187' title='bbox 106 1616 166 1669; x_wconf 77' lang='grc' dir='ltr'>τὰ</span> <span class='ocrx_word' id='word_1_188' title='bbox 200 1618 371 1685; x_wconf 78' lang='grc' dir='ltr'>ἑτέρων</span> <span class='ocrx_word' id='word_1_189' title='bbox 405 1620 701 1682; x_wconf 77' lang='grc' dir='ltr'>πταίσματα,</span> <span class='ocrx_word' id='word_1_190' title='bbox 728 1620 803 1669; x_wconf 81' lang='grc' dir='ltr'>καὶ</span> <span class='ocrx_word' id='word_1_191' title='bbox 839 1617 893 1668; x_wconf 82' lang='grc' dir='ltr'>τὸ</span> <span class='ocrx_word' id='word_1_192' title='bbox 930 1619 1038 1669; x_wconf 90' lang='grc' dir='ltr'>καθ’</span> <span class='ocrx_word' id='word_1_193' title='bbox 1067 1618 1168 1672; x_wconf 84' lang='grc' dir='ltr'>ἑνὸς</span> <span class='ocrx_word' id='word_1_194' title='bbox 1204 1617 1396 1685; x_wconf 76' lang='grc' dir='ltr'>ὁρισθὲν</span> <span class='ocrx_word' id='word_1_195' title='bbox 1421 1616 1702 1684; x_wconf 85' lang='grc' dir='ltr'>πράγματος</span> 
     </span>
     <span class='ocr_line' id='line_1_20' title="bbox 107 1699 1701 1769; baseline -0.001 -19"><span class='ocrx_word' id='word_1_196' title='bbox 107 1699 228 1751; x_wconf 78' lang='grc' dir='ltr'>κατὰ</span> <span class='ocrx_word' id='word_1_197' title='bbox 265 1699 443 1755; x_wconf 79' lang='grc' dir='ltr'>παντὸς</span> <span class='ocrx_word' id='word_1_198' title='bbox 481 1701 721 1755; x_wconf 73' lang='grc' dir='ltr'>ἀσυνέτως</span> <span class='ocrx_word' id='word_1_199' title='bbox 759 1700 1071 1769; x_wconf 75' lang='grc' dir='ltr'>ἐκδεξάμενοι,</span> <span class='ocrx_word' id='word_1_200' title='bbox 1097 1699 1206 1754; x_wconf 76' lang='grc' dir='ltr'>τοὺς</span> <span class='ocrx_word' id='word_1_201' title='bbox 1246 1700 1451 1753; x_wconf 84' lang='grc' dir='ltr'>ἁλόντας</span> <span class='ocrx_word' id='word_1_202' title='bbox 1490 1699 1568 1750; x_wconf 81' lang='grc' dir='ltr'>ε’πί</span> <span class='ocrx_word' id='word_1_203' title='bbox 1602 1721 1701 1749; x_wconf 91' lang='grc' dir='ltr'>τισι</span> 
     </span>
    </p>

    <p class='ocr_par' dir='ltr' id='par_1_7' title="bbox 41 1780 1883 2179">
     <span class='ocr_line' id='line_1_21' title="bbox 41 1780 1697 1852; baseline 0 -21"><span class='ocrx_word' id='word_1_204' title='bbox 41 1807 91 1832; x_wconf 88' lang='lat'>20</span> <span class='ocrx_word' id='word_1_205' title='bbox 108 1787 204 1836; x_wconf 87' lang='grc' dir='ltr'>τοῖς</span> <span class='ocrx_word' id='word_1_206' title='bbox 253 1783 344 1852; x_wconf 74' lang='grc' dir='ltr'>ἔξω</span> <span class='ocrx_word' id='word_1_207' title='bbox 398 1782 543 1846; x_wconf 86' lang='grc' dir='ltr'>νόμου</span> <span class='ocrx_word' id='word_1_208' title='bbox 592 1786 811 1849; x_wconf 79' lang='grc' dir='ltr'>παρῆγον</span> <span class='ocrx_word' id='word_1_209' title='bbox 855 1785 930 1833; x_wconf 82' lang='grc' dir='ltr'>ἐπὶ</span> <span class='ocrx_word' id='word_1_210' title='bbox 973 1782 1081 1836; x_wconf 76' lang='grc' dir='ltr'>τοὺς</span> <span class='ocrx_word' id='word_1_211' title='bbox 1126 1782 1373 1849; x_wconf 78' lang='grc' dir='ltr'>ἄρχοντας,</span> <span class='ocrx_word' id='word_1_212' title='bbox 1413 1785 1552 1845; x_wconf 80' lang='grc' dir='ltr'>τιμᾶν</span> <span class='ocrx_word' id='word_1_213' title='bbox 1599 1780 1697 1831; x_wconf 78' lang='grc' dir='ltr'>οἰό-</span> 
     </span>
     <span class='ocr_line' id='line_1_22' title="bbox 108 1860 1746 1928; baseline 0 -13"><span class='ocrx_word' id='word_1_214' title='bbox 108 1887 239 1927; x_wconf 84' lang='grc' dir='ltr'>μενοι</span> <span class='ocrx_word' id='word_1_215' title='bbox 289 1866 364 1915; x_wconf 77' lang='grc' dir='ltr'>καὶ</span> <span class='ocrx_word' id='word_1_216' title='bbox 415 1863 491 1915; x_wconf 76' lang='grc' dir='ltr'>διὰ</span> <span class='ocrx_word' id='word_1_217' title='bbox 540 1864 708 1915; x_wconf 84' lang='grc' dir='ltr'>τούτου</span> <span class='ocrx_word' id='word_1_218' title='bbox 754 1864 837 1914; x_wconf 80' lang='grc' dir='ltr'>τὸν</span> <span class='ocrx_word' id='word_1_219' title='bbox 879 1864 1150 1928; x_wconf 78' lang='grc' dir='ltr'>νομοθέτην.</span> <span class='ocrx_word' id='word_1_220' title='bbox 1228 1863 1304 1914; x_wconf 79' lang='grc' dir='ltr'>διὰ</span> <span class='ocrx_word' id='word_1_221' title='bbox 1354 1863 1529 1926; x_wconf 86' lang='grc' dir='ltr'>ταύτην</span> <span class='ocrx_word' id='word_1_222' title='bbox 1573 1860 1746 1926; x_wconf 73' lang='grc' dir='ltr'>οἶμαιᾶ</span> 
     </span>
     <span class='ocr_line' id='line_1_23' title="bbox 109 1945 1883 2025; baseline -0.002 -28"><span class='ocrx_word' id='word_1_223' title='bbox 109 1946 195 2011; x_wconf 87' lang='grc' dir='ltr'>τὴν</span> <span class='ocrx_word' id='word_1_224' title='bbox 229 1947 395 2007; x_wconf 75' lang='grc' dir='ltr'>αἰτίαν,</span> <span class='ocrx_word' id='word_1_225' title='bbox 430 1946 512 1997; x_wconf 84' lang='grc' dir='ltr'>τὸν</span> <span class='ocrx_word' id='word_1_226' title='bbox 549 1945 635 2010; x_wconf 78' lang='grc' dir='ltr'>μὲν</span> <span class='ocrx_word' id='word_1_227' title='bbox 664 1945 859 2010; x_wconf 84' lang='grc' dir='ltr'>Ἰησοῦν</span> <span class='ocrx_word' id='word_1_228' title='bbox 895 1945 1082 2012; x_wconf 72' lang='grc' dir='ltr'>ἐζήτουν</span> <span class='ocrx_word' id='word_1_229' title='bbox 1121 1946 1339 2011; x_wconf 79' lang='grc' dir='ltr'>λέγοντες</span> <span class='ocrx_word' id='word_1_230' title='bbox 1375 1952 1403 1974; x_wconf 79' lang='grc'>“</span> <span class='ocrx_word' id='word_1_231' title='bbox 1426 1949 1531 1996; x_wconf 88' lang='grc' dir='ltr'>Ποῦ</span> <span class='ocrx_word' id='word_1_232' title='bbox 1568 1946 1699 1994; x_wconf 84' lang='grc' dir='ltr'>ἐστιν</span> <span class='ocrx_word' id='word_1_233' title='bbox 1760 1950 1883 2025; x_wconf 52' lang='grc' dir='ltr'><strong><em>ἓέΓΡΓῨΖ</em></strong></span> 
     </span>
     <span class='ocr_line' id='line_1_24' title="bbox 111 2026 1700 2095; baseline -0.001 -16"><span class='ocrx_word' id='word_1_234' title='bbox 111 2035 138 2058; x_wconf 80' lang='grc'><strong><em>“</em></strong></span> <span class='ocrx_word' id='word_1_235' title='bbox 163 2030 331 2081; x_wconf 82' lang='grc' dir='ltr'>ἐκεῖνος</span> <span class='ocrx_word' id='word_1_236' title='bbox 351 2028 390 2087; x_wconf 83' lang='grc'>;”</span> <span class='ocrx_word' id='word_1_237' title='bbox 435 2030 642 2093; x_wconf 82' lang='grc' dir='ltr'>ἀνευρεῖν</span> <span class='ocrx_word' id='word_1_238' title='bbox 674 2028 722 2078; x_wconf 80' lang='grc' dir='ltr'>δὲ</span> <span class='ocrx_word' id='word_1_239' title='bbox 765 2029 1026 2091; x_wconf 78' lang='grc' dir='ltr'>οὐδαμόθεν</span> <span class='ocrx_word' id='word_1_240' title='bbox 1063 2026 1363 2095; x_wconf 77' lang='grc' dir='ltr'>ἰσχύσαντες,</span> <span class='ocrx_word' id='word_1_241' title='bbox 1396 2028 1598 2091; x_wconf 77' lang='grc' dir='ltr'>ἄγουσιν</span> <span class='ocrx_word' id='word_1_242' title='bbox 1637 2028 1700 2079; x_wconf 84' lang='grc' dir='ltr'>ὡς</span> 
     </span>
     <span class='ocr_line' id='line_1_25' title="bbox 109 2107 1700 2179; baseline -0.002 -19"><span class='ocrx_word' id='word_1_243' title='bbox 109 2111 159 2161; x_wconf 83' lang='grc' dir='ltr'>ἐν</span> <span class='ocrx_word' id='word_1_244' title='bbox 209 2109 399 2179; x_wconf 76' lang='grc' dir='ltr'>δευτέρᾳ</span> <span class='ocrx_word' id='word_1_245' title='bbox 456 2108 588 2178; x_wconf 75' lang='grc' dir='ltr'>τάξει</span> <span class='ocrx_word' id='word_1_246' title='bbox 647 2108 729 2160; x_wconf 81' lang='grc' dir='ltr'>τὸν</span> <span class='ocrx_word' id='word_1_247' title='bbox 780 2110 850 2176; x_wconf 85' lang='grc' dir='ltr'>ἐφ’</span> <span class='ocrx_word' id='word_1_248' title='bbox 903 2107 940 2179; x_wconf 75' lang='grc' dir='ltr'><em>ᾦ</em></span> <span class='ocrx_word' id='word_1_249' title='bbox 991 2109 1046 2160; x_wconf 82' lang='grc' dir='ltr'>τὸ</span> <span class='ocrx_word' id='word_1_250' title='bbox 1106 2113 1265 2172; x_wconf 89' lang='grc' dir='ltr'>θαῦμα</span> <span class='ocrx_word' id='word_1_251' title='bbox 1323 2108 1593 2170; x_wconf 78' lang='grc' dir='ltr'>τετέλεστο,</span> <span class='ocrx_word' id='word_1_252' title='bbox 1644 2108 1700 2157; x_wconf 81' lang='grc' dir='ltr'>δι’</span> 
     </span>
    </p>

    <p class='ocr_par' dir='ltr' id='par_1_8' title="bbox 44 2189 1705 2425">
     <span class='ocr_line' id='line_1_26' title="bbox 44 2189 1705 2260; baseline -0.001 -20"><span class='ocrx_word' id='word_1_253' title='bbox 44 2209 93 2249; x_wconf 85' lang='lat'>25</span> <span class='ocrx_word' id='word_1_254' title='bbox 111 2193 278 2246; x_wconf 79' lang='grc' dir='ltr'>οἰκείας</span> <span class='ocrx_word' id='word_1_255' title='bbox 329 2190 494 2258; x_wconf 76' lang='grc' dir='ltr'>ὥσπερ</span> <span class='ocrx_word' id='word_1_256' title='bbox 543 2193 955 2260; x_wconf 87' lang='grc' dir='ltr'>ἐπισφραγιοῦντα</span> <span class='ocrx_word' id='word_1_257' title='bbox 1005 2193 1168 2259; x_wconf 83' lang='grc' dir='ltr'>φωνῆς</span> <span class='ocrx_word' id='word_1_258' title='bbox 1217 2189 1272 2241; x_wconf 80' lang='grc' dir='ltr'>τὸ</span> <span class='ocrx_word' id='word_1_259' title='bbox 1324 2189 1563 2241; x_wconf 87' lang='grc' dir='ltr'>λελύσθαι</span> <span class='ocrx_word' id='word_1_260' title='bbox 1621 2189 1705 2240; x_wconf 83' lang='grc' dir='ltr'>τὸν</span> 
     </span>
     <span class='ocr_line' id='line_1_27' title="bbox 112 2271 1705 2340; baseline -0.002 -16"><span class='ocrx_word' id='word_1_261' title='bbox 112 2273 256 2337; x_wconf 87' lang='grc' dir='ltr'>νόμον</span> <span class='ocrx_word' id='word_1_262' title='bbox 306 2275 355 2324; x_wconf 88' lang='grc' dir='ltr'>ἐν</span> <span class='ocrx_word' id='word_1_263' title='bbox 405 2278 501 2327; x_wconf 86' lang='grc' dir='ltr'>τοῖς</span> <span class='ocrx_word' id='word_1_264' title='bbox 552 2275 650 2324; x_wconf 90' lang='grc' dir='ltr'>κατ’</span> <span class='ocrx_word' id='word_1_265' title='bbox 704 2272 848 2324; x_wconf 79' lang='grc' dir='ltr'>αὐτὸν</span> <span class='ocrx_word' id='word_1_266' title='bbox 895 2272 1026 2340; x_wconf 77' lang='grc' dir='ltr'>παρὰ</span> <span class='ocrx_word' id='word_1_267' title='bbox 1079 2278 1162 2324; x_wconf 89' lang='grc' dir='ltr'>τοῦ</span> <span class='ocrx_word' id='word_1_268' title='bbox 1216 2271 1598 2339; x_wconf 87' lang='grc' dir='ltr'>θεραπεύσαντος</span> <span class='ocrx_word' id='word_1_269' title='bbox 1657 2273 1705 2321; x_wconf 89' lang='grc' dir='ltr'>ἐν</span> 
     </span>
     <span class='ocr_line' id='line_1_28' title="bbox 112 2354 368 2425; baseline 0.004 -19"><span class='ocrx_word' id='word_1_270' title='bbox 112 2354 368 2425; x_wconf 77' lang='grc' dir='ltr'>σαββάτῳ.</span> 
     </span>
    </p>

    <p class='ocr_par' dir='ltr' id='par_1_9' title="bbox 113 2433 1704 2589">
     <span class='ocr_line' id='line_1_29' title="bbox 178 2433 1704 2505; baseline -0.003 -17"><span class='ocrx_word' id='word_1_271' title='bbox 178 2436 295 2489; x_wconf 72' lang='lat' dir='ltr'>‘&#39;On</span> <span class='ocrx_word' id='word_1_272' title='bbox 326 2436 374 2488; x_wconf 79' lang='grc' dir='ltr'>δὲ</span> <span class='ocrx_word' id='word_1_273' title='bbox 409 2438 463 2488; x_wconf 84' lang='grc' dir='ltr'>οὐ</span> <span class='ocrx_word' id='word_1_274' title='bbox 496 2438 693 2504; x_wconf 86' lang='grc' dir='ltr'>μετρίως</span> <span class='ocrx_word' id='word_1_275' title='bbox 732 2435 1045 2505; x_wconf 82' lang='grc' dir='ltr'>ἀσχάλλουσι</span> <span class='ocrx_word' id='word_1_276' title='bbox 1081 2435 1157 2486; x_wconf 75' lang='grc' dir='ltr'>διὰ</span> <span class='ocrx_word' id='word_1_277' title='bbox 1194 2435 1247 2486; x_wconf 81' lang='grc' dir='ltr'>τὸ</span> <span class='ocrx_word' id='word_1_278' title='bbox 1284 2435 1508 2501; x_wconf 75' lang='grc' dir='ltr'>γενέσθαι</span> <span class='ocrx_word' id='word_1_279' title='bbox 1545 2433 1704 2498; x_wconf 79' lang='grc' dir='ltr'>πηλὸν</span> 
     </span>
     <span class='ocr_line' id='line_1_30' title="bbox 113 2515 1702 2589; baseline -0.001 -19"><span class='ocrx_word' id='word_1_280' title='bbox 113 2520 162 2570; x_wconf 84' lang='grc' dir='ltr'>ἐν</span> <span class='ocrx_word' id='word_1_281' title='bbox 187 2518 426 2589; x_wconf 75' lang='grc' dir='ltr'>σαββάτῳ</span> <span class='ocrx_word' id='word_1_282' title='bbox 453 2517 609 2587; x_wconf 79' lang='grc' dir='ltr'>σαφὲς</span> <span class='ocrx_word' id='word_1_283' title='bbox 636 2519 745 2582; x_wconf 82' lang='grc' dir='ltr'>ἡμῖν</span> <span class='ocrx_word' id='word_1_284' title='bbox 772 2517 1001 2570; x_wconf 79' lang='grc' dir='ltr'>καθιστὰς</span> <span class='ocrx_word' id='word_1_285' title='bbox 1028 2519 1053 2568; x_wconf 81' lang='grc' dir='ltr'>ὁ</span> <span class='ocrx_word' id='word_1_286' title='bbox 1077 2517 1305 2583; x_wconf 88' lang='grc' dir='ltr'>μακάριος</span> <span class='ocrx_word' id='word_1_287' title='bbox 1325 2515 1702 2582; x_wconf 77' lang='grc' dir='ltr'>Εὐαγγελιστὴς,</span> 
     </span>
    </p>

    <p class='ocr_par' dir='ltr' id='par_1_10' title="bbox 49 2597 1743 2666">
     <span class='ocr_line' id='line_1_31' title="bbox 49 2597 1743 2666; baseline -0.004 -14"><span class='ocrx_word' id='word_1_288' title='bbox 49 2620 98 2656; x_wconf 82' lang='grc'>30</span> <span class='ocrx_word' id='word_1_289' title='bbox 116 2601 381 2666; x_wconf 80' lang='grc' dir='ltr'>ἐπιτηδείως</span> <span class='ocrx_word' id='word_1_290' title='bbox 422 2601 779 2664; x_wconf 85' lang='grc' dir='ltr'>ἐπισημαίνεται</span> <span class='ocrx_word' id='word_1_291' title='bbox 825 2598 912 2663; x_wconf 84' lang='grc' dir='ltr'>τὴν</span> <span class='ocrx_word' id='word_1_292' title='bbox 950 2605 1032 2649; x_wconf 90' lang='grc' dir='ltr'>τοῦ</span> <span class='ocrx_word' id='word_1_293' title='bbox 1076 2598 1357 2665; x_wconf 86' lang='grc' dir='ltr'>πράγματος</span> <span class='ocrx_word' id='word_1_294' title='bbox 1403 2597 1699 2661; x_wconf 87' lang='grc' dir='ltr'>γελοιότητα,</span> <span class='ocrx_word' id='word_1_295' title='bbox 1722 2620 1743 2645; x_wconf 81' lang='lat' dir='ltr'><strong>e</strong></span> 
     </span>
    </p>
   </div>
   <div class='ocr_carea' id='block_1_3' title="bbox 118 2777 1705 2877">
    <p class='ocr_par' dir='ltr' id='par_1_11' title="bbox 118 2777 1705 2877">
     <span class='ocr_line' id='line_1_32' title="bbox 165 2777 1704 2829; baseline -0.006 -9"><span class='ocrx_word' id='word_1_296' title='bbox 165 2794 198 2829; x_wconf 83' lang='lat'>5.</span> <span class='ocrx_word' id='word_1_297' title='bbox 225 2777 347 2829; x_wconf 55' lang='lat' dir='ltr'>e‘rf&#39;pc‘f’o·</span> <span class='ocrx_word' id='word_1_298' title='bbox 361 2794 368 2801; x_wconf 80' lang='lat'>⁸</span> <span class='ocrx_word' id='word_1_299' title='bbox 382 2783 704 2828; x_wconf 81' lang='grc' dir='ltr'>ἐπαρὰφερεστέποῖ</span> <span class='ocrx_word' id='word_1_300' title='bbox 722 2783 774 2825; x_wconf 87' lang='lat'>(=</span> <span class='ocrx_word' id='word_1_301' title='bbox 793 2781 941 2825; x_wconf 80' lang='grc' dir='ltr'>ἑτέρωσε</span> <span class='ocrx_word' id='word_1_302' title='bbox 964 2780 1232 2825; x_wconf 81' lang='grc' dir='ltr'>παραφέρεσθαί</span> <span class='ocrx_word' id='word_1_303' title='bbox 1251 2782 1325 2823; x_wconf 81' lang='grc' dir='ltr'>ποι)</span> <span class='ocrx_word' id='word_1_304' title='bbox 1346 2780 1388 2814; x_wconf 84' lang='lat' dir='ltr'>B.</span> <span class='ocrx_word' id='word_1_305' title='bbox 1406 2780 1528 2824; x_wconf 74' lang='grc' dir='ltr'>ἑτέρως</span> <span class='ocrx_word' id='word_1_306' title='bbox 1547 2779 1704 2824; x_wconf 77' lang='grc' dir='ltr'>παραφέ-</span> 
     </span>
     <span class='ocr_line' id='line_1_33' title="bbox 118 2826 1705 2877; baseline -0.004 -11"><span class='ocrx_word' id='word_1_307' title='bbox 118 2832 241 2877; x_wconf 83' lang='grc' dir='ltr'>ρεσθαί</span> <span class='ocrx_word' id='word_1_308' title='bbox 257 2846 315 2866; x_wconf 80' lang='grc' dir='ltr'>ποι</span> <span class='ocrx_word' id='word_1_309' title='bbox 334 2830 401 2865; x_wconf 89' lang='lat' dir='ltr'>Ed.</span> <span class='ocrx_word' id='word_1_310' title='bbox 498 2831 531 2864; x_wconf 83' lang='lat'>8.</span> <span class='ocrx_word' id='word_1_311' title='bbox 557 2829 673 2873; x_wconf 84' lang='grc' dir='ltr'>ἕτερόν</span> <span class='ocrx_word' id='word_1_312' title='bbox 693 2830 734 2862; x_wconf 89' lang='grc' dir='ltr'>Β.</span> <span class='ocrx_word' id='word_1_313' title='bbox 754 2829 888 2873; x_wconf 83' lang='lat' dir='ltr'><strong>Migne.</strong></span> <span class='ocrx_word' id='word_1_314' title='bbox 907 2828 1029 2872; x_wconf 82' lang='grc' dir='ltr'>ἑτέρων</span> <span class='ocrx_word' id='word_1_315' title='bbox 1046 2828 1164 2862; x_wconf 83' lang='lat' dir='ltr'>Holst.</span> <span class='ocrx_word' id='word_1_316' title='bbox 1186 2827 1251 2861; x_wconf 90' lang='lat' dir='ltr'>Ed.</span> <span class='ocrx_word' id='word_1_317' title='bbox 1344 2838 1396 2860; x_wconf 91' lang='lat'>12.</span> <span class='ocrx_word' id='word_1_318' title='bbox 1424 2842 1490 2861; x_wconf 89' lang='grc' dir='ltr'>σου</span> <span class='ocrx_word' id='word_1_319' title='bbox 1509 2826 1705 2860; x_wconf 81' lang='lat' dir='ltr'>secundum</span> 
     </span>
    </p>
   </div>
   <div class='ocr_carea' id='block_1_4' title="bbox 120 2872 1706 2969">
    <p class='ocr_par' dir='ltr' id='par_1_12' title="bbox 120 2872 1706 2969">
     <span class='ocr_line' id='line_1_34' title="bbox 120 2872 1706 2923; baseline -0.003 -11"><span class='ocrx_word' id='word_1_320' title='bbox 120 2890 190 2912; x_wconf 89' lang='lat' dir='ltr'>om.</span> <span class='ocrx_word' id='word_1_321' title='bbox 211 2879 346 2923; x_wconf 85' lang='lat' dir='ltr'>Migne.</span> <span class='ocrx_word' id='word_1_322' title='bbox 447 2887 502 2921; x_wconf 85' lang='lat'>13.</span> <span class='ocrx_word' id='word_1_323' title='bbox 525 2874 784 2920; x_wconf 83' lang='grc' dir='ltr'>λατρεύσωμεν]</span> <span class='ocrx_word' id='word_1_324' title='bbox 803 2874 1011 2918; x_wconf 82' lang='grc' dir='ltr'>λαλήσωμεν</span> <span class='ocrx_word' id='word_1_325' title='bbox 1027 2886 1058 2909; x_wconf 87' lang='lat' dir='ltr'>a.</span> <span class='ocrx_word' id='word_1_326' title='bbox 1175 2875 1228 2908; x_wconf 84' lang='lat'>16.</span> <span class='ocrx_word' id='word_1_327' title='bbox 1256 2874 1433 2918; x_wconf 83' lang='grc' dir='ltr'>σκεπάσῃς</span> <span class='ocrx_word' id='word_1_328' title='bbox 1450 2885 1480 2907; x_wconf 89' lang='lat' dir='ltr'>a.</span> <span class='ocrx_word' id='word_1_329' title='bbox 1502 2872 1706 2919; x_wconf 82' lang='grc' dir='ltr'>[σκεπάσεις</span> 
     </span>
     <span class='ocr_line' id='line_1_35' title="bbox 121 2921 977 2969; baseline -0.006 -10"><span class='ocrx_word' id='word_1_330' title='bbox 121 2923 202 2969; x_wconf 87' lang='lat' dir='ltr'>(IV.</span> <span class='ocrx_word' id='word_1_331' title='bbox 227 2925 268 2959; x_wconf 87' lang='lat'>18</span> <span class='ocrx_word' id='word_1_332' title='bbox 286 2923 364 2969; x_wconf 81' lang='lat' dir='ltr'>al.)]</span> <span class='ocrx_word' id='word_1_333' title='bbox 495 2924 548 2957; x_wconf 81' lang='lat'>18.</span> <span class='ocrx_word' id='word_1_334' title='bbox 575 2922 698 2967; x_wconf 83' lang='grc' dir='ltr'>ἑτέρων</span> <span class='ocrx_word' id='word_1_335' title='bbox 717 2922 759 2957; x_wconf 89' lang='grc' dir='ltr'>Β.</span> <span class='ocrx_word' id='word_1_336' title='bbox 776 2921 892 2967; x_wconf 80' lang='grc' dir='ltr'>ἑτέρου</span> <span class='ocrx_word' id='word_1_337' title='bbox 910 2921 977 2955; x_wconf 85' lang='lat' dir='ltr'>Ed.</span> 
     </span>
    </p>
   </div>
   <div class='ocr_carea' id='block_1_5' title="bbox 878 2988 950 3016">
    <p class='ocr_par' dir='ltr' id='par_1_13' title="bbox 878 2988 950 3016">
     <span class='ocr_line' id='line_1_36' title="bbox 878 2988 950 3016; baseline 0.028 -2"><span class='ocrx_word' id='word_1_338' title='bbox 878 2988 950 3016; x_wconf 83' lang='lat' dir='ltr'>Y2</span> 
     </span>
    </p>
   </div>
  </div>
 </body>
</html>
