2022 3272
92 138 174 179 xiv.
198 150 235 191 7.
476 140 543 180 IN
587 139 629 180 S.
663 138 1002 179 ιῘΟΛΝΝΕΜ.
1067 138 1194 178 LIB.
1229 138 1305 177 lx.
1598 137 1678 175 411

164 246 324 303 Οὐδεὶς
363 250 444 300 οὖν
484 249 584 317 ἥξει
624 248 730 318 πρὶς
776 249 841 298 τὶν
885 247 1082 314 Πατέρα,
1124 247 1356 307 τουτέστι,
1399 246 1524 297 θείας
1571 246 1683 294 ἁνα-

92 330 392 398 δειχθήσεται
427 331 619 399 φύσεως
656 330 890 393 κοινωνὸς,
919 335 952 381 εἰ
986 329 1046 397 μὴ
1075 329 1150 380 διὰ
1177 333 1394 394 Χριστοῦ
1427 326 1588 391 μόνου.
1645 331 1682 376 εὶ

91 412 157 477 μὴ
195 412 290 479 γὰρ
327 413 598 477 ἐμεσίτευσε
636 411 884 479 γενόμενος
923 413 1183 476 ἅνθρωπος,
1225 413 1308 460 οὐκ
1348 408 1405 460 ἂν
1444 412 1505 462 εἰς
1544 415 1682 459 τοῦτο

93 496 434 561 μακαριότητος
474 497 664 561 προῦβη
709 494 767 545 τὰ
811 495 918 545 καθ’
962 494 1096 558 ἡμᾶς,
1138 491 1270 543 ἀλλὰ
1315 497 1390 542 καὶ
1435 492 1477 542 εἴ
1513 513 1582 543 τις
1624 490 1721 539 'loce

52 588 75 626 5
95 576 213 644 πρὸς
238 577 322 628 τὸν
344 577 538 644 Πατέρα
564 577 641 629 διὰ
667 577 874 643 θεωρίας,
892 579 975 641 τῆς
1001 578 1049 627 ἐν
1074 576 1232 626 πίστει
1259 576 1381 642 φημὶ
1408 576 1482 625 καὶ
1509 572 1685 638 γνώσει

94 664 153 727 τῇ
187 660 287 711 κατ’
316 661 571 722 εὐσέβειαν,
600 661 654 711 δι’
684 661 827 710 αὐτοῦ
865 659 1015 710 πάλιν
1041 658 1143 726 ἥξει
1180 662 1263 708 τοῦ
1301 658 1522 721 Σωτῆρος
1554 655 1686 718 ἡμῶν

94 745 327 808 Χριστοῦ.
381 742 497 809 ὅπερ
523 742 616 809 γὰρ
644 742 763 810 ε”φην
789 740 972 808 ἀρτίως,
1000 742 1088 805 ἐρῶ
1125 738 1181 803 δὴ
1216 738 1378 802 πάλιν,
1405 739 1492 804 οὐχ
1522 736 1687 801 ἑτέρως·

95 823 285 891 ἔχοντος
311 830 392 875 τοῦ
428 826 578 890 λόγου
612 822 761 887 οἷμον.
813 821 1199 890 προσδεξάμενος
1233 820 1328 887 γάρ
1361 843 1430 874 τις
1460 819 1543 870 τὸν
1568 817 1687 868 Υὶὸν

95 909 158 959 εἰς
198 906 296 957 υἱὸν
333 907 537 970 ἀληθῶς,
576 908 651 958 ἐπὶ
694 905 781 970 τὴν
818 912 901 956 τοῦ
941 909 1068 955 Θεοῦ
1113 906 1190 954 καὶ
1231 902 1420 967 Πατρὸς
1467 901 1687 969 ἀφίξεται

30 1010 79 1037 ιο
97 992 293 1054 γνῶσιν·
357 988 461 1040 οὐδὲ
502 988 597 1055 γὰρ
640 987 735 1042 υἱὸς
781 987 1008 1054 ὑπάρχειν
1047 991 1212 1048 νοοῖτο,
1251 984 1317 1049 μὴ
1356 985 1460 1052 οὐχὶ
1497 983 1687 1036 πάντως

97 1071 511 1138 συνεισδεχθέντος
561 1071 688 1140 αὐτῷ
738 1076 822 1121 τοῦ
872 1068 1089 1121 τεκόντος
1139 1066 1294 1119 αὐτόν.
1362 1064 1687 1131 συνειστρέχει

96 1152 190 1220 γὰρ
228 1156 330 1221 Υἱῴ
367 1152 453 1215 μὲν
490 1153 518 1217 ἡ
557 1157 662 1218 περὶ
703 1151 895 1218 Πατρὸς
933 1156 1126 1217 γνῶσις,
1163 1152 1317 1216 Πατρὶ
1357 1149 1404 1200 δὲ
1443 1149 1501 1199 αὖ
1539 1146 1688 1199 πάλιν

97 1236 125 1300 ἡ
150 1238 256 1302 περὶ
283 1239 414 1287 Υἱοῦ.
467 1237 635 1286 οὐκοῦν
661 1235 844 1299 ἀληθὴς
871 1236 895 1285 ὁ
926 1233 1099 1300 Κύριος
1134 1233 1290 1298 λέγων
1317 1229 1478 1286 Οὐδεὶς
1515 1231 1687 1299 ἔρχεται
1708 1236 1736 1278 (1

98 1317 204 1387 πρός
245 1317 311 1370 τὶν
351 1316 535 1386 Πατέρα
577 1323 609 1369 εἰ
650 1315 711 1385 μῇ
755 1314 806 1368 δι’
848 1317 964 1384 ἐμοῦ,
1005 1315 1075 1366 ὅτι
1117 1314 1299 1383 φυσικὴ
1341 1317 1417 1365 καὶ
1458 1312 1690 1376 οὐσιώδης

33 1409 80 1449 ¹5
100 1399 234 1451 εἰκὼν
263 1405 347 1451 τοῦ
382 1403 507 1450 Θεοῦ
546 1401 622 1450 καὶ
656 1398 850 1464 Πατρός
884 1400 1016 1448 ἐστιν
1051 1399 1075 1448 ὁ
1109 1396 1240 1459 Υἱὸς,
1271 1398 1346 1447 καὶ
1386 1396 1439 1446 οὐ
1478 1393 1690 1459 καθάπερ

99 1480 238 1550 ἔδοξέ
276 1504 415 1544 τισιν,
457 1483 673 1535 ἐπακτοῖς
718 1480 961 1550 ἀξιώμασι
1006 1478 1318 1547 μεμόρφωται
1361 1475 1480 1544 πρὸς·
1525 1475 1687 1538 αὐτὸν,

101 1563 258 1631 ἕτερόν
285 1587 328 1615 τι
354 1565 452 1614 κατ’
482 1565 651 1615 οὐσίαν
678 1562 907 1631 ὑπάρχων
932 1564 1008 1612 καὶ
1036 1561 1298 1625 νοούμενος.

277 1681 322 1724 Εἰ
359 1682 587 1730 ὲΓνώκειτέ
624 1698 689 1734 με,
728 1681 796 1723 καὶ
833 1682 906 1724 τὸν
943 1681 1115 1737 Πατέρα
1153 1694 1233 1729 μου
1271 1678 1321 1720 ἂν
1361 1677 1518 1737 ᾔδειτε.
1711 1693 1731 1732 7

178 1779 335 1831 Αὐτὸν
361 1780 416 1845 δὴ
445 1781 552 1832 καθ’
579 1781 746 1831 ἑαυτοῦ
773 1780 891 1848 φαίη
919 1802 988 1832 τις
1022 1778 1078 1829 ἂν
1106 1777 1222 1831 ’ἴσως
1250 1778 1325 1827 καὶ
1349 1776 1522 1840 οἰηθείη
1548 1772 1692 1840 τυχὸν

35 1887 85 1912 20
104 1863 409 1929 διαλέγεσθαι
447 1861 529 1913 τὸν
561 1861 694 1914 Υἱόν.
759 1861 852 1928 ε”χει
891 1861 940 1911 δὲ
979 1862 1065 1927 οὐχ
1104 1861 1265 1913 οὕτως.
1330 1859 1384 1908 οὑ
1421 1856 1514 1923 γὰρ
1554 1856 1611 1907 ἄν
1649 1877 1694 1905 τι

103 1950 198 1997 τῶν
238 1945 421 1996 εἷκαίων
459 1944 727 2013 ἐφθέγξατο
766 1945 841 1994 καὶ
881 1947 1129 2008 περιττῶν,
1171 1945 1208 1991 εὶ
1251 1942 1327 1991 καὶ
1370 1939 1439 1990 ὅτι
1478 1937 1695 2002 μάλιστα

106 2026 182 2078 διὰ
222 2025 276 2078 τὸ
316 2026 382 2090 μὴ
428 2026 622 2095 σφόδρα
666 2024 901 2076 δύνασθαί
943 2047 1071 2077 τινας
1115 2027 1211 2076 τοῖς
1255 2021 1526 2087 λεγομένοις
1576 2021 1690 2070 άκο-
1713 2046 1734 2072 e

106 2113 307 2171 λουθεῖν,
346 2106 715 2176 χρησιμωτάτην
754 2107 857 2157 ἔσθ’
897 2105 970 2157 ὅτε
1012 2110 1208 2157 ποιεῖται
1248 2103 1334 2169 τὴν
1372 2103 1691 2170 ἐπανάληψιν.

106 2190 237 2255 πλὴν
263 2190 311 2241 ἕν
337 2213 391 2256 γε
426 2193 491 2259 τῷ
527 2189 727 2256 πάροντι
761 2187 888 2240 πολὺ
923 2187 979 2252 δὴ
1016 2188 1125 2238 λίαν
1159 2187 1370 2251 ὀνίνησιν
1397 2186 1533 2249 ἡμᾶς,
1563 2187 1695 2236 ταυτὶ

40 2292 88 2331 25
107 2277 203 2326 τοῖς
252 2272 454 2339 πρώτοις
504 2270 858 2338 προσενεγκών.
932 2268 1090 2334 ἐπειδὴ
1143 2267 1237 2334 γὰρ
1289 2267 1618 2319 διεπυνθάνετο
1671 2268 1695 2317 ὁ

110 2359 288 2419 Θωμᾶς
317 2358 423 2405 Ποῦ
449 2353 541 2421 γὰρ
567 2352 826 2421 ἀπελεύσῃ,
853 2352 1024 2418 λέγων,
1050 2350 1079 2416 ἦ
1105 2356 1206 2404 πῶς
1231 2349 1288 2401 ἂν
1315 2351 1443 2414 ἡμεῖς
1473 2350 1697 2413 εἰδείημεν

109 2436 196 2502 τὴν
234 2435 356 2499 ὁδὸν,
392 2435 446 2487 τὸ
487 2435 593 2487 ὅποι
631 2434 746 2486 ποτὲ
785 2437 928 2502 βαδιῇ
968 2432 1032 2497 μὴ
1069 2433 1398 2499 γινώσκοντες,
1433 2432 1698 2497 ἀναγκαίως

1759 2503 1867 2544 Supra.

1759 2558 1827 2577 ver.
1845 2546 1876 2577 6.

110 2518 319 2588 ἔφασκεν
346 2526 373 2547 “
391 2516 522 2583 Ἐγώ
549 2522 640 2580 εἶμι
674 2518 701 2581 ἡ
738 2515 843 2570 ὁδὸς
880 2518 955 2566 καὶ
991 2516 1018 2579 ἡ
1054 2514 1145 2580 ζωὴ
1180 2516 1257 2565 καὶ
1292 2515 1318 2577 ἡ
1355 2513 1593 2577 ἀλήθεια,”
1622 2513 1697 2562 καὶ

113 2601 185 2652 ὅτι
228 2608 254 2631 “
276 2601 444 2652 Οὐδεὶς
486 2598 668 2665 ἔρχεται
711 2597 830 2664 πρὸς
874 2597 957 2647 τὸν
1002 2598 1207 2661 Πατέρα,
1250 2599 1287 2645 εἰ
1331 2593 1396 2658 μὴ
1443 2595 1496 2644 δι’
1541 2595 1739 2655 ἐμοῦ·”εὶ
1772 2604 1856 2639 ’770
1874 2602 1927 2637 A·

45 2709 94 2745 30
115 2681 291 2736 δεικνῦς
317 2683 541 2743 ἐντεῦθεν,
567 2682 628 2734 ὡς
655 2679 783 2745 ε’ίπερ
819 2701 886 2732 τις
920 2677 1147 2739 βούλοιτο
1183 2676 1268 2739 τὴν
1295 2674 1403 2726 ὁδὸν
1429 2671 1611 2736 εἰδέναι,
1643 2675 1697 2724 δι’

115 2765 170 2831 ἧς
207 2763 264 2815 ἂν
302 2763 348 2831 ’ίῃ
385 2761 504 2829 πρὸς
542 2760 662 2827 ζωὴν
699 2760 786 2825 τὴν
825 2761 1025 2822 αἰώνιον,
1062 2756 1384 2828 φιλονεικήσει
1423 2755 1478 2820 δὴ
1513 2755 1702 2809 πάντως

166 2877 197 2900 2.
223 2867 326 2909 μόνου
344 2865 492 2909 χριστοῦ
512 2862 606 2897 Catt.
730 2871 761 2907 7.
785 2861 819 2895 δὲ
841 2861 882 2894 Ε.
949 2859 1071 2903 ἑτέρων
1091 2859 1132 2893 Ε.
1258 2859 1290 2892 8.
1317 2858 1590 2902 παραδεξάμενος
1609 2857 1702 2891 Catt.

119 2925 151 2958 9.
179 2911 243 2958 εἷς]
263 2913 306 2948 ὡς
325 2912 393 2946 a.b.
518 2920 571 2943 12.
597 2908 716 2955 πατρὶ]
735 2908 896 2951 πνεύματι
919 2907 1011 2942 Catt.
1135 2917 1187 2951 19.
1215 2905 1296 2940 αὐτό
1315 2905 1365 2939 δεῖ
1385 2905 1425 2939 Ε.
1540 2904 1594 2939 26.
1621 2905 1702 2938 ἀπε-

117 2959 236 2995 λεύσει
256 2959 297 2994 Ε.
372 2954 525 3001 ἦδείημεν
542 2956 636 2991 Aub.

853 3014 875 3055 3
899 3013 923 3041 G
948 3012 970 3041 2
