2022 3272
84 572 106 610 5

64 988 110 1013 10

66 1464 112 1503 15

125 117 282 173 xii.35.
375 120 441 160 IN
475 121 517 161 S.
541 121 710 161 JOAN.
774 119 1035 159 LlB.VlIl.
1100 119 1484 159 FRAGMENTA.
1625 118 1705 156 325

125 227 224 283 πῶς
250 229 332 279 οὖν
358 228 411 280 ab
437 229 588 295 λέγεις
617 229 686 280 ὅτι
714 231 738 279 ὁ
767 227 981 294 Χριστός
1008 232 1099 291 εἶμι
1125 227 1282 293 λε’γων
1308 226 1513 277 σεαυτὸν
1539 229 1707 288 τεθνη-

125 309 355 378 ξόμενον,
395 311 526 362 ἀλλά
552 310 646 377 γὰρ
671 310 736 375 μὴ
764 316 975 364 νοοῦντες
993 311 1209 361 Ἰουδαῖοι
1237 309 1436 375 λέγουσι
1459 307 1544 371 μὲν
1570 305 1712 357 αὐτὸν

125 391 202 442 διὰ
227 392 281 443 τὸ
311 392 462 447 πάθος
494 393 560 457 μὴ
595 391 709 444 εἶναι
735 391 971 458 Χριστόν·
1014 393 1069 443 οὐ
1104 391 1302 457 λέγουσι
1337 389 1385 440 δὲ
1421 390 1491 440 ὅτι
1525 387 1712 456 ἐγράφη

126 473 197 524 ὅτι
223 478 295 525 δεῖ
316 474 398 526 τὸν
424 475 642 541 Χριστὸν
667 479 833 526 παθεῖν
859 477 934 526 καὶ
962 476 1225 538 ἀναστῆναι
1253 474 1327 524 καὶ
1355 475 1568 523 ἀνελθεῖν
1593 469 1714 538 πρὸς

126 554 209 607 τὸν
238 556 441 623 Πατέρα,
468 556 745 623 λειτουργὸν
783 556 1008 621 ἐσόμενον
1041 561 1136 607 τῶν
1171 557 1319 621 ἁγίων
1354 558 1430 605 καὶ
1468 558 1562 605 τῶν
1597 554 1708 617 ἡμε·

127 637 272 702 τέρων
317 643 490 707 ψυχῶν
535 638 770 707 ἀρχιερέα,
827 638 902 690 ὅτε
955 641 1031 689 καὶ
1082 639 1302 704 κρείττων
1347 639 1421 687 καὶ
1470 636 1715 705 ἄφθαρτος

128 720 316 782 ἀνεβίω.
372 722 520 772 καίτοι
546 724 630 785 τῆς
662 723 854 790 γραφῆς
887 721 974 788 οὐχ
1010 720 1080 771 ὅτι
1110 720 1256 784 μόνον
1282 719 1384 788 ἥξει
1410 720 1457 769 ἐν
1483 721 1550 788 τῷ
1576 721 1716 786 κοινῷ

129 800 185 865 δὴ
211 802 362 872 τούτῳ
389 805 464 853 καὶ
496 804 774 872 ἀνθρωπίνῳ
808 802 1023 870 σχήματι
1057 800 1575 868 προαπαγγελλούσης,
1602 799 1714 850 ἀλλ’

128 882 200 934 ὅτι
234 885 309 935 καὶ
345 887 428 948 τῆς
467 884 690 936 ἁπάντων
723 885 840 952 ζωῆς
877 883 1245 953 προτεθνήξεται
1285 885 1360 934 καὶ
1398 882 1718 943 ἀναβιώσεται

128 965 274 1018 πάλιν
305 965 364 1017 τά
401 972 485 1017 τοῦ
524 967 728 1018 θανάτου
763 967 1016 1036 διαῤῥήξας
1051 965 1220 1030 δεσμὰ,
1253 965 1309 1034 ἐξ
1345 965 1400 1016 οὗ
1437 964 1625 1018 πάντως
1662 962 1717 1014 τὸ

128 1047 272 1117 μένειν
327 1055 386 1104 εἷς
445 1049 583 1101 αι’ὦνοι
641 1048 834 1117 Χριστὸν
887 1053 1197 1115 κατορθοῦται
1255 1051 1430 1101 καλῶς·
1497 1048 1718 1113 κρείττων

129 1130 224 1198 γὰρ
268 1132 647 1198 ἀναδεδειγμένος
691 1131 896 1183 θανάτου
935 1133 1011 1182 καὶ
1052 1135 1250 1201 φθορᾶς,
1290 1129 1435 1193 ἀνέβη
1476 1128 1594 1196 πρὸς
1635 1127 1719 1180 τὸν

132 1214 340 1280 Πατέρα.

1775 553 1861 585 Ηοῖ).
1871 552 1937 585 viii.

1778 607 1806 628 2.

137 1371 264 1418 Εἶπεν
314 1374 386 1417 οὖν
436 1374 582 1419 αὐτοῖς
628 1377 651 1419 ὁ
695 1377 862 1419 ἸΗσοῡο
898 1375 992 1417 Ἔτι
1034 1375 1185 1431 μικρὸν
1230 1375 1381 1431 χρόνον
1431 1374 1478 1417 τὸ
1528 1373 1623 1429 φῶς
1671 1372 1716 1413 ἐν
1739 1381 1787 1420 35

200 1456 295 1508 ὑμῖν
329 1459 433 1501 ἐστι.
488 1457 764 1517 Περιπατεῖτε
801 1462 885 1501 ἕως
922 1459 970 1501 τὸ
1008 1459 1104 1514 φώο
1141 1458 1272 1514 ἔχετε,
1304 1457 1373 1499 ἵνα
1411 1457 1467 1505 μὴ
1508 1457 1530 1499 ἡ
1571 1455 1718 1499 σκοτία

202 1543 310 1591 ὑμᾶς
351 1543 585 1601 καταλάβῌ·
643 1544 712 1585 καὶ
753 1543 777 1584 ὁ
820 1542 1071 1599 Περιπατών
1110 1542 1156 1583 ἐν
1195 1545 1246 1600 τῇ
1293 1541 1440 1599 σκοτίᾳ
1484 1540 1560 1582 οὐκ
1604 1535 1719 1581 οἶδεν

200 1628 282 1667 Ποῦ
321 1626 483 1673 firmil-et.

206 1742 294 1796 Ὠς
328 1742 572 1796 ἀσυνέτοις
611 1743 686 1792 καὶ
725 1743 944 1795 ἀπίστοις
979 1746 1075 1795 τοῖς
1101 1740 1357 1802 Ἰουδαίοις,
1384 1740 1437 1790 οὐ
1472 1737 1723 1802 καταλέγει

135 1829 309 1894 σαφῶς
347 1826 372 1875 ὁ
413 1823 628 1891 Χριστὸς
667 1822 722 1875 τὸ
761 1822 887 1885 βαθὺ
925 1828 1008 1874 τοῦ
1049 1824 1199 1888 λόγου
1243 1820 1521 1888 μυστήριον.
1590 1818 1723 1869 ἀλλὰ

67 1929 116 1956 20
135 1905 254 1974 πρὸς
295 1906 451 1973 ἕτερον
487 1909 630 1973 πηδᾷ,
670 1906 787 1968 ὁμοῦ
828 1907 902 1955 καὶ
941 1903 995 1955 τὸ
1034 1903 1275 1972 ἐπωφελὲς
1319 1904 1473 1956 αὐτοῖς
1518 1900 1719 1970 ἐξηγού-

70 2334 117 2373 25

135 2011 273 2053 μενος
312 1990 388 2039 καὶ
427 1987 604 2041 δεικνὺς
638 1986 724 2051 τὴν
762 1986 914 2038 αἰτίαν
953 1987 1006 2036 δι’
1048 1984 1106 2049 ἢν
1145 1986 1198 2036 οὐ
1237 1990 1401 2036 νοοῦσι
1438 1982 1498 2035 τὰ
1536 1985 1584 2034 ἐν
1621 1987 1723 2036 ταῖς

136 2075 358 2141 γραφαῖς,
411 2072 486 2121 καὶ
545 2069 616 2121 ὅτι
674 2073 712 2120 εὶ
763 2067 827 2133 μὴ
878 2066 1187 2119 πιστεύσειαν
1238 2067 1364 2136 αὐτῷ
1418 2067 1540 2135 φωτὶ
1601 2065 1718 2128 ὄντι,
1740 2087 1763 2114 e

136 2153 375 2207 ὁλοτελῶς
400 2150 566 2206 αὐτοὺς
597 2150 652 2203 τὸ
685 2153 768 2215 τῆς
803 2150 1042 2217 ἀγνωσίας
1075 2148 1406 2218 καταλήψεται
1433 2147 1619 2210 σκότος,
1647 2151 1724 2198 καὶ

136 2239 231 2286 τῶν
265 2236 314 2286 ἐκ
353 2240 437 2286 τοῦ
475 2233 635 2304 φωτὸς
673 2235 865 2300 ἀγαθῶν
897 2230 1294 2299 στερηθήσονται·
1341 2230 1458 2281 ὅσον
1495 2229 1590 2296 γὰρ
1630 2228 1724 2281 ἀπὸ

132 2320 220 2381 ,τῆς
257 2320 461 2386 γραφῆς,
501 2319 563 2370 ὡς
610 2320 713 2384 φῶς
752 2312 1059 2382 προσεδόκων
1096 2311 1179 2365 τὸν
1214 2313 1421 2365 Μεσιάν.
1480 2310 1636 2376 ἐπειδὴ
1678 2311 1726 2362 δὲ

137 2397 300 2462 ἦλθεν,
326 2403 388 2452 εἶς
414 2398 684 2450 τούναντίον
712 2398 868 2450 αὐτοῖς
899 2395 1054 2460 ἀπέβη
1083 2394 1143 2446 τὰ
1177 2397 1260 2459 τῆς
1295 2395 1499 2448 ἐλπίδος·
1553 2391 1726 2447 σκότος

138 2480 233 2547 γὰρ
271 2479 437 2534 αὐτοὺς
476 2478 712 2541 κατέλαβε
752 2478 828 2530 διὰ
872 2477 958 2542 τὴν
996 2477 1237 2529 ἀπιστιάν,
1306 2475 1582 2544 ἀνανήψατε
1624 2475 1722 2537 οὖν,

138 2563 277 2632 φησὶ,
322 2561 515 2629 ταχέως,
562 2561 646 2614 ἕως
693 2562 800 2625 ὑμῖν
844 2560 1003 2629 ἔξεστι
1047 2557 1213 2625 μικρόν
1258 2581 1302 2609 τι
1346 2561 1429 2621 τῆς
1473 2562 1556 2608 τοῦ
1603 2556 1727 2607 θείου

189 2743 291 2781 7-13.
320 2734 417 2769 Haec
436 2739 520 2768 sunt
538 2738 572 2768 et
589 2733 625 2767 in
643 2745 672 2767 c.
693 2732 800 2767 Cord.
1006 2742 1037 2776 7.
1065 2731 1128 2776 οὐχ
1147 2730 1215 2776 ὅτι]
1236 2730 1287 2764 ὅτι
1305 2730 1344 2763 οὐ
1362 2741 1392 2763 c.
1413 2727 1521 2763 Cord.
1616 2727 1726 2773 τούτῳ

141 2782 182 2826 δὴ
200 2784 245 2827 τῷ
264 2784 361 2828 κοινῷ
379 2782 517 2815 inverso
536 2780 658 2814 ordine
676 2779 754 2814 Cat.
776 2779 875 2814 Harl.
990 2789 1043 2812 10.
1070 2778 1107 2821 ἐξ
1125 2777 1180 2822 οὗ]
1201 2778 1240 2811 οὐ
1259 2789 1288 2811 c.
1307 2775 1415 2810 Cord.
1526 2785 1580 2809 11.
1606 2789 1727 2819 κατορ-

142 2829 278 2863 θοῦνται
296 2840 326 2863 c.
398 2829 548 2872 κρεῖττον
566 2839 596 2861 C.
617 2826 723 2861 Cord.
882 2837 935 2869 14.
962 2823 1245 2867 Εἶπεν-Ἰησοῦς
1262 2823 1381 2857 addidi
1398 2834 1439 2856 ex
1458 2822 1527 2856 a.k.
1598 2821 1634 2855 ἐν
1651 2822 1728 2865 ὑμῖν

143 2887 174 2909 a.
193 2875 237 2909 cf.
257 2886 363 2919 supra
381 2883 423 2921 72
436 2886 466 2909 c.
482 2873 554 2917 μεθ’
573 2874 664 2917 ὑμῶν
680 2874 716 2908 k.
736 2872 803 2908 Ed.
969 2879 1092 2917 15-17.
1118 2869 1501 2916 περιπατεῖτε-ὑπάγει
1519 2867 1638 2903 addidi
1655 2879 1673 2903 e
1689 2868 1727 2902 k.

143 2921 280 2957 favente
297 2933 327 2956 a.
471 2929 527 2966 27.
552 2922 635 2966 γοῦν
651 2920 687 2955 k.
