2037 3266
353 132 437 172 620
753 132 805 174 B.
837 131 1118 174 CYRILLI
1158 132 1539 173 ALEXANDR.
1791 129 1875 171 xvi.
1897 139 1935 183 7.

352 237 552 291 ἀπὲλθω·
608 239 680 292 ἐέιν
712 240 804 313 ’γαρ
834 240 896 311 μὴ
929 240 1128 305 ἀπέλθω,
1157 249 1174 294 ὁ
1205 242 1503 311 Ποιροίκλητος
1535 243 1577 292 οὐ
1609 238 1671 309 μὴ
1704 237 1800 313 ἔλθῃ
1829 239 1937 307 πρὶς

352 324 490 391 ὑμᾶς.

312 415 334 442 0
427 395 547 462 Φέρε
574 393 631 459 δή
657 418 701 447 τι
728 398 804 447 καὶ
829 395 949 463 πρὸς
974 396 1156 450 τούτοις
1181 395 1339 461 ἕτερον
1364 397 1621 458 ἐπινοῶμεν
1639 399 1736 449 τοῖς
1763 391 1938 459 θεωρή-

351 500 474 542 μασι
505 477 745 546 χρήσιμόν
770 501 818 529 τε
846 480 921 529 καὶ
955 477 1143 542 ἀληθές.
1199 477 1482 544 κατώρθωτο
1513 476 1598 541 μὲν
1622 476 1715 543 γὰρ
1749 475 1938 528 ἅπαντα

351 559 523 611 λοιπὸν
549 559 608 611 τὰ
635 561 708 611 ἐπὶ
740 563 823 623 τῆς
849 563 950 626 γῆς,
976 558 1188 626 καθάπερ
1214 558 1379 622 ἀμέλει
1405 559 1793 622 διεβεβαιούμεθα
1819 559 1934 609 νυνί·
1957 572 1978 610 5

350 644 471 709 χρῆν
497 640 545 692 δὲ
577 640 633 705 δὴ
666 639 853 695 πάντως
888 640 1136 695 κοινωνοὺς
1174 641 1295 705 ἡμᾶς
1333 643 1409 692 καὶ
1447 639 1675 708 μετόχους
1713 639 1938 705 γενέσθαι

351 726 435 787 τῆς
480 724 604 777 θείας
643 729 728 774 τοῦ
771 722 934 790 Λόγου
977 723 1182 792 φύσεως,
1230 723 1351 789 ἤπερ
1392 721 1477 787 τὴν
1520 723 1691 774 οἰκείαν
1732 721 1938 790 ἀφέντας

352 805 472 872 ζωὴν
497 809 560 859 εἰς
594 804 753 872 ἑτέραν
778 805 1226 872 μετασκευοίζεσθαι,
1253 807 1328 856 καὶ
1362 803 1480 871 πρὸς
1506 804 1757 869 καινότητα
1789 811 1933 855 πολι-

351 889 474 941 τείας
498 891 975 955 μεταστοιχειοῦσθοιι
1001 890 1085 951 τῆς
1112 891 1386 956 θεοφιλοῦς·
1439 886 1550 938 ἀλλ’
1576 886 1633 951 ῆν
1659 887 1746 954 οὐχ
1772 886 1937 951 ἑτέρως

352 969 588 1021 δύνασθαι
629 969 795 1021 τούτου
834 974 1005 1038 τυχεῖν,
1042 973 1079 1020 εὶ
1117 969 1183 1034 μὴ
1223 969 1298 1019 διὰ
1333 973 1416 1033 τῆς
1453 974 1536 1020 τοῦ
1565 969 1734 1034 εΑγίου
1777 966 1931 1019 Πνεύ-
1958 988 2006 1013 10

307 1066 334 1108 d
351 1074 498 1116 ματος
537 1051 777 1105 κοινωνίας
812 1075 861 1102 τε
896 1053 972 1103 καὶ
1003 1052 1272 1116 μετουσίας.
1318 1053 1343 1102 ὁ
1369 1050 1516 1117 γεμὴν
1541 1049 1937 1118 πρεπωδέστατός

351 1156 399 1184 τε
434 1156 510 1184 και
536 1132 814 1187 οἰκειότατος
847 1133 1006 1200 καιρὸς
1032 1138 1090 1201 τῇ
1129 1139 1212 1184 τοῦ
1252 1133 1530 1197 Πνεύματος
1569 1135 1820 1201 ἀποστολῇ
1859 1135 1936 1184 καὶ

351 1214 536 1266 καθόδω
577 1220 635 1282 τῇ
681 1239 800 1282 προς
841 1216 976 1280 ημᾶς,
1015 1217 1185 1269 ἐκεῖνος
1225 1213 1283 1279 ἧν
1327 1215 1419 1281 ἀρα
1462 1214 1633 1266 λοιπον
1678 1215 1935 1282 εἶστρεχων

350 1297 586 1363 εὐκαίρως,
628 1300 653 1348 ὁ
698 1297 818 1361 μετὰ
863 1297 948 1361 τὴν
996 1299 1208 1348 ἐντεῦθεν
1261 1292 1529 1361 ἀποδημίαν
1579 1302 1662 1347 τοῦ
1713 1299 1935 1363 Σωτῆρος

349 1379 482 1442 ημῶν
520 1383 754 1445 Χριστοῦ.
810 1379 970 1431 συνὼν
1005 1378 1091 1443 μὲν
1123 1379 1217 1446 γὰρ
1247 1380 1313 1430 ε”τι
1351 1378 1469 1443 μετὰ
1510 1401 1689 1445 σαρκος
1722 1402 1797 1429 και
1837 1383 1933 1433 τοῖς
1957 1399 2005 1437 15

349 1460 658 1512 πιστεύουσιν
697 1465 758 1515 εἷς
797 1460 956 1520 αὐτὸν,
999 1461 1176 1515 παντὸς
1215 1459 1344 1524 οἶμαι
1382 1460 1589 1528 χορηγὸς
1627 1463 1809 1526 ἀγαθοῦ
1848 1463 1931 1511 ἀν-

347 1543 594 1594 εδείκνυτο·
650 1545 760 1594 ἀλλ’
798 1543 984 1610 ἐπείπερ
1020 1542 1162 1595 αὑτὸν
1186 1543 1551 1609 ἀνακομίζεσθαι
1588 1546 1681 1593 δεῖν
1707 1542 1825 1608 πρὸς
1851 1542 1934 1594 τὸν

349 1627 397 1675 ἐν
422 1630 519 1679 τοῖς
545 1626 757 1691 οὐρανοῖς
787 1625 980 1691 Πατέρα
1019 1624 1181 1691 καιρὸς
1218 1623 1373 1675 ε’κοίλει
1412 1626 1488 1675 καὶ
1527 1625 1680 1692 χρεία,
1710 1629 1812 1679 πῶς
1850 1626 1934 1676 οὐκ

349 1706 438 1757 ε”δει
471 1711 679 1758 συνεῖναι
706 1706 781 1757 διὰ
807 1713 891 1758 τοῦ
920 1706 1198 1768 Πνεύμοιτος
1234 1711 1329 1760 τοῖς
1367 1706 1645 1769 σεβομένοις
1672 1706 1828 1770 αὐτὸν,
1856 1709 1932 1758 καὶ

349 1789 538 1839 ἐνοικεῖν
572 1791 620 1839 ἐν
656 1794 756 1842 ταῖς
797 1789 1007 1855 καρδίαις
1046 1789 1177 1852 ἡμῶν
1214 1787 1290 1839 διὰ
1330 1791 1412 1851 τῆς
1450 1788 1668 1850 πίστεως,
1708 1789 1762 1839 ἵν’
1791 1788 1934 1840 αὐτὸν
1955 1809 2005 1834 20

127 1865 201 1940 (gal.
217 1866 260 1897 iv.
312 1870 534 1938 θέχοντες
574 1872 622 1921 ἐν
662 1873 855 1933 ἑαυτοῖς,
899 1870 1017 1933 μετὰ
1059 1871 1328 1937 παῤῥησίας
1373 1869 1613 1936 κράζωμεν
1655 1877 1680 1899 “
1705 1871 1871 1932 Ἀββᾶ
1909 1873 1935 1922 ὁ

352 1960 378 1982 “
403 1951 611 2018 πατὴρ,”
664 1955 740 2003 καὶ
791 1952 910 2018 πρὸς
960 1958 1126 2004 πᾶσαν
1177 1951 1382 2005 εὐκόλως
1432 1951 1579 2015 ’ίοιμεν
1626 1951 1815 2018 ἀρετὴν,
1859 1956 1935 2004 καὶ
2033 1942 2037 2015 Ι

349 2034 548 2100 προσέτι
586 2035 752 2104 τούτῳ,
780 2035 972 2086 δυνατοί
1007 2057 1054 2085 τε
1083 2037 1159 2085 καὶ
1197 2034 1373 2101 ἄμαχοι
1404 2032 1522 2099 πρὸς
1549 2033 1633 2087 τὰς
1658 2040 1741 2084 τοῦ
1765 2033 1930 2095 διαβό-
2033 2028 2037 2098 ξ

351 2122 440 2166 λου
477 2120 718 2180 μεθοδείας
757 2117 1094 2183 εὑρισκώμεθα,
1128 2119 1202 2167 καὶ
1241 2116 1325 2170 τὰς
1363 2116 1419 2184 ἐξ
1454 2117 1717 2182 ἀνθρώπων
1754 2118 1932 2167 ἐπανα-

351 2197 561 2261 στάσεις,
589 2196 669 2249 ἅτε
696 2198 752 2263 δὴ
779 2204 853 2249 καὶ
879 2198 933 2250 τὸ
959 2197 1115 2250 πάντα
1141 2198 1311 2265 ἰσχύον
1334 2198 1518 2265 ἔχοντες
1546 2202 1759 2261 Πνεῦμα·
1955 2212 2004 2251 25

417 2277 532 2330 “Ort
571 2279 665 2346 γὰρ
703 2284 765 2334 εἷς
803 2280 964 2346 ἑτέραν
999 2279 1103 2330 τινὰ
1133 2280 1420 2343 μεθίστησιν
1446 2279 1545 2348 ἕξιν
1575 2279 1683 2332 τοῦς
1709 2281 1757 2330 ἐν
1784 2279 1851 2333 οἷς
1876 2279 1936 2331 ἂν

351 2362 533 2428 γένοιτο
579 2365 655 2412 καὶ
701 2362 960 2430 κατοικήσῃ
1006 2361 1060 2412 τὸ
1105 2365 1314 2423 Πνεῦμα,
1360 2362 1435 2411 καὶ
1485 2365 1547 2414 εἷς
1591 2361 1840 2425 καινότητα
1886 2362 1936 2413 δὲ

351 2444 671 2508 μεταπλάττει
707 2443 836 2509 ζωῆς,
869 2447 970 2497 πῶς
1009 2444 1063 2494 οὐ
1092 2443 1264 2512 ῥᾳδίως
1302 2443 1508 2512 ἐπιδείξῃ
1547 2466 1616 2497 τις
1655 2442 1726 2506 ἂν,
1753 2443 1847 2495 ἀπό
1885 2456 1936 2496 τὲ

351 2529 434 2589 τῆς
473 2527 669 2593 ἀρχαίας
708 2528 783 2577 καὶ
824 2526 927 2579 νεάς
965 2529 1186 2593 γραφῆςς
1242 2527 1266 2576 ὁ
1305 2524 1390 2588 μὲν
1420 2524 1513 2591 γὰρ
1546 2525 1804 2579 θεσπέσιος
1832 2530 1932 2577 Σα-

133 2623 288 2659 92οΑ.
314 2606 522 2671 ειμουὴλ,
568 2607 642 2658 ὅτε
678 2606 786 2662 τοὺς
829 2607 948 2674 πρὸς
994 2607 1078 2658 τὸν
1122 2607 1285 2658 Σαοὺλ
1328 2609 1526 2658 ἐποιεῖτο
1571 2607 1747 2673 λόγους
1792 2611 1934 2661 “Kal
1954 2607 2028 2658 30*

131 2674 249 2748 ngfg.
354 2697 381 2719 ‘⁴
408 2692 666 2754 ἐφαλεῖται,
703 2691 869 2759 φησὶν,
907 2691 982 2741 ε’πῖ
1020 2689 1077 2740 σὲ
1106 2693 1303 2752 Πνεῦμα
1331 2689 1521 2755 Κυρίου,
1554 2691 1628 2739 καὶ
1668 2689 1934 2758 στραφήσῃ

134 2770 292 2850 ξξθῐζῑῑῑ·
356 2778 382 2801 “
408 2775 471 2824 εἷς
509 2771 658 2838 ἄνδρα
696 2771 895 2821 ἄλλον·”
961 2771 986 2821 ὁ
1033 2770 1083 2820 δὲ
1123 2769 1351 2837 μακάριος
1394 2773 1586 2823 Παῦλος
1627 2777 1654 2799 “
1678 2771 1846 2834 Ἡμεῖς
1884 2771 1933 2822 δὲ

403 2882 435 2916 (.
461 2884 578 2925 χρῆναι
597 2882 638 2916 Ε.
870 2894 923 2917 10.
950 2882 1070 2917 τούτου
1089 2881 1255 2917 δύνασθαι
1272 2882 1343 2917 inv.
1361 2881 1481 2916 ordine
1501 2881 1607 2917 Cord.
1837 2894 1850 2915 1
1862 2892 1889 2916 Ι.
1914 2884 1933 2915 ὁ

355 2929 460 2973 γεμὴν
478 2929 548 2963 bo}
551 2929 584 2962 d
604 2928 622 2962 ὅ
639 2943 674 2962 τε
692 2943 757 2972 μην
774 2928 841 2964 Ed.
