2037 3266
261 110 348 150 318
665 109 716 150 B.
750 107 1024 150 CYRILLI
1066 106 1453 150 ALEXANDR.
1606 106 1677 147 xii.
1698 115 1766 158 27,
1786 102 1853 147 28·

265 225 292 248 ‘⁴
319 216 484 285 ἑορτὰς
510 220 639 282 ὑμῶν
664 219 848 284 μισεῖὴ
875 218 1012 288 ψυχή
1040 219 1260 283 μου,”καὶ
1286 217 1381 269 ὅσα
1404 222 1611 268 τοιαῦτα·
1646 217 1855 282 ἐροῦμεν,

224 327 249 354 e
267 301 330 354 ὡς
364 305 461 354 τοῖς
495 301 733 368 ἡμετέροις
769 301 927 352 ε”θεσιν
953 301 1272 368 ἀποκέχρηται
1306 304 1498 364 μᾶλλον
1524 297 1600 350 διὰ
1625 297 1712 362 τὴν
1736 294 1857 362 πρὸς

265 383 387 446 ἡμᾶς
422 383 807 450 συγκατάβασιν,
842 381 1007 449 ὥσπερ
1045 386 1122 434 καὶ
1159 381 1424 448 πρόσωπον
1461 383 1538 432 καὶ
1575 377 1857 448 ὀφθαλμοὺς

266 469 344 516 καὶ
370 464 431 516 τὰ
457 464 604 517 λοιπὰ
629 464 756 530 με’λη
781 464 1053 532 προσάπτει
1077 467 1143 534 τῷ
1174 463 1417 534 ἀσωμάτῳ
1443 465 1851 531 καταχρηστικῶς.

264 546 384 611 μετὰ
430 547 478 598 δὲ
522 546 609 612 τὴν
652 547 1029 613 ε’νανθρώπησιν,
1071 550 1108 598 εἰ
1153 549 1300 601 οὕτως
1345 549 1562 613 εἰρῆσθαι
1613 544 1852 614 φήσομεν,

266 629 400 680 εἰκὼν
427 629 484 694 ἧν
511 628 615 696 ἄρα,
643 631 720 680 καὶ
757 627 967 693 δόκησις,
998 631 1075 680 καὶ
1109 628 1237 692 σκιὰ,
1269 631 1345 680 καὶ
1379 630 1432 679 οὐ
1471 627 1592 679 κατὰ
1630 626 1857 691 ἀλήθειαν

266 712 529 777 ἄνθρωπος,
569 711 690 762 κατὰ
733 710 817 762 τὸν
855 711 996 762 ἄθεον
1036 711 1226 776 Μάνην.
1295 711 1415 775 ὅλην
1458 711 1614 761 τοίνυν
1653 707 1740 773 τὴν
1776 709 1858 758 ἀν-

268 793 460 860 θρώπου
501 792 652 863 φύσιν
685 793 870 857 ἥνωσεν
901 796 1050 863 ἑαυτῷ
1091 795 1116 844 ὁ
1154 799 1238 845 τοῦ
1275 797 1401 845 Θεοῦ
1431 792 1601 859 Λόγος,
1628 792 1704 842 ἵνα
1742 791 1859 844 ὅλον

45 888 132 925 '705
147 887 197 922 A·
228 876 412 945 ασώσῃ
449 876 533 927 τὸν
573 876 842 944 ἄνθρωπον.
912 875 937 927 ὃ
977 875 1071 943 γὰρ
1108 875 1174 941 μὴ
1214 876 1580 943 προσείληπται,
1619 873 1724 925 οὐδὲ
1768 873 1853 924 σε’-

269 982 478 1010 σωσται.

392 1044 401 1057 ,
453 1040 465 1055 x
584 1042 597 1058 f
761 1040 805 1059 l,
954 1040 966 1057 s
1134 1042 1145 1056 ‚
1313 1046 1333 1055 ἢ
1389 1043 1400 1059 ‚
1475 1039 1486 1056 ‚
1539 1044 1549 1058 ‚
1640 1040 1650 1055 ‚
1792 1040 1803 1056 ι

345 1045 508 1093 Ειπων
533 1064 692 1105 μεντοι
718 1065 772 1092 το
816 1040 1067 1111 Εταραχθη,
1095 1065 1149 1092 ου
1175 1065 1348 1111 σιωπᾳ,
1374 1049 1473 1093 αλλ
1513 1064 1575 1094 εις
1605 1045 1859 1102 ευτολμιαν

267 1123 588 1187 μεταπλάττει
625 1123 680 1174 τὸ
714 1123 879 1187 πάθος,
906 1126 982 1174 καὶ
1018 1127 1270 1192 μονονουχὶ
1304 1125 1455 1193 φησίν
1483 1122 1637 1174 Οὐδέν
1663 1125 1766 1173 ἐστι
1804 1120 1858 1172 τὸ

268 1208 536 1256 ἀποθανεῖν·
579 1205 711 1256 ἀλλὰ
738 1206 814 1257 διὰ
839 1212 979 1257 τοῦτο
1004 1207 1244 1275 ἐπέτρεψα
1268 1211 1327 1274 τῇ
1356 1208 1499 1272 σαρκὶ
1525 1205 1579 1256 τὸ
1606 1204 1858 1262 δειλιάσαι,

268 1288 343 1338 ἵνα
382 1288 801 1356 μεταστοιχειώσω
841 1287 987 1352 αὐτὴν
1024 1293 1087 1342 εἷς
1125 1289 1390 1352 εὐτολμίαν.
1456 1288 1607 1353 ἦλθον
1644 1292 1741 1340 τοῖς
1786 1287 1861 1336 ἐπὶ

269 1373 357 1435 γῆς
391 1369 477 1434 τὴν
509 1370 630 1437 ζωὴν
663 1372 996 1438 κατορθώσων,
1030 1371 1100 1423 διὸ
1141 1374 1216 1423 καὶ
1254 1370 1373 1438 πρὸς
1411 1370 1465 1423 τὸ
1504 1375 1671 1422 παθεῖν
1699 1367 1859 1436 ηὐτρέ-

270 1475 463 1514 πισμαι.

347 1538 484 1585 Αἱτεῖ
506 1534 553 1586 δὲ
580 1534 663 1586 τὸν
692 1536 900 1603 Πατέρα,
929 1539 1006 1587 καὶ
1040 1535 1094 1588 τὸ
1129 1540 1212 1601 τῆς
1248 1538 1385 1604 εὐχῆς
1418 1539 1586 1604 σχῆμα
1621 1538 1856 1598 διατυποῖ,

272 1615 359 1682 οὐχ
398 1619 460 1671 ὡς
499 1618 741 1669 ἀδυνατῶν
776 1620 800 1668 ὁ
837 1617 994 1670 πάντα
1033 1619 1230 1687 ἰσχύων,
1264 1621 1377 1670 ἀλλ’
1416 1622 1478 1673 ὡς
1517 1619 1765 1685 ἅνθρωπος
1802 1616 1863 1669 τὰ

228 1710 255 1750 b
272 1697 411 1763 μείζω
446 1697 475 1762 ἢ
512 1699 632 1750 κατὰ
666 1700 917 1766 ἄνθρωπον
951 1701 1199 1763 ἀπονέμων
1231 1705 1288 1769 τῇ
1328 1703 1429 1771 θείᾳ
1468 1700 1626 1770 φύσει,
1654 1701 1737 1751 οὐκ
1771 1700 1863 1768 ἔξω

273 1779 338 1830 ὧν
365 1780 551 1846 ταύτης,
579 1782 694 1833 ὅταν
721 1786 847 1850 καλῇ
883 1782 965 1833 τὸν
995 1784 1188 1849 Πατέρα
1222 1783 1305 1834 τὸν
1329 1784 1459 1847 ἴδιον,
1486 1785 1597 1834 ἀλλ’
1625 1783 1755 1836 εἰδὼς
1792 1781 1863 1833 ὅτι

272 1862 348 1913 διὰ
380 1863 573 1930 Πατρὸς
601 1865 677 1914 καὶ
704 1867 822 1915 Υἱοῦ
850 1865 950 1933 ἥξει
978 1865 1004 1928 ἡ
1032 1867 1080 1915 ἐν
1106 1868 1247 1916 παντὶ
1280 1864 1527 1932 πράγματι
1561 1866 1756 1929 δύναμις
1786 1865 1864 1915 καὶ

272 1945 407 2014 δόξα.
469 1946 556 1997 ε’ίτε
597 1946 653 1996 δέ
687 1946 920 2015 Δόξασόν
959 1970 1050 1998 σου
1090 1948 1173 1998 τὸν
1203 1946 1321 1999 Υὶὸν
1360 1948 1451 2015 ἔχει
1491 1948 1518 2012 ἡ
1557 1947 1736 2016 γραφὴ,
1776 1947 1864 1998 εἴτε

273 2026 505 2096 Δόξασόν
544 2052 637 2079 σου
675 2029 729 2079 τὸ
769 2028 931 2093 ὄνομα,
967 2029 1139 2080 ταύτόν
1174 2032 1277 2081 ἐστι
1317 2035 1376 2097 τῇ
1414 2035 1509 2081 τῶν
1548 2029 1865 2096 θεωρημάτων

274 2111 505 2179 ἀκριβείᾳ.
561 2110 687 2174 ὅμως
721 2113 746 2161 ὁ
773 2110 990 2177 Χριστὸς
1025 2112 1396 2180 καταφρονήσας
1430 2119 1513 2164 τοῦ
1550 2112 1755 2164 θανάτου
1788 2113 1865 2163 καὶ

273 2196 357 2255 τῆς
397 2195 446 2243 ἐκ
491 2199 575 2244 τοῦ
618 2198 786 2244 παθεῖν
827 2194 1070 2260 αἰσχύνης,
1112 2194 1235 2257 μόνα
1279 2193 1327 2245 δὲ
1371 2194 1429 2246 τὰ
1474 2197 1523 2246 ἐκ
1569 2201 1652 2246 τοῦ
1696 2199 1865 2246 παθεῖν

276 2279 475 2325 σκοπῶν
501 2275 859 2340 κατορθώματα,
886 2277 963 2325 καὶ
988 2275 1106 2326 ὅσον
1131 2276 1312 2326 οὐδέπω
1343 2277 1391 2326 ἐκ
1426 2277 1577 2339 με’σου
1611 2276 1865 2342 βαδίζοντα

239 2356 353 2408 οδιά
391 2362 474 2408 τοῦ
513 2356 718 2408 θανάτου
763 2359 845 2420 τῆς
891 2358 1009 2411 ἰδίας
1053 2356 1232 2424 σαρκὸς
1276 2358 1358 2409 τὸν
1396 2358 1620 2410 ἁπάντων
1659 2358 1865 2410 θάνατον

329 2596 358 2620 1.
384 2586 437 2619 καὶ
455 2585 522 2620 ὅσα
539 2588 677 2621 τοιαῦτα
696 2592 877 2632 assumpta
894 2599 936 2621 ex
952 2587 1022 2622 b.c.
1042 2586 1149 2623 Cord.
1277 2600 1310 2632 4.
1335 2587 1457 2634 λοιπὰ]
1482 2593 1517 2630 4-
1539 2589 1648 2624 πάντα
1667 2588 1743 2623 Cat.
1765 2589 1865 2625 Harl.

279 2632 346 2666 Ed.
366 2633 484 2667 invitis
502 2633 655 2678 reliquis.
753 2634 785 2667 6.
811 2635 875 2679 ι’ίρα
892 2633 931 2678 ἧν
948 2635 1086 2669 inverso
1105 2635 1227 2669 ordine
1245 2647 1275 2669 c.
1341 2635 1410 2670 κατ’
1429 2648 1458 2670 c.
1480 2636 1586 2670 Cord.
1690 2646 1720 2682 7.
1748 2638 1866 2680 Μάνην

278 2680 381 2713 a.c.k.
401 2679 507 2713 Cord.
525 2681 669 2724 μάνεντα
685 2680 721 2715 b.
742 2681 850 2715 Μάνιν
869 2681 945 2715 Cat.
967 2681 1066 2716 Harl.
1086 2682 1153 2716 Ed.
1219 2682 1279 2726 τὴν
1295 2682 1490 2728 ἀνθρώπου]
1509 2687 1576 2717 τῶν
1592 2682 1777 2727 ἀνθρώπων
1797 2684 1865 2728 (er-

277 2726 369 2769 rore)
390 2726 485 2762 Aub.
644 2728 676 2762 8.
703 2727 742 2761 ἵν’
764 2740 792 2762 e.
813 2728 919 2762 Cord.
1090 2740 1122 2773 9.
1150 2729 1190 2762 οὐ
1207 2730 1470 2774 προσείληπται,
1489 2730 1528 2763 οὐ
1546 2730 1723 2764 σέσωσται
1741 2730 1813 2764 des.
1833 2741 1863 2764 c.

279 2771 387 2807 Cord.
526 2784 580 2818 13.
606 2773 802 2819 ἀποθανεῖν]
822 2775 942 2809 παθεῖν
958 2775 1012 2808 καὶ
1029 2775 1210 2810 ἀποθανεῖν
1227 2777 1297 2810 ak.
1443 2788 1496 2819 14.
1522 2777 1625 2820 αὐτὴν
1641 2782 1865 2820 assumptum

278 2830 319 2852 ex
338 2819 408 2853 a.k.
606 2832 658 2866 19.
685 2821 861 2865 ἀπονέμων
878 2822 948 2857 a.k.
968 2822 1074 2866 νέμων
1093 2823 1169 2856 Cat.
1191 2822 1291 2857 Harl.
1312 2822 1376 2857 Ed.
1568 2835 1623 2857 21.
1651 2822 1702 2867 ἐν]
1723 2823 1776 2857 ἐπὶ
1793 2823 1864 2857 a.k.

280 2875 336 2899 22.
361 2865 396 2898 δέ
415 2872 637 2910 assumptum
656 2879 697 2901 ex
715 2869 784 2901 ἕως.
930 2878 986 2911 25.
1012 2869 1131 2904 παθεῖν
1148 2868 1225 2914 alt.]
1246 2869 1373 2906 πάθους
1391 2870 1426 2905 k.
1518 2870 1592 2904 Inc.
1612 2870 1706 2903 Κατὰ
1721 2870 1760 2903 τὸ
1777 2869 1864 2904 εἰκὸς

277 2911 319 2944 τὰ
342 2911 377 2945 ἐκ
400 2915 459 2946 τοῦ
483 2914 602 2948 παθεῖν
618 2914 809 2960 περιαθρῶν
826 2915 1067 2960 κατορθώματα
1085 2917 1138 2951 καὶ
1156 2928 1187 2951 c.
1206 2916 1312 2951 Cord.
1458 2916 1513 2952 26.
1539 2918 1630 2950 οὔπω
1649 2927 1678 2950 a.

1874 560 1896 598 5

1881 977 1931 1004 10

1884 1807 1934 1832 20

1886 2218 1935 2256 25
