2022 3272
114 114 198 156 xvi.
221 127 286 171 25.
350 117 423 159 IN
467 120 507 160 S.
543 120 881 161 JOANNEM.
947 120 1068 159 Llss.
1106 120 1182 160 XI.
1246 120 1379 161 CAP.
1414 120 1472 159 ΙΙ.
1621 118 1702 156 647

115 224 390 279 πέπλασται
442 228 536 296 γὰρ
586 231 708 280 οὕτω
761 233 856 280 τῶν
906 230 956 279 ἐν
1005 228 1276 294 παροιμίαις
1333 226 1604 293 λεγομένων
1653 224 1707 274 τὸ

117 311 299 376 σχῆμα.
363 310 480 377 ἅπερ
519 312 601 362 οῦν
639 310 782 374 εἷπον,
823 311 989 379 φησιν,
1030 313 1093 364 ὡς
1132 311 1169 361 ἐν
1209 314 1472 378 παροιμίαις
1521 309 1587 359 ἔτι
1632 308 1709 357 καὶ

117 391 364 457 αἰνίγμασι
404 393 654 458 λελάληκα
691 393 811 461 πρὸς
853 395 973 458 ὑμᾶς
1013 396 1160 460 καιρῷ
1201 392 1416 458 τηρήσας
1454 395 1520 459 τῷ
1559 390 1709 440 δέοντι

119 476 195 524 καὶ
222 474 339 526 ὅσον
365 476 546 528 οὐδέπω
572 476 884 546 παρεσομένῳ
910 474 995 540 τὴν
1022 476 1357 543 ἀναμφίλογον
1384 471 1707 540 ἀποκάλυψιν.
1727 491 1748 517 O

77 557 220 625 5ἤξει
257 556 350 624 γὰρ
389 558 505 628 ἥξει,
546 561 711 626 φησιν,
751 558 852 629 ὥρα,
892 580 1111 609 τουτεστι
1151 580 1323 624 καιρος,
1363 557 1470 607 καθ’
1513 553 1565 606 ’ὸν
1606 555 1712 616 ὑμῖν

121 640 373 708 διαῤῥηδην
412 665 471 692 τα
509 665 604 712 περι
646 665 729 705 της
771 667 839 692 του
882 639 1055 708 Ποιτρος
1097 638 1397 709 ἐξηγησομαι
1441 636 1597 706 δόξης,
1637 637 1713 686 καὶ

121 721 207 787 τὴν
238 723 352 790 ὑπὲρ
392 729 500 774 νοῦν
534 747 616 775 τον
641 724 938 789 ανθρώπινον
970 722 1159 787 ε’νθησω
1198 722 1411 773 σύνεσιν.
1469 743 1543 771 και
1581 719 1649 772 τίς
1688 719 1713 768 ὁ

122 804 289 856 τούτου
328 829 501 871 καιρος,
542 807 594 856 οὐ
634 804 830 875 σφόδρα
870 804 954 868 μὲν
991 804 1082 873 ἔφη
1121 809 1310 874 σαφῶς·
1366 801 1626 866 οἰησόμεθα
1665 798 1714 850 δὲ

125 890 303 952 δηλοῦν
342 889 515 938 ἐκεῖνον
554 886 712 946 αὐτὸν,
755 886 784 952 ἢ
828 889 935 939 καθ’
978 886 1031 938 ὃν
1070 885 1156 951 τὴν
1195 886 1271 938 διὰ
1314 891 1398 937 τοῦ
1438 883 1717 948 Πνεύματος

58 997 105 1021 10
124 971 519 1033 πεπλουτήκαμεν
569 975 752 1036 γνῶσιν
803 968 922 1033 μετὰ
972 968 1059 1034 τὴν
1108 971 1158 1020 ἐκ
1211 973 1386 1035 νεκρῶν
1429 966 1714 1035 ἀναβίωσιν,

125 1050 487 1120 χορηγήσαντος
530 1053 641 1117 ἡμῖν
679 1051 793 1104 αὐτὸ
833 1058 916 1103 τοῦ
956 1056 1191 1119 Χριστοῦ·
1240 1050 1268 1117 ἦ
1308 1050 1432 1119 τάχα
1470 1050 1553 1101 τὸν
1591 1046 1715 1113 με’λ-

127 1143 276 1186 λοντα
315 1137 390 1186 καὶ
429 1135 656 1200 ἐσόμενον
693 1135 812 1198 μετὰ
850 1133 937 1199 τὴν
967 1141 1050 1186 τοῦ
1089 1134 1275 1198 κόσμου
1313 1131 1581 1196 συστολὴν,
1609 1131 1717 1181 καθ’

129 1215 182 1268 ὃν
227 1217 634 1272 ἀκατακαλύπτως
677 1241 726 1268 τε
770 1219 844 1268 καὶ
890 1220 1100 1284 ἐναργῶς
1145 1215 1231 1286 τὴν
1276 1222 1359 1267 τοῦ
1402 1220 1528 1267 Θεοῦ
1573 1212 1758 1282 δόξανᾶ

129 1299 364 1366 ὀψόμεθα,
408 1299 682 1367 φανοτάτην
730 1301 839 1364 ἡμῖν
887 1300 1219 1364 ἐμβάλλοντος
1269 1297 1354 1362 τὴν
1400 1299 1505 1363 περὶ
1555 1297 1721 1346 ἑαυτοῦ

64 1402 109 1441 15
130 1387 328 1449 γνῶσιν.
381 1382 451 1433 διὸ
490 1385 566 1433 καὶ
604 1384 629 1433 ὁ
668 1387 865 1437 Παῦλος
903 1382 1196 1451 προφητείας
1232 1379 1319 1445 μὲν
1354 1377 1715 1446 καταργηθήσε-

131 1470 247 1517 σθαι
286 1465 428 1531 λέγει,
454 1464 727 1516 παύσεσθαι
767 1464 814 1516 δὲ
852 1470 1048 1531 γνῶσιν,
1083 1465 1170 1532 οὐχ
1209 1463 1370 1528 ἑτέραν
1402 1463 1558 1528 λέγων
1592 1457 1723 1526 παρὰ

131 1548 319 1613 ταύτην,
368 1547 426 1612 ἢν
470 1552 532 1602 εἷς
583 1547 637 1599 τὸ
687 1548 841 1615 παρὸν
886 1546 1161 1612 κεκτήμεθα.
1234 1546 1478 1608 βλέπομεν
1520 1542 1615 1609 γὰρ
1664 1542 1720 1593 δι’

132 1630 382 1698 ἐσόπτρου,
434 1632 510 1682 καὶ
555 1631 854 1696 γινώσκομεν
905 1632 953 1681 ἐκ
1010 1630 1191 1696 μέρους,
1242 1627 1364 1679 καθὰ
1421 1629 1497 1678 καὶ
1555 1625 1724 1693 ἀρτίως

133 1713 376 1779 ἐλέγομεν·
422 1711 626 1764 ις’Ὀταν
653 1713 702 1764 δὲ
728 1712 846 1781 ἐ’λθῃ
879 1711 934 1764 τὸ
965 1709 1160 1775 τέλειον,
1189 1709 1242 1762 τὸ
1273 1712 1322 1761 ἐκ
1354 1710 1522 1777 μέρους
1552 1731 1725 1775 καταρ-

67 1803 162 1840 20“
189 1796 497 1862 γηθήσεται·”
554 1800 652 1850 πῶς
699 1794 728 1860 ὴ
773 1795 877 1846 τίνα
920 1794 1099 1861 τρόπον
1141 1797 1178 1845 εἰ
1223 1792 1388 1855 βούλει
1430 1795 1597 1857 μαθεῖν
1636 1792 1726 1858 ἐρῶ

135 1878 299 1931 πάλιν.

204 1961 400 2027 ΓὨσπερ
427 1960 520 2026 γὰρ
552 1962 794 2028 ἀφεγγοῦς
826 1958 910 2021 μέν
936 1959 1084 2022 οὔσης
1120 1956 1285 2011 νυκτὸς
1320 1956 1373 2007 τὸ
1407 1955 1609 2024 φαιδρὸν
1633 1959 1729 2005 τῶν

139 2044 354 2109 ἀστέρων
386 2043 678 2112 διαφαίνεται
717 2043 911 2103 κάλλος,
939 2039 1144 2090 ἑκάστου
1182 2038 1236 2090 τὸ
1276 2043 1441 2090 οἰκεῖον
1473 2035 1724 2103 ἀπαστρά-
1746 2047 1772 2088 b

139 2149 339 2179 πτοντος
385 2130 504 2194 φῶς·
560 2123 855 2192 ἀνισχούσης
895 2121 1045 2188 γεμὴν
1085 2125 1168 2186 τῆς
1213 2121 1351 2185 ἡλίου
1396 2121 1728 2186 μαρμαρυγῆς,

73 2228 121 2267 25
142 2209 445 2275 καταργεῖται
465 2231 565 2261 πως
592 2209 681 2272 ἤδη
709 2206 763 2258 τὸ
790 2208 838 2256 ἐκ
865 2228 1032 2271 μερους
1059 2202 1301 2269 λαμπρὸν,
1332 2204 1407 2253 καὶ
1443 2205 1526 2266 τῆς
1561 2201 1734 2252 ἐκείνου

142 2295 296 2356 βολῆς
339 2290 608 2356 ηττώμενον
651 2291 829 2356 αδρανη
883 2311 959 2339 και
1005 2288 1250 2353 ἄπρακτον
1294 2285 1388 2353 ἔχει
1434 2307 1520 2348 την
1565 2284 1736 2334 οἶκειαν

144 2374 310 2440 αὐγήν·
355 2372 475 2424 κατὰ
511 2372 594 2423 τὸν
621 2395 763 2423 αυτον
790 2369 917 2435 οἶμαι
950 2370 1129 2436 τρόπον
1154 2392 1230 2419 και
1267 2368 1294 2432 ἡ
1331 2373 1412 2418 νῦν
1440 2367 1551 2431 ἡμῖν
1580 2363 1733 2430 ὑπάρ-

145 2479 303 2524 χουσα
361 2460 538 2520 γνῶσις
592 2455 689 2505 κατ’
738 2455 883 2504 ἐκεῖνο
942 2451 1239 2504 πεπαύσεται
1291 2455 1374 2501 τοῦ
1425 2453 1606 2514 καιροῦ,
1662 2448 1738 2497 καὶ

146 2537 404 2606 καταλήξει
447 2537 501 2588 τὸ
546 2538 596 2587 ἐκ
637 2536 817 2603 μερους,
856 2541 939 2585 τοῦ
977 2534 1158 2585 τελείου
1197 2530 1355 2601 φωτὸς
1395 2530 1738 2581 εἰσελάσαντος

79 2648 130 2684 30
149 2624 224 2673 καὶ
267 2618 608 2687 πληρεστάτην
653 2619 761 2682 ἡμῖν
805 2616 891 2681 τὴν
937 2618 1020 2680 τῆς
1071 2614 1362 2680 θεογνωσίας
1413 2611 1738 2678 ἐπεισχεόντος

150 2704 315 2770 αὑγήν.
383 2701 488 2753 τότε
531 2699 649 2765 μετὰ
693 2700 942 2770 παῤῥησ-ίας
987 2696 1259 2760 δυναμένοις
1311 2694 1400 2759 ἤδη
1451 2697 1634 2761 χωρεῖν,
1679 2690 1778 2748 τὰρ

200 2855 233 2889 3.
258 2841 433 2887 τηρήσας
425 2846 647 2885 assumptum
666 2851 707 2873 ex
726 2838 768 2873 E.
933 2850 966 2879 4.
995 2851 1042 2870 ισ.
1061 2833 1300 2881 παροισομένῳ
1322 2833 1389 2868 Ed.
1409 2845 1492 2878 mg„
1512 2833 1572 2866 sed
1590 2847 1739 2877 παρεσο-

153 2890 240 2936 μένῳ
257 2895 348 2923 recte
366 2888 487 2923 exhi&
479 2893 506 2922 t
525 2887 562 2921 F.
747 2897 798 2927 14.
827 2900 884 2918 em
888 2886 947 2918 τοῦ
968 2883 1008 2917 Ε.
1028 2882 1130 2917 αἰτοῦ
1150 2881 1218 2915 Ed.
1387 2891 1425 2914 15⁶
1407 2905 1439 2925 )
1446 2860 1639 2925 ὗπροφητεί
1641 2894 1679 2915 ας
1699 2879 1740 2913 E.

154 2937 365 2982 προφητείαν
383 2935 449 2970 Ed.
591 2933 650 2967 16.
677 2931 877 2967 παύσασθαι
898 2931 938 2965 Ε.
1085 2938 1137 2974 17
1165 2926 1260 2973 ἣν]
1242 2942 1321 2962 οταν
1338 2926 1377 2970 ἦν
1395 2927 1436 2962 Ε.

1790 1222 1875 1257 938
1891 1221 1942 1255 Α.

1786 1384 1799 1406 1
1815 1376 1887 1406 (⁷¹0r.

1783 1421 1852 1450 xiii.
1870 1419 1899 1455 8,
1915 1428 1944 1461 9,

1788 1473 1836 1494 12.

1787 1725 1837 1756 Ib.
1855 1732 1904 1756 10.
