2022 3272
138 124 294 168 xii.20.
376 127 441 166 IN
478 127 520 166 S.
546 126 713 166 JOAN.
778 124 1038 164 12113A'111.
1107 121 1488 162 1‹‘1{A‹;MJ·IN'1'A.
1642 120 1725 157 :309

136 234 506 301 ἐξελεγχομένης
539 235 692 284 αὐτῶν
720 236 802 297 τῆς
833 233 1208 302 ψευδολατρειάς
1234 233 1293 283 ὡς
1322 228 1567 295 ἀχρήστου
1599 250 1719 276 παν-

138 319 299 377 τελῶς,
326 314 654 377 μετεπείθοντό
687 338 809 369 τινες
843 315 1066 368 εὐκόλως·
1108 314 1238 364 οὔπω
1272 311 1357 376 μὲν
1392 312 1629 361 ὁλοτελῶς
1665 312 1726 360 εἰς

137 397 192 448 τὸ
219 398 348 467 μόνῳ
383 399 628 464 λατρεύειν
654 402 720 466 τῷ
756 396 875 448 κατὰ
910 397 1137 461 ἀλήθειαν
1164 395 1263 446 ὄντι
1291 397 1414 462 Θεῷ,
1441 389 1727 457 μεριζόμενοι

139 480 193 531 δέ
224 503 325 533 πως
363 485 458 534 τοῖς
498 484 561 534 εἰς
600 479 877 531 ἀπόστασιν
913 482 1182 544 λογισμοῖς,
1218 478 1293 527 καὶ
1331 480 1432 529 ταῖς
1470 477 1564 525 τῶν
1600 472 1727 522 ἰδίων

97 572 119 610 5
139 560 443 613 διδασκάλων
468 561 681 624 ἑπόμενοι
707 561 930 627 γνώμαις,
961 559 1224 614 Πλάτωνός
1252 564 1374 627 φημι
1403 559 1477 608 καὶ
1505 560 1598 606 τῶν
1626 555 1724 604 κατ’

138 645 310 695 ἐκεῖνον
337 641 450 694 εἶναι
478 644 747 710 λεγομένων
773 648 959 712 σοφῶν.
1002 647 1044 694 οἱ
1081 642 1165 705 μὲν
1192 640 1286 707 γὰρ
1320 641 1399 691 ἕνα
1435 640 1587 706 φασὶν
1614 634 1728 687 εἶναι

137 724 221 776 τὸν
258 725 451 776 πάντων
485 725 804 793 Δημιουργὸν,
844 727 1125 792 ἐγκοσμίους
1168 724 1215 774 δὲ
1255 722 1363 776 τοὺς
1402 719 1612 783 λοιποὺς,
1652 720 1728 769 καὶ

138 806 302 874 ὥσπερ
340 808 469 862 τινας
508 809 743 873 ἡγεμόνας
786 810 1200 876 κεχειροτονῆσθαι
1244 806 1353 870 παρ’
1395 803 1567 855 ἐκείνου
1608 800 1770 868 πρὸςὶ)

139 891 370 955 διοίκησιν
428 895 521 941 τῶν
579 891 888 957 ἀνθρωπίνων
943 889 1252 956 πραγμάτων.
1332 887 1434 940 ε”θος
1492 886 1574 935 οὖν
1628 906 1729 934 τισι

73 995 122 1021 10
142 977 497 1035 Παλαιστινοῖς,
521 972 779 1036 [”Έλλησι]
801 971 1031 1037 μάλιστα,
1047 970 1423 1038 παρεζευγμένην
1441 970 1516 1019 καὶ
1541 966 1729 1033 γείτονα

137 1055 224 1120 τὴν
262 1059 357 1106 τῶν
394 1056 634 1105 Ἰουδαίων
672 1055 837 1122 ἔχουσι
881 1054 1055 1122 χώραν,
1095 1051 1460 1117 ἀπομάττεσθαί
1499 1073 1600 1103 πως
1646 1049 1728 1112 ε”θη

137 1139 247 1204 παρ’
277 1138 432 1190 αὐτοῖς
464 1139 538 1188 καὶ
570 1136 624 1187 τὸ
659 1140 742 1201 τῆς
776 1138 1034 1204 μοναρχίας
1069 1136 1218 1200 ὄνομα
1252 1139 1405 1197 τιμᾶν,
1433 1131 1578 1200 δόξαν
1606 1132 1728 1181 οὕτω

139 1221 378 1282 κάκείνοις,
404 1217 469 1270 ὧν
503 1220 671 1286 ἀρτίως
705 1218 1133 1283 ἐμνημονεύσαμεν,
1163 1222 1200 1269 εἰ
1235 1219 1310 1268 καὶ
1345 1215 1410 1279 μὴ
1447 1216 1568 1265 οὕτω
1605 1215 1730 1281 φασὶ

138 1301 350 1369 καθάπερ
375 1303 518 1366 ἡμεῖς.
571 1305 613 1352 οἰ
641 1301 702 1362 δὲ,
728 1303 843 1365 μήτε
871 1301 1032 1367 πλήρη
1057 1300 1143 1365 τὴν
1170 1304 1233 1353 εἰς
1258 1299 1510 1350 Ἰουδαίους
1545 1296 1731 1363 ἔχοντες

72 1384 303 1453 Ι5ῥοπὴν,
342 1384 459 1448 μήτε
503 1383 597 1448 μὴν
635 1388 730 1435 τῶν
759 1382 982 1448 “Έλλησι
1027 1384 1186 1452 φίλων
1224 1379 1547 1449 ἀφεστηκότες
1593 1380 1727 1435 ἐθῶν,

137 1466 292 1530 με’σην
335 1466 389 1517 δέ
431 1489 535 1516 τινα
582 1467 659 1516 καὶ
703 1465 823 1532 πρὸς
867 1465 1013 1534 ἄμφω
1055 1464 1340 1526 βλέπουσαν
1381 1459 1768 1525 ἐπιτηδεύοντεςο

139 1548 298 1617 δόξαν,
350 1552 586 1608 θεοσεβεῖς
637 1547 956 1614 ὀνομάζονται.
1015 1550 1057 1598 οἱ
1109 1552 1310 1598 τοιοῦτοι
1360 1547 1626 1610 τοιγαροῦν,
1676 1543 1730 1592 οὐ

139 1631 334 1698 σφόδρα
360 1635 454 1681 τῶν
481 1632 750 1681 Ἰουδαϊκῶν
776 1632 895 1681 ἐθῶν
919 1629 978 1680 τὰ
1013 1629 1105 1680 ’ίδια
1139 1627 1425 1698 διῳκισμένα
1450 1625 1727 1686 βλέποντες,

141 1712 258 1764 ὅσον
288 1713 396 1778 ἧκεν
428 1715 489 1765 εἰς
526 1716 706 1763 θυσιῶν
737 1710 940 1778 τρόπους
974 1712 1050 1762 καὶ
1083 1711 1343 1777 μοναρχίας
1378 1707 1628 1774 διάληψιν·
1677 1707 1730 1756 οὐ

73 1818 122 1843 20
141 1794 234 1862 γὰρ
261 1793 458 1862 ᾔδεισαν
483 1794 715 1860 πρότερον
740 1797 821 1857 τῆς
849 1794 984 1859 ἁγίας
1011 1794 1085 1843 καὶ
1111 1792 1365 1856 ὀμοουσίου
1392 1790 1597 1856 Τριάδος
1621 1788 1729 1841 τοὺς

140 1875 315 1943 λόγους
350 1880 393 1927 οἱ
429 1876 485 1945 ἐξ
517 1875 736 1942 Ἰσραὴλ,
764 1875 877 1926 ἀλλ’
907 1875 1010 1926 οὐδὲ
1046 1877 1128 1938 τῆς
1162 1875 1476 1936 πνευματικῆς
1509 1871 1729 1936 λατρείας

140 1958 227 2023 τὴν
264 1958 477 2022 δύναμιν·
532 1958 874 2018 συνανέβαινον
911 1955 1340 2023 προσκυνήσοντες,
1381 1957 1428 2005 ἐν
1466 1953 1730 2017 πανδήμοις

142 2040 358 2104 μάλιστα
384 2043 685 2106 συνδρομαῖς,
713 2040 800 2107 οὐχ
827 2041 889 2093 ὡς
913 2038 998 2103 τὴν
1026 2039 1145 2089 ἰδίαν
1170 2043 1428 2090 λυποῦντες
1460 2036 1730 2102 θρησκείαν,

143 2123 254 2174 ἀλλ’
284 2125 346 2177 ὡς
373 2123 453 2173 ἕνα
479 2122 562 2173 τὸν
588 2123 662 2173 ἐπὶ
686 2121 879 2173 πάντων
904 2125 1127 2185 τιμῶντες
1157 2119 1298 2171 Θεόν.

189 2289 223 2319 4.
249 2275 335 2321 τοῖς]
360 2280 397 2317 -Ι-
419 2291 453 2310 τε
473 2275 508 2309 b.
525 2277 596 2310 τοῖς
613 2287 683 2309 orn.
703 2273 810 2308 Cord.
881 2273 990 2319 ἰδίων]
1012 2273 1168 2307 ιὀυδαίων
1187 2272 1267 2316 (Sic)
1286 2284 1316 2307 c.
1336 2271 1443 2305 Cord.
1588 2270 1620 2304 6.
1647 2269 1730 2303 ἐκεί-

144 2338 208 2358 νων
227 2323 333 2358 Cord.
407 2324 438 2356 οἱ
463 2323 524 2366 μὲν
548 2323 613 2366 γὰρ
640 2321 696 2355 ἕνα
722 2321 799 2367 [μέν
823 2321 949 2355 iterum
975 2320 1074 2355 addit
1100 2319 1152 2365 b.]
1178 2320 1289 2364 φασὶν
1313 2317 1395 2353 εἶναι
1421 2319 1479 2352 τὸν
1503 2318 1636 2352 πάντων
1662 2316 1730 2349 b.c.

126 2370 251 2404 'Cord.
270 2369 361 2404 οὗτοι
385 2370 450 2414 γὰρ
477 2369 533 2402 ἕνα
558 2369 669 2414 φασὶν
687 2366 768 2402 εἶναι
794 2371 860 2401 τῶν
882 2369 1016 2402 πάντων
1033 2368 1103 2401 a.k.
1121 2368 1327 2411 φασκόντων
1350 2365 1405 2399 ἕνα
1430 2365 1491 2408 μὲν
1510 2367 1576 2398 τῶν
1598 2364 1732 2397 πάντων

144 2415 226 2450 εἶναι
245 2416 322 2450 Cat.
340 2416 441 2450 Harl.
463 2415 528 2449 Ed.
671 2416 704 2449 8.
731 2414 1039 2459 κεχειροτονεῖσθαι
1058 2414 1092 2447 b.
1240 2422 1344 2457 9—17.
1371 2413 1641 2447 ἔθος-τοιοῦτοι
1659 2421 1729 2442 om.

144 2464 213 2496 a.k.
233 2463 400 2496 exhibent
417 2463 484 2496 b.e.
505 2461 611 2496 Cord.
632 2461 708 2495 Cat.
731 2461 831 2495 Harl.
962 2472 994 2505 9.
1021 2459 1096 2505 οὖν]
1117 2460 1152 2494 δὲ
1170 2459 1237 2494 b.c.
1259 2459 1366 2493 Cord.
1505 2469 1556 2492 10.
1577 2456 1731 2498 Ἕλλησι

144 2521 214 2543 om.
233 2508 300 2543 b.c.
320 2509 425 2542 Cord.
444 2509 571 2542 retinui
590 2520 607 2541 e
627 2508 704 2542 Cat.
726 2508 826 2541 Harl.
1171 2517 1224 2540 11.
1251 2505 1326 2550 ἔθη]
1352 2509 1388 2545 —f-
1410 2505 1451 2538 τὰ
1471 2502 1616 2548 (errore)
1637 2501 1732 2535 Aub.

149 2555 202 2589 16.
228 2555 431 2595 βλέπουσαν
448 2554 514 2588 b.c.
535 2554 640 2588 Cord.
658 2556 801 2595 βλέπειν
821 2553 886 2600 [ειν
904 2565 1010 2597 supra
1029 2565 1186 2587 rasuram
1209 2564 1318 2586 manu
1340 2552 1408 2585 fere
1432 2550 1550 2584 eadem
1571 2547 1728 2592 exarato]

147 2601 223 2635 Cat.
246 2602 343 2635 Harl.
363 2601 457 2635 unde
475 2601 569 2635 Aub.
732 2609 786 2644 17.
812 2599 1009 2645 τοιγαροῦν]
1037 2604 1071 2639 -Ι-
1094 2601 1124 2632 oz
1141 2597 1548 2644 γειτονοῦντες”Ελληνες
1565 2596 1631 2628 a.k.
1653 2594 1731 2628 Cat.

148 2649 247 2682 Harl.
268 2647 335 2681 Ed.
354 2647 471 2681 invitis
489 2647 557 2681 b.c.
578 2646 685 2680 Cord.
887 2647 939 2680 18.
965 2647 1004 2679 τὰ
1022 2645 1106 2690 ἴδια]
1127 2647 1166 2678 τὰ
1184 2649 1249 2678 τῶν
1267 2644 1360 2677 ἰδίων
1378 2644 1411 2677 b.
1429 2646 1494 2676 τῶν
1513 2643 1605 2675 ἰδίων
1624 2639 1731 2674 Cord.

144 2699 210 2728 τῶν
228 2694 383 2728 ἷουδαίων
400 2694 480 2737 (Sic)
499 2705 528 2727 C.
752 2703 875 2737 19-22,
902 2693 940 2726 οὐ
957 2693 1131 2737 γὰρ-τὴν
1148 2690 1286 2733 δύναμιν
1304 2702 1372 2723 om.
1391 2690 1460 2723 a.k.
1479 2688 1644 2722 exhibent
1662 2687 1731 2720 b.c.

147 2741 254 2776 Cord.
275 2740 353 2775 Cat.
375 2741 475 2774 Harl.
493 2751 601 2774 manu
619 2738 739 2772 eadem
759 2739 796 2772 in
813 2750 887 2782 mg.
1047 2749 1101 2771 20.
1127 2736 1256 2781 ᾔδεσαν
1274 2737 1341 2770 b.c.
1362 2735 1469 2769 Cord.
1536 2734 1662 2768 Statim
1678 2748 1731 2767 πω

145 2799 209 2833 pro
226 2789 393 2832 πρότερον
412 2786 518 2821 Cord.
539 2792 704 2820 neutrum
721 2785 826 2818 habet
845 2797 874 2819 c.
989 2795 1044 2818 21.
1071 2784 1147 2818 οὐδὲ
1166 2796 1237 2817 om.
1256 2783 1290 2816 b.
1411 2793 1466 2816 22.
1491 2780 1733 2821 συνανέβαινον

145 2834 285 2869 λῦ.0.1(.
305 2833 412 2869 Cord.
432 2833 633 2872 συνέβαινον
652 2832 726 2866 Cat.
748 2831 846 2865 Harl.
868 2830 934 2865 Ed.
1002 2830 1126 2864 Statim
1146 2829 1204 2864 οὖν
1221 2829 1318 2863 addit
1337 2828 1443 2863 Cord.
1589 2839 1644 2871 23.
1670 2829 1731 2861 λυ-

145 2880 302 2926 ποῦντες]
322 2880 461 2916 λύοντες
478 2880 511 2913 b.
575 2879 701 2913 Statim
718 2879 878 2922 λατρείαν
895 2892 929 2912 τε
949 2878 1002 2911 καὶ
1019 2877 1155 2911 addunt
1168 2876 1244 2911 Cat.
1260 2876 1359 2910 Harl.
1376 2875 1441 2909 Ed.
1454 2875 1572 2909 invitis
1591 2874 1732 2909 a.b.c.k.

148 2927 254 2962 Cord.
401 2938 455 2969 24.
482 2925 554 2971 ἕνα]
574 2924 626 2960 ἵνα
646 2926 789 2969 (errore)
809 2924 902 2959 Aub.
972 2924 1095 2958 Statim
1116 2927 1180 2958 τῶν
1198 2924 1233 2957 k.
1298 2924 1423 2958 πάντας
1441 2934 1469 2957 c.
1491 2921 1598 2956 Cord.
