1971 3272
17 7 21 43 1

17 65 19 120 1
105 120 276 164 viii.21.
339 122 411 162 IN
455 121 498 162 S.
532 120 870 162 JOANNEM.
935 120 1058 160 LIB.
1084 121 1136 161 V.
1199 121 1333 162 (JAP.
1368 121 1452 161 111.
1669 121 1691 157 5

108 230 295 282 δύναιτό
333 253 402 284 τις
440 229 605 281 ἑαυτὸν
637 232 852 298 ὠφελεῖν,
879 230 927 280 ἐν
958 228 1139 283 τούτοις
1177 230 1226 280 εὖ
1264 228 1397 293 μάλα
1436 227 1692 293 διαγορεύει
1714 234 1738 273 b

109 313 338 379 Χριστός.
393 312 446 363 τὸ
479 311 571 379 γὰρ
609 312 860 377 ὑστερίζειν
894 313 942 362 ἐν
973 313 1182 377 ἀγαθοῖς,
1216 315 1290 362 καὶ
1328 313 1694 375 ὑστεροβουλεῖν

110 399 173 449 εἷς
203 394 257 446 τὸ
289 394 539 462 χρήσιμον,
567 393 733 459 ὄνησιν
758 393 843 456 μὲν
868 393 976 461 ε”χον
1003 393 1219 457 οὐδεμίαν
1245 394 1422 460 ὁρᾶται,
1449 395 1621 459 θρῆνον
1648 393 1695 443 δὲ

109 482 301 542 μᾶλλον
343 474 426 528 τὸν
468 481 569 531 ταῖς
611 476 857 544 ῥᾳθυμίαις
902 476 1143 542 πρέποντα
1186 476 1417 544 προξενεῖ.
1485 474 1695 542 χρηστὸς

68 568 90 608 5
110 564 360 626 τοιγαροῦν
413 557 637 626 ὑπάρχων
688 559 713 608 ὁ
769 557 941 624 Κύριος
989 558 1121 622 ἡμῶν
1171 560 1246 609 καὶ
1301 556 1518 621 ἐπιεικὴς,
1575 556 1697 607 καθὰ

110 642 386 709 γέγραπται,
414 644 488 692 καὶ
523 639 843 707 ἀτιμαζόντων
877 639 1102 708 ἀνέχεται,
1130 642 1206 690 καὶ
1242 644 1556 707 προσωφελεῖ
1589 637 1697 692 τοὺς

111 725 395 791 ὑβρίζοντας,
423 724 499 774 καὶ
536 726 619 787 τῆς
658 724 706 772 ἐν
740 723 1004 788 ἀνθρώποις
1042 723 1361 790 μικροψυχίας
1400 722 1599 784 ἀμείνων
1635 722 1697 775 ὡς

112 807 234 861 Θεὸς
261 807 536 873 εὑρίσκεται.
590 807 777 857 ἀπειλεῖ
799 805 846 856 δὲ
872 806 1120 872 χρησίμως
1147 803 1232 869 τὴν
1258 805 1314 873 ἐξ
1337 805 1490 855 αὐτῶν
1517 803 1697 854 ἀπανά-

110 911 304 952 στασιν,
348 890 423 939 καὶ
474 887 528 939 τό
578 886 772 953 εΎποίγω
819 889 970 956 φησιν
1015 889 1235 953 ἐναργῶς,
1281 887 1356 938 ἵνα
1407 886 1736 952 γοργοτέρανΟ

0 998 1 1001 “
46 986 93 1010 10
112 972 267 1025 αὐτοῖς
304 970 577 1039 ἐμφυτεύσῃ
616 969 838 1032 διάνοιαν,
878 971 952 1019 καὶ
991 969 1318 1036 λογιζομένους
1357 968 1428 1020 ὅτι
1467 967 1559 1036 χρὴ
1597 991 1695 1019 πα-

111 1053 255 1120 ρόντα
286 1052 369 1104 τὸν
401 1049 646 1119 λυτρωτὴν
678 1051 921 1118 ἄπρακτον
952 1053 1035 1103 οὑκ
1073 1054 1166 1115 ἐᾶν,
1192 1051 1502 1118 παρελαύνειν
1534 1049 1699 1104 αὐτοὺς

112 1134 326 1203 ἀκονήσῃ
360 1132 480 1201 πρὸς
513 1134 693 1197 πίστιν,
728 1134 1044 1201 ἑτοιμοτέρους
1079 1157 1128 1185 τε
1163 1134 1252 1198 ἤδη
1286 1134 1405 1200 πρὸς
1444 1134 1700 1184 εὐπείθειαν

113 1216 391 1283 ἐργάσηται.
443 1215 705 1280 ἐπιβοήσας
732 1215 781 1267 δὲ
813 1215 867 1266 τό
892 1214 1100 1282 εΤποίγω,
1127 1218 1203 1267 καὶ
1239 1215 1506 1280 ἀπειλήσας
1539 1215 1625 1280 τὴν
1651 1217 1700 1266 ἐκ

112 1299 288 1353 παντὸς
326 1303 409 1350 τοῦ
448 1298 607 1352 ε”θνους
645 1297 936 1364 ἀποδρομὴν,
970 1298 1249 1368 παρέζευξεν
1288 1303 1587 1362 οἰκονομικῶς
1625 1300 1701 1348 καὶ

47 1395 94 1434 15
113 1381 199 1446 τὴν
241 1383 450 1432 ἐντεῦθεν
495 1381 650 1433 αὐτοῖς
694 1380 923 1444 ἐσομένην
966 1380 1146 1447 ζημίαν.
1219 1379 1556 1447 ἐντεθνήξεσθε
1607 1379 1702 1446 γὰρ

113 1467 214 1517 ταῖς
258 1464 435 1514 ἑαυτῶν
481 1464 738 1532 ἁμαρτίαις,
779 1462 920 1530 φησί·
970 1464 1046 1513 καὶ
1093 1462 1242 1529 λόγον
1287 1465 1443 1528 ἀληθῆ
1488 1462 1574 1527 τὴν
1618 1468 1701 1514 τοῦ

113 1543 393 1612 πράγματος
419 1544 570 1613 φύσιν
596 1544 958 1611 εἷσκομίζουσαν
984 1545 1314 1612 θεωρήσωμεν.
1370 1548 1412 1596 οἱ
1446 1544 1540 1611 γὰρ
1575 1545 1699 1598 ὅλως
1718 1554 1746 1595 d

115 1628 168 1678 οὐ
204 1627 580 1696 παραδεξάμενοι
613 1625 696 1678 τὸν
728 1630 788 1681 ὡς
828 1628 950 1692 ἡμᾶς
990 1627 1252 1697 ἀφιγμένον
1284 1628 1341 1697 ἐξ
1372 1629 1594 1694 οὐρανῶν,
1625 1628 1701 1679 ἵνα

114 1709 295 1764 πάντας
333 1710 561 1778 δικαιώσῃ
601 1708 676 1760 διὰ
714 1711 795 1773 τῆς
829 1709 1048 1772 πίστεως,
1080 1714 1181 1764 πῶς
1214 1711 1297 1761 οὐκ
1329 1712 1366 1761 ἐν
1391 1715 1491 1764 ταῖς
1524 1711 1701 1761 ἑαυτῶν

49 1811 98 1836 20
116 1795 361 1862 ἁμαρτίαις
399 1790 742 1860 ἀναμφιλόγως
779 1790 1098 1861 τεθνήξονται·
1142 1794 1217 1843 καὶ
1252 1791 1335 1843 τὸν
1365 1793 1603 1859 καθαίρειν
1633 1797 1699 1843 εἱ-

116 1875 231 1926 δότα
264 1874 328 1940 μὴ
363 1873 730 1942 προσηκάμενοι,
757 1879 858 1928 πῶς
893 1876 946 1925 οὐ
982 1877 1165 1938 διηνεκῆ
1201 1875 1284 1926 τὸν
1318 1877 1368 1926 ἐκ
1405 1878 1488 1939 τῆς
1526 1876 1703 1926 ἑαυτῶν

116 1959 401 2018 δυσσεβείας
438 1957 600 2026 ἕξουσι
633 1955 918 2020 μολυσμόν;
961 1955 1015 2007 τὸ
1043 1955 1093 2007 δὲ
1118 1956 1335 2008 τεθνάναι
1360 1957 1425 2021 μὴ
1454 1964 1696 2024 λελυτρω-

115 2039 267 2104 με’νον,
295 2041 405 2090 ἀλλ’
433 2039 498 2090 ε”τι
530 2043 596 2108 τῴ
630 2041 713 2102 τῆς
748 2039 978 2104 ἁμαρτίας
1014 2039 1392 2106 κατηχθισμένον
1417 2038 1565 2105 βάρει,
1595 2039 1701 2091 ὅποι

115 2122 424 2191 παραπέμψει
473 2120 559 2184 τὴν
607 2125 690 2171 τοῦ
741 2120 993 2186 ἀνθρώπου
1044 2120 1223 2189 ψυχὴν,
1268 2122 1356 2172 τίνι
1406 2125 1502 2172 τῶν
1552 2121 1701 2173 ὄντων

49 2219 97 2258 25
116 2205 427 2273 ἀμφίβολον,
479 2201 592 2272 ᾅδης
630 2202 738 2268 γὰρ,
778 2201 918 2266 οἶμαι,
958 2201 1040 2254 τὸν
1078 2209 1288 2255 τοιοῦτον
1328 2205 1352 2254 ὁ
1390 2202 1540 2265 βαθὺς
1578 2204 1701 2255 ἐκδέ-

116 2286 259 2354 ξεται,
286 2288 361 2337 καὶ
386 2288 433 2336 ἐν
459 2284 619 2336 σκότει
648 2283 902 2336 διατελέσει
927 2289 1110 2355 μακρῷ,
1140 2286 1270 2336 ἀλλά
1298 2288 1372 2337 καὶ
1399 2292 1495 2353 πῦρ
1521 2286 1699 2351 οἰκήσει
1718 2306 1740 2333 e

115 2369 192 2419 καὶ
218 2367 424 2436 φλόγας,
452 2368 638 2420 ἐκείνοις
665 2367 851 2421 εἰκότως
877 2368 1277 2434 ἐναριθμούμενος,
1303 2369 1409 2435 περὶ
1435 2367 1499 2419 ῶν
1525 2369 1704 2435 εἴρηταί

114 2473 207 2502 που
245 2450 321 2501 διὰ
358 2453 440 2514 τῆς
478 2454 562 2500 τοῦ
597 2447 848 2517 προφήτου
887 2452 1047 2517 φωνῆς
1073 2457 1100 2479 “
1118 2451 1181 2501 Ὁ
1216 2451 1423 2520 σκώληξ
1458 2453 1611 2502 αὐτῶν
1646 2453 1699 2502 οὐ

116 2539 144 2562 “
167 2531 454 2596 τελευτήσει,
480 2533 556 2582 καὶ
581 2531 636 2581 τὸ
661 2536 757 2597 πῦρ
783 2532 938 2582 αὐτῶν
963 2533 1017 2582 οὐ
1043 2531 1387 2596 σβεσθήσεται,
1410 2535 1485 2583 καὶ
1511 2533 1700 2584 ἔσονται

163 2665 197 2695 4.
222 2653 378 2697 προξενεῖ
397 2654 438 2687 Β.
456 2653 633 2698 προξενεῖν
651 2653 770 2689 Holst.
789 2654 856 2688 Ed.
1055 2663 1087 2700 7.
1114 2656 1167 2688 καὶ
1185 2655 1484 2699 τῆς-εὑρίσκεται
1502 2655 1701 2690 emendavit

118 2700 247 2744 Heyse.
267 2703 321 2733 καὶ
345 2702 415 2735 τοῖς
440 2700 475 2733 ἐν
498 2700 650 2743 οὐρανοῖς
674 2701 906 2746 μικροψυχίας
930 2701 1102 2744 ἀμείνονος
1123 2702 1198 2736 θεὸς
1219 2702 1410 2745 εὑρίσκεται
1431 2701 1472 2735 Β.
1493 2700 1557 2736 Ht‚
1574 2703 1700 2737 houna

115 2747 152 2780 in
170 2746 264 2780 Aub.
314 2746 456 2780 Desunt
473 2747 557 2779 haec
576 2752 609 2779 et
626 2746 660 2779 in
680 2758 711 2780 a.
839 2758 892 2781 12.
919 2748 1053 2791 ἀκονητὶ
1072 2747 1114 2781 Β.
1136 2748 1198 2781 Ht.
1218 2747 1366 2791 ἀκονήσῃ
1385 2760 1402 2781 e
1422 2748 1499 2782 Cat.
1517 2755 1557 2783 ut
1575 2750 1700 2793 opinor

114 2793 209 2827 Aub.
335 2804 387 2835 15.
415 2791 671 2835 ἐντεθνήξεσθαι
691 2792 733 2826 Β.
849 2793 902 2827 18.
928 2794 965 2836 ἐξ
983 2794 1125 2836 οὐρανοῦ
1142 2794 1330 2839 ἀφιγμένον
1346 2806 1376 2829 a.
1503 2805 1559 2829 20.
1586 2796 1700 2830 εἰδότα

114 2851 146 2874 a.
163 2845 196 2873 et
214 2839 262 2873 Sic
281 2839 428 2884 conjecit
449 2839 576 2884 Heyse.
594 2839 716 2882 ηδόντα
735 2839 777 2873 Β.
796 2839 917 2883 ἥκοντα
938 2840 1000 2874 Ht.
1019 2840 1086 2873 Ed.
1251 2852 1306 2886 23.
1334 2842 1604 2888 κατηχθισμένον
1624 2843 1700 2888 [κα-

113 2885 366 2932 τηχθησμένον]
388 2885 429 2920 Β.
448 2885 511 2920 Ht.
531 2885 829 2931 κατηχθησόμενον
845 2885 940 2920 Aub.
998 2886 1296 2933 ὁποιπεραπέμψει
1312 2888 1391 2933 (Sic)
1409 2888 1451 2923 Β.
1471 2888 1574 2925 habet
1591 2904 1697 2934 παρα-

113 2933 244 2978 πέμψει
262 2944 292 2967 a.

1758 472 1811 503 ΡΗ.

1758 516 1870 546 lxxxv,
1889 524 1918 555 5.

1763 2451 1818 2481 Es.
1836 2450 1915 2481 lxxd.

1764 2503 1814 2535 24.
