2037 3266
325 143 410 183 498
728 143 779 185 B.
813 143 1088 185 CYRILLI
1131 141 1514 184 ALEXANDR.
1743 137 1827 177 xiv.
1849 148 1914 190 23.

326 257 354 278 ‘⁶
382 251 525 314 ὑμῶν,
579 250 749 319 κράζον
792 253 958 314 Ἀββᾶ
1009 253 1034 302 ὁ
1085 251 1288 317 πατήρ.”
1356 252 1468 318 ὁρᾷς
1519 248 1646 301 ὅπως
1696 244 1751 297 τὸ
1802 243 1915 295 αὐτὸ

329 335 527 397 Πνεῦμα
563 340 647 385 τοῦ
685 357 735 385 τε
776 335 969 400 Πατρός
1006 336 1109 386 ἐστι
1149 335 1225 384 καὶ
1265 338 1348 384 τοῦ
1387 335 1536 393 Υἱοῦ;
1592 332 1918 380 κατοικοῦντος

329 415 411 466 οῦν
438 415 531 481 ἄρα
557 421 641 466 τοῦ
669 420 973 482 Μονογενοῦς
999 418 1047 466 ἐν
1073 419 1173 469 ταῖς
1200 414 1409 480 καρδίαις
1435 414 1581 477 ἡμῶν,
1609 411 1691 461 οὐκ
1717 409 1918 460 ἄπεστιν

289 498 355 548 ei>
396 497 581 564 Πατήρ·
629 498 722 565 ἔχει
762 498 856 564 γὰρ
897 499 921 548 ὁ
960 497 1075 551 Υἱὸς
1114 499 1161 547 ἐν
1200 499 1348 565 ἑαυτῷ
1386 495 1470 546 τὸν
1504 493 1776 560 γεννήτορά,
1810 494 1919 554 μιᾶς

328 578 448 645 πρὸς
487 579 628 631 αὐτὸν
668 579 895 648 ὑπάρχων
933 580 1110 642 οὐσίας,
1150 579 1253 630 ε”στι
1293 577 1341 629 δὲ
1380 579 1455 628 καὶ
1493 575 1633 629 αὐτὸς
1675 576 1724 625 ἐν
1765 573 1962 638 Πατρὶ5

330 666 560 730 φυσικῶς.

403 744 467 793 Ὁ
493 742 579 807 μὲν
607 744 688 794 οὖν
713 747 796 807 τῆς
822 744 1028 797 πίστεως
1064 743 1173 810 ὅρος
1208 766 1257 794 τε
1295 745 1372 793 καὶ
1405 740 1675 792 ἀνυπαίτιος
1702 737 1836 790 οὗτος
1863 734 1921 786 ἂν

330 824 398 889 εἰἠ
435 825 598 890 λόγος·
641 826 830 892 ἐροίμην
857 826 898 876 δ’
928 823 985 876 ἂν
1009 827 1083 876 ἐπὶ
1121 825 1272 895 τούτῳ
1309 825 1383 875 καὶ
1418 821 1528 874 λίαν
1553 821 1697 886 ἡδέως
1729 817 1837 871 τοὺς
1872 818 1922 867 ἐκ

329 909 517 970 πολλῆς
552 907 755 969 ἀμαθίας
794 907 1083 976 ἑτεροδοξεῖν
1121 906 1386 970 ἑλομένους,
1427 906 1503 956 καὶ
1542 907 1601 972 τῇ
1637 907 1721 954 τοῦ
1761 900 1919 952 Πνεύ-

330 1012 479 1054 ματος
514 987 632 1058 δόξῃ
667 988 753 1054 τὴν
785 990 956 1040 οἰκείαν
988 989 1324 1058 ἐξοπλίζουτας
1357 991 1598 1054 γλῶτταν.
1651 985 1701 1036 τί
1734 982 1827 1050 γὰρ
1865 979 1922 1045 δὴ
1946 1004 1995 1030 10

331 1073 409 1122 καὶ
445 1075 595 1139 φαῖεν,
622 1071 736 1122 ὅταν
762 1072 979 1137 λε’γωμεν
1013 1072 1169 1125 αὐτοῖς
1197 1074 1255 1122 Εἰ
1292 1069 1487 1121 κτιστὸν
1513 1068 1567 1119 τὸ
1597 1065 1794 1130 Πνεῦμά
1819 1065 1923 1115 ἐστι

332 1155 408 1204 καὶ
444 1152 704 1220 ἀλλότριον
735 1156 819 1217 τῆς
859 1153 1025 1207 οὐσίας
1060 1159 1144 1204 τοῦ
1182 1157 1308 1204 Θεοῦ
1347 1153 1454 1203 καθ’
1486 1153 1617 1214 ὑμᾶς,
1649 1152 1751 1202 πῶς
1787 1146 1844 1198 ἂν
1875 1146 1924 1197 ἐν

288 1248 315 1290 d
333 1235 443 1300 ἡμῖν
469 1234 525 1286 δι’
555 1236 698 1286 αὐτοῦ
725 1234 1005 1300 κατοικήσαι
1033 1234 1154 1289 Θεός
1178 1257 1189 1298 ;
1233 1239 1336 1287 πῶς
1367 1233 1416 1284 δὲ
1445 1237 1570 1284 Θεοῦ
1595 1232 1793 1298 μέτοχος
1819 1229 1843 1279 ὁ
1870 1227 1925 1279 τὸ

337 1321 533 1381 Πνεῦμα
561 1317 760 1378 λαβώνς
801 1321 838 1367 εἷ
865 1316 950 1380 μὲν
976 1317 1069 1384 γάρ
1096 1318 1200 1368 ε’στι
1237 1321 1331 1368 τῶν
1356 1314 1666 1383 ἐνδεχομένων
1693 1312 1769 1363 διά
1802 1333 1926 1363 τινος

335 1400 459 1453 ὅλως
504 1403 703 1465 γενητῆς
751 1398 932 1461 οὐσίας,
975 1402 1057 1463 τῆς
1103 1400 1227 1452 θείας
1273 1422 1321 1449 τε
1368 1401 1443 1448 καὶ
1489 1395 1693 1464 ἀῤῥήτου
1735 1393 1924 1464 φύσεως
1950 1410 1997 1449 15

334 1481 455 1545 ἡμᾶς
488 1486 789 1548 μεταλαχεῖν,
816 1482 865 1532 τί
896 1479 953 1532 ἂν
988 1481 1055 1532 ε”τι
1089 1481 1144 1532 τὸ
1180 1480 1367 1532 κωλύον
1400 1482 1551 1549 ὁρῷτο
1590 1478 1673 1529 τὸν
1700 1475 1825 1528 Θεὸν
1851 1476 1926 1526 καὶ

338 1562 532 1630 Πατέρα
557 1563 611 1614 τὸ
641 1567 833 1626 Πνεῦμα
862 1563 1226 1629 παρωσάμενον,
1255 1565 1331 1613 καὶ
1357 1564 1412 1613 δι’
1441 1562 1600 1628 ἑτέρου
1624 1559 1748 1613 τινὸς
1783 1558 1927 1625 οῦπερ

335 1644 394 1696 ἂν
420 1644 646 1706 βούλοιτο
679 1645 941 1708 κτίσματος
971 1646 1019 1696 ἐν
1045 1645 1154 1708 ἡμῖν
1180 1645 1397 1710 γίνεσθαι
1435 1646 1508 1694 καὶ
1544 1641 1746 1708 ἀγιάζειν
1771 1641 1922 1704 ἡμᾶς;

335 1726 468 1778 ἀλλά
501 1732 640 1778 τοῦτο
679 1726 928 1777 ἀδύνατον·
977 1727 1030 1777 οὐ
1067 1726 1158 1793 γὰρ
1196 1726 1253 1777 ἂν
1280 1725 1462 1792 γε’νοιτό
1497 1748 1566 1779 τις
1593 1729 1717 1775 Θεοῦ
1755 1722 1810 1786 δὴ
1845 1727 1929 1773 τοῦ

337 1808 457 1860 κατὰ
495 1808 646 1876 φύσιν
685 1809 882 1876 με’τοχος
922 1808 976 1859 δι’
1011 1810 1181 1875 ἑτέρου,
1217 1812 1254 1859 εἷ
1293 1807 1358 1872 μὴ
1398 1807 1473 1858 διὰ
1511 1813 1595 1858 τοῦ
1632 1805 1923 1869 Πνεύματος·
1950 1825 1999 1850 20

298 1890 460 1944 ΘΘεὸς
499 1892 591 1956 ἄρα
630 1893 705 1942 καὶ
744 1892 794 1941 ἐκ
832 1895 958 1941 Θεοῦ
996 1890 1050 1941 τὸ
1085 1895 1297 1955 Πνεῦμα,
1335 1892 1410 1940 καὶ
1450 1890 1504 1940 οὐ
1542 1894 1638 1943 τοῖς
1676 1885 1930 1954 γεγονόσιν

335 1974 617 2040 ἐναρίθμιον,
645 1973 856 2039 καθάπερ
885 1972 1022 2041 ἔδοξέ
1042 1995 1184 2024 τισιν.

402 2053 606 2109 ’Άλλως
633 2078 682 2106 τε
708 2058 893 2106 κάκεῖνο
927 2054 1046 2121 πρὸς
1081 2054 1233 2124 τούτῳ
1268 2054 1593 2106 διασκεπτέον.
1649 2052 1702 2104 τὸ
1729 2050 1931 2118 με’τοχόν

336 2160 475 2200 τινος,
518 2139 580 2190 ὡς
632 2137 896 2203 κρείττονος
938 2137 1037 2186 κατ’
1087 2137 1254 2187 οὐσίαν
1296 2139 1372 2188 καὶ
1414 2138 1692 2204 ἑτεροφυοῦς
1739 2133 1768 2198 ἢ
1813 2133 1930 2199 ὅπερ

338 2221 470 2269 ἐστὶν
508 2218 637 2281 αὐτὸ,
677 2219 834 2284 ἕτερον
873 2216 986 2268 εῖναι
1026 2217 1147 2268 κατὰ
1189 2218 1340 2286 φύσιν
1379 2217 1561 2283 ἀνάγκη
1607 2222 1689 2267 τοῦ
1730 2238 1924 2282 μετεχο-
1952 2233 2000 2271 25

338 2300 496 2362 με’νου.
550 2304 587 2350 εὶ
627 2302 783 2350 τοίνυν
819 2298 1014 2350 κτιστὸν
1047 2298 1075 2363 ἢ
1114 2299 1311 2363 ποιητὸν
1337 2299 1391 2350 τὸ
1422 2299 1618 2362 Πνεῦμά
1651 2300 1773 2358 ἐστι,
1805 2299 1930 2351 τίνος

340 2381 475 2432 ἕσται
514 2380 683 2432 λοιπὸν
721 2381 746 2444 ἡ
787 2381 938 2434 κτίσις
977 2379 1210 2447 μέτοχος;
1261 2379 1333 2446 ἆρ’
1363 2382 1466 2448 οὐχὶ
1504 2380 1692 2433 πάντως
1731 2381 1925 2443 ἑαυτῆς;

341 2463 497 2515 κοινὸν
523 2462 617 2530 γὰρ
644 2464 826 2528 ὁρᾶται,
856 2462 880 2513 ὃ
921 2462 1132 2513 ἔκτισται
1167 2463 1336 2514 λοιπὸν
1363 2464 1431 2514 ἐπ’
1461 2464 1655 2531 ἀμφοῖν·
1698 2460 1829 2512 ἀλλὰ
1855 2462 1931 2512 καὶ

343 2547 526 2596 κτιστοὶ
552 2547 627 2596 καὶ
653 2547 837 2611 γενητοὶ
863 2544 983 2595 κατὰ
1016 2545 1165 2612 φύσιν
1191 2544 1319 2598 ὄντες
1356 2545 1498 2608 ἡμεῖς,
1525 2546 1586 2597 ὡς
1621 2543 1777 2609 ἑτέρου
1812 2542 1931 2593 κατὰ
2034 2603 2037 2613 ⁴

345 2627 495 2695 φύσιν
527 2626 820 2694 ὑπάρχοντος
859 2625 887 2691 ἢ
928 2626 1043 2693 ὅπερ
1083 2627 1225 2690 ἡμεῖς,
1261 2632 1344 2677 τοῦ
1378 2627 1653 2690 Πνεύματος
1691 2624 1924 2692 μετεσχή-
1951 2643 2000 2679 3ο
2036 2662 2037 2668 ,

124 2731 273 2768 832A,
305 2729 507 2773 ακαμεν·
562 2710 645 2760 οὐκ
686 2710 779 2775 ἄρα
823 2709 1018 2760 κτιστὸν
1057 2708 1111 2759 τὸ
1152 2707 1348 2772 Πνεῦμά
1392 2710 1540 2759 ἐστιν.
1609 2715 1647 2758 εἰ
1698 2707 1747 2758 δὲ
1792 2712 1932 2758 τοῦτο
2036 2683 2037 2762 1

349 2895 402 2927 ‘’6.
430 2911 502 2928 εστι
522 2902 743 2940 assumptum
762 2907 801 2927 ex
826 2895 864 2928 h.
1001 2905 1055 2939 27.
1082 2894 1220 2929 εαυτοὺς
1240 2894 1280 2928 Ιέι.
1411 2895 1465 2928 28.
1492 2894 1557 2938 γὰρ
1576 2905 1646 2928 om.
1666 2893 1707 2927 Ε.
1838 2904 1931 2936 31—-

396 2860 449 2905 153
475 2851 614 2893 γενητῆς
633 2848 673 2882 E.
691 2850 850 2905 γεννητῆς
870 2848 934 2882 Ed.
1024 2863 1060 2893 γε
1080 2860 1142 2906 121'0
1161 2863 1195 2882 τε
1216 2848 1266 2903 Ε.Ἰ
1475 2858 1529 2891 23.
1556 2846 1663 2892 τούτῳ
1684 2846 1725 2881 Ε.
1743 2848 1843 2880 τοῦτο
1862 2845 1929 2880 Ed.
2031 2827 2037 2915 3!

347 2954 378 2984 ι».
395 2954 472 2985 491),
496 2953 525 2975 2.
552 2942 835 2986 ‹›{'.²(⁷-61'}J7'JK‹1ffltell
852 2954 921 2976 om.
942 2941 1117 2985 (videlicet
1134 2941 1178 2976 ab
1199 2940 1338 2985 -ἡκαμεν
1357 2940 1400 2974 ad
1420 2940 1560 2985 -ἡκαμεν
1579 2940 1794 2982 transiliens)
1814 2939 1854 2973 Ε.
2033 2918 2037 2949 ³
