2022 3272
110 111 195 154 xiii.
218 125 311 169 2-5.
492 118 559 157 IN
602 118 645 159 S.
679 119 1018 161 JOANNJEM.
1082 122 1208 162 11113.
1245 123 1318 162 [x.
1611 126 1692 163 315

107 220 275 273 ἄλλων
301 226 546 292 διενεγκεῖν
572 227 810 282 ἀσυνέτως
838 229 1112 292 ὑπολαβὼν,
1137 233 1198 284 ὡς
1225 230 1463 299 ἐξαίρετόν
1490 254 1592 281 τινα
1620 234 1695 282 καὶ

107 303 501 373 ὑπερφυεστάτην
544 308 714 376 ἀρετὴν
757 312 1146 378 κατορθώσαντα,
1186 316 1263 363 καὶ
1301 313 1542 367 πολιτείας
1585 312 1735 363 όδονῑι
1775 329 1851 364 721
1865 328 1915 362 Α.

106 384 228 451 ἀήθη
266 411 313 438 τε
350 394 447 444 τοῖς
485 391 654 446 ἄλλοις
699 395 774 443 καὶ
819 395 999 457 ἀστιβῆ
1040 395 1347 446 διανύσαντα.
1421 395 1497 445 ὅτε
1539 396 1695 446 τοίνυν

105 471 421 537 παραπέπηγέ
452 496 551 527 πως
591 480 684 528 τοῖς
723 475 890 542 ἔχουσι’
929 499 974 527 τι
1017 476 1255 543 λαμπρὸν,
1295 475 1349 528 τὸ
1389 482 1547 528 νοσεῖν
1585 478 1691 528 ἔσθ’

62 548 182 600 5ὅτε
226 551 312 617 τὴν
352 555 631 624 ὑπεροψίαν,
672 563 772 611 πῶς
817 560 899 610 οὐκ
939 558 1028 609 ἔδει
1069 564 1165 612 τοῖς
1207 558 1358 625 ἁγίοις
1399 559 1694 614 ἀποστόλοις

102 634 292 699 μετρίου
342 637 644 704 φρονήματος
698 640 1012 707 ὑπογραμμὸν
1063 641 1285 707 γενέσθαι
1336 640 1567 708 Χριστὸν,
1619 642 1694 693 ἵνα

102 714 251 766 τύπον
288 718 473 786 ἔχοντες
514 724 588 772 καὶ
629 722 783 774 εἰκόνα
827 722 911 774 τὸν
950 722 1174 775 ἁπάντων
1216 724 1408 790 Κύριον,
1447 727 1524 774 καὶ
1562 725 1694 775 αὐτοὶ

102 797 221 848 κατὰ
260 799 314 851 τὸ
353 805 520 854 δοκοῦν
552 808 618 874 τῷ
654 808 762 874 Θεῷ
799 804 881 856 τὸν
916 810 1082 856 οἰκεῖον
1117 805 1511 869 μεταπλάσσοιεν
1548 813 1689 870 νοῦν,

101 877 160 943 ἦν
197 882 278 932 οὖν
317 883 408 951 ἀρα
446 884 533 949 τὴν
572 885 718 938 νόσον
756 889 844 955 οὐχ
882 887 1046 954 ἑτέρως
1084 889 1277 957 ἐξελεῖν,
1316 893 1353 940 εὶ
1391 889 1456 954 μὴ
1495 889 1572 940 διὰ
1609 896 1693 941 τοῦ

3 966 5 968 ’
35 979 83 1005 10
104 961 290 1032 διδάξαι
321 971 495 1034 σαφῶς
528 975 761 1020 τοσοῦτον
787 970 970 1021 οἴεσθαι
996 974 1091 1021 τῶν
1117 971 1285 1021 ἄλλων
1311 971 1546 1035 ἡττᾶσθαι
1572 971 1693 1023 κατὰ

102 1043 187 1107 τὴν
212 1044 372 1115 δόξαν,
400 1051 462 1103 ὡς
488 1052 562 1101 καὶ
590 1052 638 1101 ἐν
664 1051 838 1103 δούλου
874 1051 1005 1121 τάξει
1039 1052 1417 1105 κατατάττεσθαι
1452 1057 1560 1116 δεῖν,
1588 1053 1691 1105 οὐδὲ
1710 1061 1737 1102 b

101 1126 247 1191 αὐτὴν
290 1132 673 1199 καταφρίττοντα
722 1133 809 1198 τὴν
859 1136 1011 1203 οἰκέτῃ
1062 1136 1345 1202 πρέπουσαν
1394 1138 1693 1203 λειτουργίαν

101 1211 428 1278 ἀποπληροῦν,
456 1213 532 1264 διὰ
559 1221 643 1267 τοῦ
670 1217 745 1267 καὶ
774 1216 1008 1283 ἀπονίζειν
1033 1222 1128 1269 τῶν
1152 1220 1377 1287 ἀδελφῶν
1403 1218 1496 1273 τοὶς
1525 1217 1690 1277 πόδας,

101 1293 177 1342 καὶ
203 1291 359 1345 λέντιον
384 1296 659 1362 περιθέσθαι
687 1298 763 1349 διὰ
797 1298 883 1363 τὴν
909 1300 1085 1367 χρείαν.
1141 1300 1272 1366 ἄθρει
1308 1299 1402 1367 γὰρ
1439 1300 1566 1354 ὅπως
1601 1302 1687 1351 ἀν-

33 1385 80 1425 15
101 1375 396 1439 δραποδῶδες
430 1378 484 1429 τὸ
515 1379 678 1446 χρῆμά
701 1382 846 1444 ἐστιν,
874 1381 993 1433 ὅσον
1020 1385 1081 1435 εἷς
1107 1382 1189 1446 ε”θη
1216 1385 1339 1450 φημὶ
1365 1381 1424 1433 τὰ
1449 1384 1496 1433 ἐν
1523 1381 1691 1452 κόσμῳ

99 1458 176 1506 καὶ
202 1456 285 1511 τὰς
312 1459 403 1528 ἔξω
434 1460 620 1528 τριβάς.
677 1463 989 1530 ὑπογραμμὸς
1022 1469 1276 1531 τοιγαροῦν
1302 1465 1493 1532 μετρίου
1531 1488 1581 1515 τε
1617 1468 1692 1516 καὶ

99 1541 489 1606 συνεσταλμένου
517 1545 819 1613 φρονήματος
844 1545 998 1597 ἅπασι
1034 1552 1130 1600 τοῖς
1166 1546 1286 1597 κατὰ
1319 1546 1403 1597 τὸν
1426 1548 1546 1608 βίον·
1588 1549 1692 1599 οὔτε

98 1618 192 1687 γὰρ
230 1621 389 1685 μόνοις
427 1631 523 1680 τοῖς
561 1632 808 1693 μαθηταῖς·
852 1629 1049 1695 γέγονεν
1081 1631 1106 1680 ὁ
1146 1629 1377 1696 Χριστός.
1437 1629 1512 1680 διὰ
1551 1637 1691 1682 τοῦτο

99 1704 175 1753 καὶ
202 1704 227 1754 ὁ
252 1706 508 1762 θεσπέσιος
534 1713 744 1773 Παῦλος,
771 1710 914 1763 αὐτὸν
939 1711 1094 1763 εἰκόνα
1119 1711 1434 1778 παραλαβὼν,
1462 1716 1525 1766 εἷς
1552 1719 1689 1764 τοῦτο
1708 1739 1729 1765 e

32 1803 82 1828 20
99 1786 348 1853 προτρέπει
382 1789 538 1856 λέγων
565 1799 591 1821 “
612 1796 769 1844 Τοῦτο
808 1795 1041 1862 φρονείτω
1080 1794 1279 1848 ἕκαστος
1317 1797 1365 1845 ἐν
1401 1796 1508 1858 ὑμῖν
1548 1794 1573 1846 ὃ
1612 1797 1688 1846 καὶ
1750 1806 1912 1846 Phil.ii.5.

100 1873 128 1896 ‘⁶
154 1869 202 1919 ἐν
242 1873 443 1941 Χριστῷ
493 1873 702 1938 Ἰησοῦ·”
773 1877 850 1926 καὶ
899 1874 1050 1927 πάλιν
1089 1884 1114 1906 “
1141 1880 1216 1944 Τῇ
1274 1876 1687 1945 ταπεινοφροσύνῃ
1748 1895 1847 1935 1b.3.

99 1955 128 1978 “
153 1950 398 2015 ἀλλήλους
442 1954 691 2019 ἡγούμενοι
737 1956 1050 2024 ὑπερέχοντας
1095 1959 1311 2010 ἑαυτῶν.”
1371 1956 1549 2022 θεσμὸς
1593 1957 1686 2025 γὰρ

98 2030 286 2097 ἀγάπης
322 2036 397 2084 καὶ
433 2036 702 2105 ὁμοψυχίας
735 2039 783 2088 ἐν
815 2038 1085 2106 φρονήματι
1123 2040 1299 2104 γίνεται
1337 2043 1555 2109 ταπεινῷ.
1612 2040 1688 2091 ἵνα

99 2113 147 2164 δὲ
181 2113 267 2178 τὴν
293 2121 376 2166 τοῦ
411 2115 692 2184 πράγματος
729 2119 977 2188 ὑπόληψιν
1010 2125 1071 2175 εἷς
1108 2122 1230 2190 ὕψος
1265 2121 1410 2191 ἐξάρῃ
1444 2122 1582 2187 μέγα,
1610 2124 1688 2173 καὶ

31 2211 78 2251 25
98 2195 163 2261 μή
197 2219 242 2247 τι
278 2202 373 2248 τῶν
405 2200 646 2267 τυχόντων
678 2205 935 2268 δεδρᾶσθαι
975 2204 1246 2268 νομίσωμεν
1280 2202 1411 2270 παρὰ
1445 2207 1683 2270 Χριστοῦ,

97 2277 245 2330 πάλιν
271 2281 534 2346 ἀναγκαίως
566 2283 591 2332 ὃ
626 2282 881 2338 θεσπέσιος
908 2284 1278 2351 Εὐαγγελιστὴς
1311 2285 1684 2352 προκαταπλήτ-

96 2368 224 2411 τεται
250 2360 336 2425 τὴν
362 2364 563 2414 ἐνοῦσαν
588 2365 714 2433 αὐτῷ
750 2364 897 2434 δόξαν
922 2389 972 2417 τε
999 2368 1075 2417 καὶ
1102 2367 1337 2436 ἐξουσίαν,
1367 2369 1442 2418 καὶ
1477 2366 1531 2418 τὸ
1567 2367 1686 2419 κατὰ

96 2440 289 2493 πάντων
326 2443 511 2509 κράτος,
543 2447 596 2496 δι’
636 2445 701 2497 ὧν
737 2451 890 2516 φησιν
923 2446 1065 2504 Εἰδὼς
1104 2449 1166 2500 ’ὄτι
1206 2447 1461 2516 παρέδωκεν
1500 2453 1621 2520 αὐτῷ
1667 2457 1732 2503 ὁ(1

100 2522 250 2594 Πατὴρ
277 2529 335 2579 εἷς
361 2524 445 2580 τέις
471 2529 642 2596 χεῖρας.
696 2529 844 2579 καίτοι
878 2528 986 2596 γὰρ,
1013 2532 1177 2598 φησὶν,
1207 2531 1290 2581 οὐκ
1321 2530 1584 2596 ἠγνοηκὼς,
1616 2530 1686 2582 ὅτι

30 2629 80 2665 30
97 2604 289 2657 πάντων
324 2605 421 2673 ε”χοι
459 2606 545 2670 τὴν
577 2608 814 2676 ἐξουσίαν,
848 2612 923 2661 καὶ
963 2610 1024 2662 ’ὅτι
1063 2612 1156 2662 ἀπὶ
1193 2614 1305 2663 Θεοῧ
1343 2611 1523 2679 ἑξῆλθεν,
1551 2635 1686 2663 τουτ-

97 2686 242 2751 έστιν,
278 2689 327 2739 ἐκ
365 2691 448 2752 τῆς
487 2689 653 2743 οὐσίας
692 2691 917 2756 ἐγεννήθη
955 2697 1038 2742 τοῦ
1078 2696 1204 2743 Θεοῦ
1245 2695 1320 2743 καὶ
1358 2692 1563 2759 Πατρὸς,
1605 2700 1683 2745 καὶ

98 2770 204 2837 πρὶς
251 2770 356 2821 Θεὶν
401 2769 582 2837 ὑπάγει,
627 2772 859 2836 τουτέστι,
903 2772 1051 2824 πάλιν
1095 2774 1282 2837 ἀνίησιν
1325 2777 1387 2829 εἷς
1438 2775 1681 2842 οὐρανοὺς,

146 2887 202 2911 21.
228 2876 543 2922 ταπεινοφροσύνῃ]
563 2880 640 2921 τιμῇ
661 2878 703 2914 Ε.
845 2879 901 2913 28.
926 2878 994 2924 ὅτι]
1018 2883 1054 2921 -ἑ-
1074 2880 1183 2914 πάντα
1203 2879 1338 2925 Migne.
1480 2891 1538 2926 30.
1563 2882 1634 2928 ἕχει
1652 2893 1683 2917 c,

100 2921 208 2957 Cord.
349 2935 407 2969 32.
433 2924 562 2959 ἄνεισιν
579 2937 609 2959 a.

155 2989 249 3018 VOL.
271 2991 320 3018 11.
853 2993 877 3019 Y
898 2995 926 3034 y
