1971 3272
95 139 262 194 viii.43.
354 141 425 180 IN
470 141 512 180 S.
545 140 880 181 JOANNEM.
946 141 1068 181 12113.
1096 141 1146 180 V.
1209 142 1341 180 (ῙΛΙ).
1373 141 1417 180 V.
1626 142 1680 176 8¹.)

93 246 197 301 ε”θος
235 254 485 315 τοιγαροῦν
518 253 585 317 τῷ
621 251 806 314 Σωτῆρι
841 252 1041 317 Χριστῷ
1080 247 1162 298 τὸν
1194 246 1280 311 μὲν
1311 245 1405 297 ἀπὸ
1445 247 1681 311 γλώσσης

94 331 461 396 ἀναβρασθέντα
488 329 636 396 λόγον
657 332 710 381 οὐ
735 330 924 384 πάντως
950 330 1221 397 ἐκδέχεσθαι
1247 334 1341 379 τῶν
1365 326 1682 379 ἀπειθούντων

94 412 234 481 αὐτῷ,
273 415 436 478 ἐνορᾶν
474 411 521 463 δὲ
559 417 749 475 μᾶλλον
788 417 848 466 εἷς
889 413 1080 478 καρδίας
1120 414 1195 462 καὶ
1235 410 1445 479 νεφροὺς,
1487 411 1561 459 καὶ
1600 408 1683 462 τὰς

94 493 367 559 ἀποκρίσεις
408 498 644 545 ποιεῖσθαι
684 494 804 561 πρὸς
845 493 953 548 τοῦς
992 496 1040 544 ἐν
1079 497 1144 561 τῷ
1188 494 1325 553 βάθει
1369 495 1452 555 τῆς
1493 492 1724 557 καρδιάςο

53 576 250 627 5αὐτῶν
279 577 631 644 στρεφομένους
671 577 735 626 ε”τι
776 576 1135 640 διαλογισμούς.
1193 576 1440 641 ἅνθρωπος
1478 573 1561 636 μὲν
1592 572 1684 638 γὰρ

95 658 178 708 οὐκ
217 659 345 712 εἰδὼς
384 658 443 708 τὰ
482 660 529 709 ἐν
564 658 704 727 ἑτέρῳ
744 657 1048 721 διανοήματα,
1083 657 1166 708 τὸν
1200 655 1495 725 προφορικὸν
1530 657 1678 719 ἀναγ-

96 738 236 793 καίως
261 740 491 809 ἐκδέξεται
517 740 679 806 λόγον,
702 740 823 794 Θεὸς
850 739 898 790 δὲ
926 741 1013 807 οὐχ
1040 741 1198 793 οὕτως·
1239 738 1397 790 πάντα
1423 736 1516 803 γὰρ
1543 736 1684 798 εἰδὼς,

96 823 198 872 ἀντὶ
235 825 396 889 φωνῆς
430 822 523 889 ἔχει
557 822 611 873 τὸ
647 822 880 886 ἐνθύμιον.
935 821 1090 885 ἐπειδὴ
1125 822 1280 872 τοίνυν
1311 822 1401 890 ε”φη
1437 824 1533 872 τοῖς
1558 819 1682 869 Ἰου-

97 905 241 958 δαίοις
269 906 293 954 ὁ
325 904 498 971 Κύριος
529 904 806 968 ἐληλυθέναι
841 903 926 968 μὲν
953 905 1034 954 οὐκ
1071 904 1154 972 ἀφ’
1181 904 1362 965 ἑαυτοῦ,
1389 901 1600 966 καθάπερ
1629 899 1687 964 ἦν

30 1005 79 1030 10
98 986 201 1040 ἔθος
228 992 322 1041 τοῖς
349 987 404 1055 ἐξ
428 985 596 1040 οἰκείας
622 985 826 1051 γνώμης,
855 988 930 1036 καὶ
958 987 1040 1036 οὐκ
1071 986 1121 1035 ἐκ
1158 986 1281 1036 θείου
1309 984 1586 1046 Πνεύματος
1613 984 1687 1033 ἐπὶ

97 1067 150 1120 τὸ
178 1069 491 1136 προφητεύειν
516 1069 778 1135 βαδίζουσι,
804 1068 1080 1136 πεπέμφθαι
1107 1067 1257 1133 γεμὴν
1281 1065 1413 1132 παρὰ
1438 1072 1520 1116 τοῦ
1548 1069 1687 1126 Θεοῦ,

98 1153 451 1214 διενθυμοῦνται
485 1149 647 1212 πάλιν,
674 1151 777 1215 ἤτοι
811 1150 1156 1217 διαλογίζονται
1193 1148 1300 1200 καθ’
1328 1146 1531 1210 ἑαυτοὺς,
1558 1147 1586 1212 ἢ
1614 1149 1689 1198 καὶ
1708 1168 1729 1192 a
1761 1159 1845 1193 556
1865 1158 1909 1190 Ας

98 1231 370 1297 λεληθότως
396 1231 631 1297 ἀλλήλοις
657 1231 1039 1301 ἐμψιθυρίζοντες
1070 1232 1286 1300 ἔφασκον
1315 1233 1504 1282 Πολλοὶ
1537 1236 1686 1280 λελα-

98 1313 278 1379 λήκασι
303 1318 547 1383 προφῆται
581 1314 640 1366 τὰ
671 1315 801 1381 παρὰ
827 1320 910 1366 τοῦ
938 1318 1077 1377 Θεοῦ,
1104 1316 1180 1364 καὶ
1213 1313 1320 1367 τοῦς
1346 1315 1395 1363 ἐκ
1421 1318 1504 1363 τοῦ
1534 1311 1687 1362 Πνεύ-

34 1412 80 1452 15
99 1419 246 1460 ματος
285 1401 345 1450 εἰς
384 1398 505 1461 ἡμᾶς
544 1395 850 1461 εὶσεκόμισαν
885 1395 1072 1463 λόγους,
1108 1397 1218 1446 ἀλλ’
1249 1396 1524 1461 εὑρίσκομεν
1560 1393 1691 1444 οὐδὲν

99 1480 209 1546 παρ’
262 1479 448 1533 ἐκείνοις
498 1484 726 1542 τοιοῦτον,
783 1480 946 1530 ὁποῖον
997 1480 1046 1529 ἐν
1095 1483 1192 1532 τοῖς
1242 1478 1411 1528 τούτου
1461 1476 1687 1543 ῥήμασιν.

102 1561 329 1630 ἀποφέρει
366 1561 461 1628 γὰρ
499 1566 746 1614 παντελῶς
786 1564 870 1625 τῆς
905 1559 1025 1612 κατὰ
1063 1559 1207 1623 νόμον
1246 1559 1478 1626 λατρείας,
1517 1561 1591 1608 καὶ
1631 1562 1693 1611 εἷς

102 1643 264 1709 ἑτέραν
297 1641 400 1694 τινὰ
437 1643 694 1709 μεθίστησι
732 1643 991 1706 πολιτείαν,
1019 1645 1094 1694 καὶ
1129 1642 1267 1712 ξένην
1299 1643 1408 1706 ἡμῖν
1436 1644 1694 1705 εἰσηγεῖται

103 1724 211 1786 βίου
249 1724 503 1791 διαγωγήν.
561 1726 727 1776 οὐκοῦν
753 1725 1046 1795 ἀσύμφωνος
1081 1727 1302 1791 ἐναργῶς,
1332 1723 1613 1787 ἀσύμβατος
1649 1723 1695 1772 δέ

35 1831 84 1855 20
104 1811 200 1861 τοῖς
237 1807 390 1858 πάλαι
431 1808 625 1873 γέγονεν
666 1809 691 1858 ὁ
730 1807 878 1873 λόγος
917 1809 1058 1877 αὐτῷ.
1132 1813 1281 1858 ταῦτα
1320 1805 1439 1857 κατὰ
1477 1805 1531 1856 τὸ
1576 1804 1696 1856 εἰκὸς

105 1890 290 1955 ε’πείπερ
341 1892 498 1941 ε’θεᾶτο
550 1890 963 1953 διενθυμουμένους
1010 1889 1189 1951 αὐτοὺς,
1236 1888 1412 1942 δεικνὺς
1457 1887 1527 1939 ὅτι
1573 1887 1694 1941 Θεὸς
1713 1896 1739 1936 b

106 1970 226 2021 κατὰ
269 1970 419 2039 φύσιν
462 1973 580 2034 ε’στι,
625 1994 701 2022 και
752 1970 811 2022 τὰ
862 1973 909 2021 ἐν
955 1972 1161 2038 καρδιαις
1211 1970 1341 2023 εἰδὼς
1392 1970 1695 2032 βουλεύματα

105 2052 475 2118 προσλαμβάνει
525 2053 607 2103 καί
653 2057 778 2122 φησι
821 2053 915 2104 Δια
967 2055 1009 2103 τί
1058 2078 1127 2112 την
1171 2053 1345 2103 λαλιὰν
1390 2077 1458 2111 την
1503 2051 1604 2119 ἑμην
1653 2077 1695 2102 ου

106 2133 372 2200 γινῶσκετες
427 2159 487 2185 οτι
536 2139 579 2186 εὑ
625 2132 804 2186 Sume&
849 2134 1016 2186 almvm
1053 2159 1120 2186 τον
1159 2135 1291 2200 λογον
1330 2158 1396 2185 τον
1436 2134 1547 2201 ἑμσν
1613 2155 1695 2182 ουκ

39 2235 86 2271 25
107 2213 330 2280 ἠγνόηκα,
370 2218 536 2284 φησιν,
579 2219 640 2271 ὡς
683 2240 768 2280 την
807 2216 922 2279 ἐμην
963 2220 1005 2268 οὐ
1046 2213 1223 2267 duum&
1262 2214 1468 2266 συνιέναι
1508 2213 1695 2276 hamah,

108 2297 210 2361 ἤτοι
237 2299 566 2357 διδασκαλίαν,
595 2300 706 2349 ἀλλ’
737 2300 825 2364 ἐρῶ
852 2298 937 2362 τὴν
964 2299 1115 2349 αἰτίαν
1143 2299 1249 2361 ὑμῖν
1275 2303 1358 2347 τοῦ
1393 2296 1691 2363 πράγματος,

108 2381 182 2429 καὶ
221 2381 270 2429 τί
303 2378 357 2430 τὸ
396 2379 625 2442 ἐμποδὼν,
659 2379 950 2444 καταστήσω
988 2379 1157 2448 σαφές.
1216 2383 1258 2430 οὐ
1289 2375 1467 2430 δύνασθε
1500 2380 1567 2429 τὶν
1598 2379 1695 2446 ἐμὶν

108 2463 302 2512 οἰκοῦσαι
329 2464 476 2527 λόγον·
519 2462 573 2512 τὸ
601 2462 655 2512 δέ
676 2465 745 2513 Οὐ
773 2459 958 2513 δύναισθέ
978 2465 1143 2528 φησιν,
1171 2463 1453 2514 ἀτονοῦντας
1485 2461 1695 2527 ἐλέγχων
1714 2484 1735 2510 ο

109 2545 215 2608 περὶ
264 2542 318 2593 τὸ
374 2544 561 2597 τελείως
620 2543 814 2609 ἀγαθὸν,
865 2542 941 2593 διὰ
992 2542 1046 2593 τὸ
1100 2543 1230 2595 ἰδίοις
1282 2545 1695 2608 προκεκρατῆσθαι

42 2639 92 2674 30
113 2623 332 2675 πάθεσιν.
388 2627 641 2691 ἀπονευροῖ
674 2624 758 2689 μὲν
792 2624 885 2691 γὰρ
924 2625 951 2688 ἡ
992 2625 1244 2692 φιληδονία
1284 2623 1366 2674 τὸν
1402 2629 1524 2685 νοῦν,
1554 2626 1629 2673 καὶ
1668 2624 1696 2686 ἡ

166 2775 195 2798 1.
223 2763 299 2798 ἔθος
318 2763 358 2797 Β.
363 2774 392 2796 a.
412 2763 502 2798 ἔστω
523 2763 640 2797 Holst.
661 2763 727 2797 Ed.
865 2774 897 2807 3.
925 2764 978 2796 καὶ
995 2764 1054 2797 alt.
1075 2768 1297 2806 assumptum
1315 2773 1356 2795 ex
1374 2774 1404 2794 a.
1544 2772 1596 2795 12.
1625 2761 1696 2795 δια-

115 2819 298 2888 λογιζομέα
280 2858 329 2877 νοι
348 2843 390 2877 Β.
632 2854 685 2884 14.
712 2843 752 2875 τὰ
771 2842 847 2876 B.a.
867 2842 930 2875 Ht.
950 2841 988 2875 τὸ
1006 2841 1101 2876 Aub.
1172 2841 1296 2875 Statim
1315 2841 1405 2884 παρὰ
1423 2852 1453 2874 a.
1471 2841 1549 2884 περὶ
1568 2840 1610 2875 Β.
1629 2840 1696 2875 Ed.

117 2902 172 2935 23.
198 2890 458 2934 προσλαμβάνει
479 2889 520 2923 Β.
539 2890 774 2933 προλαμβάνει
792 2901 822 2923 a.
844 2888 905 2922 Ht.
924 2888 991 2922 Ed-
1100 2899 1154 2932 29.
1180 2887 1474 2932 προκεκριιτῆσθαι
1494 2888 1569 2922 B.a.
1587 2901 1697 2932 προσ-

115 2937 338 2982 κεκρατῆσθαι
359 2937 421 2971 Ht.
441 2936 508 2970 Ed.

171 3003 263 3031 VOL.
289 3004 337 3031 II.
916 3002 942 3028 N
