1971 3272
100 138 354 192 viii-54‚55-
478 137 551 177 IN
594 136 637 177 s,
672 136 1011 176 JOANNEM.
1076 136 1303 176 L113.V1.
1611 135 1685 174 125

104 253 131 276 “
158 248 234 296 καὶ
269 246 566 313 φρίττουσι,”
596 244 717 296 κατὰ
751 244 805 295 τὸ
839 244 1182 311 γεγραμμένον.
1234 243 1354 311 πρὸς
1381 243 1427 294 δὲ
1455 243 1507 294 τὸ
1542 244 1681 308 γινώ-

105 350 251 388 σκειν,
278 326 349 378 ὅτι
387 327 505 390 ἔστι,
537 329 612 378 καὶ
651 327 794 395 δόξας
833 326 954 394 ἔχειν
985 325 1249 377 ἀκόλουθον
1280 329 1385 392 περὶ
1425 327 1566 376 αὐτοῦ
1605 324 1727 378 τάςο

106 411 231 478 αὐτῷ
268 409 545 475 πρεπούσας
584 411 659 460 καὶ
699 409 1100 476 χρεωστουμένας·
1141 408 1238 459 οἶον
1264 409 1319 459 δέ
1352 409 1478 477 φημί
1505 427 1564 458 τι·
1608 406 1690 457 τὸν

106 493 220 544 ὅντα
247 491 372 542 Θεὸν
398 492 447 542 τί
476 490 561 555 μὲν
588 491 734 544 ὅντως
768 493 871 541 ἐστὶ
905 490 1024 542 κατὰ
1061 492 1224 559 φύσιν,
1252 492 1334 541 οὐκ
1370 489 1428 540 ἂν
1459 488 1591 552 οἶμαί
1621 512 1690 541 τις

65 573 574 639 5πολυπραγμονήσαι
624 578 908 642 σωφρονῶν·
968 575 1115 640 εὑρεῖν
1166 573 1258 640 γὰρ
1316 572 1576 639 ἀμήχανον·
1634 569 1692 621 τὰ

106 656 254 723 γεμὴν
278 655 525 722 προσόντα
553 657 692 724 αὐτῷ,
720 659 796 705 καὶ
830 655 895 719 μὴ
927 655 1175 722 προσόντα
1201 654 1359 722 τυχὸν,
1386 655 1596 719 ἐπιγνοιή
1623 675 1692 705 τις

107 738 164 789 ἂν
213 740 287 789 καὶ
340 737 448 788 λίαν
499 737 720 799 εὐκόλως,
771 742 866 790 τοῖς
917 741 1051 804 ἱεροῖς
1102 737 1340 802 ὁμιλήσας
1392 738 1687 804 γράμμασιν.

106 819 245 881 ἴσμεν
280 819 373 885 γὰρ
412 822 488 869 καὶ
526 818 906 883 πεπιστεύκαμεν
941 819 1011 870 ὅτι
1051 819 1246 873 δυνατός
1285 822 1427 870 ἐστιν·
1471 819 1609 882 ἰ’σμεν
1645 817 1693 868 δὲ

107 901 178 952 ὅτι
217 902 300 952 οὐκ
338 901 469 951 ἔστιν
509 899 728 964 ἀσθενὴς,
762 901 902 963 ἰ’σμεν
941 900 1011 951 ὅτι
1051 901 1229 967 ἀγαθός
1268 904 1412 964 ἐστιν,
1447 901 1586 964 ἴσμεν
1623 900 1693 950 ὅτι

43 1008 90 1032 10
108 984 191 1034 οὐκ
233 983 336 1034 ε”στι
380 982 598 1049 πονηρὸς,
638 982 777 1047 ἴσμεν
817 982 887 1033 ὅτι
933 982 1106 1037 δίκαιός
1149 985 1267 1047 ἐστι,
1307 986 1381 1034 καὶ
1425 982 1573 1034 πάλιν
1612 983 1739 1033 οὑκά

108 1065 240 1116 ἔστιν
266 1066 436 1118 ἄδικος.
500 1065 639 1128 ἴσμεν
667 1064 736 1116 ὅτι
763 1063 907 1118 α”ίδιός
939 1067 1054 1127 ἐστι,
1083 1067 1348 1129 διακείμεθα
1385 1068 1458 1116 καὶ
1495 1064 1689 1117 πιστεύ-

108 1170 219 1212 ομεν
258 1147 328 1198 ὅτι
367 1149 449 1198 οὐκ
489 1148 593 1198 ε”στι
632 1147 790 1217 χρόνῳ
829 1147 1195 1211 πεπερασμένος,
1230 1148 1362 1198 ἀλλὰ
1401 1147 1504 1198 οὐδὲ
1543 1147 1697 1213 πρόσ-

110 1252 267 1295 καιρος
306 1229 428 1279 καθὰ
469 1231 544 1279 καὶ
584 1229 726 1293 ἡμεῖς.
795 1231 843 1280 ἐν
874 1228 1056 1296 ῥήμασι
1096 1232 1171 1280 καὶ
1210 1235 1389 1298 φωναῖς
1428 1228 1698 1298 φάσκοντες

109 1312 326 1362 Ἰουδαῖοι
352 1313 510 1362 τοίνυν
530 1311 661 1373 ὅσον,
684 1309 1011 1376 διωμολόγουν
1036 1317 1208 1380 σαφῶς
1232 1312 1356 1363 Θεὸν
1382 1313 1557 1363 ἑαυτῶν
1583 1309 1698 1362 εἶναι

45 1413 91 1452 15
111 1392 193 1445 τὸν
219 1393 359 1456 Θεὸν,
392 1395 669 1459 ἀγνοοῦντες
708 1393 849 1444 αὐτὸν
888 1392 1020 1444 οὐδὲν
1058 1394 1213 1458 ἧττον,
1248 1396 1359 1445 ἀλλ’
1388 1394 1506 1446 ὅσον
1539 1419 1588 1446 τε
1628 1394 1698 1445 ὅτι

110 1498 160 1527 τε
198 1474 444 1544 ἄφθαρτός
482 1477 586 1526 ἐστι
625 1477 701 1526 καὶ
741 1475 884 1529 ἀίδιος
923 1476 1152 1530 συνέντας
1193 1477 1280 1544 οὐχ
1319 1476 1593 1543 εὑρήσομεν.
1661 1481 1698 1527 εἰ

110 1556 203 1624 γὰρ
248 1556 443 1624 ᾔδεσαν,
484 1558 566 1608 οὐκ
610 1556 682 1620 ἂν,
722 1555 862 1622 οἶμαι,
898 1557 1017 1623 πρὸς
1054 1564 1194 1609 τοῦτο
1239 1559 1541 1611 κατώλισθον
1580 1562 1697 1611 ἀπο-

109 1639 319 1708 πληξίας
346 1642 408 1693 ὡς
434 1639 748 1708 τεθνήξεσθαι
774 1643 1052 1706 προσδοκᾶν
1077 1639 1160 1691 τὸν
1180 1642 1229 1691 ἐκ
1256 1643 1338 1705 τῆς
1364 1642 1528 1696 οὐσίας
1555 1644 1696 1693 αὐτοῦ
1717 1663 1737 1689 e

111 1720 406 1788 προελθόντα
445 1720 563 1773 Υὶὸν
604 1725 876 1788 Μονογενῆ·
937 1721 1048 1773 ἀλλ’
1089 1723 1187 1774 οὐδ’
1231 1722 1287 1773 ἂν
1325 1725 1450 1794 αὐτῷ
1495 1724 1577 1776 τὸν
1614 1731 1698 1776 τοῦ

46 1803 339 1870 2ο“Αβραάμ
377 1806 453 1854 καὶ
489 1808 584 1855 τῶν
615 1809 877 1872 προφητῶν
906 1805 1227 1870 προτείνοντες
1262 1804 1465 1857 θάνατον
1491 1806 1700 1870 ἀνοήτως

113 1885 327 1954 ἔφασκον
355 1886 477 1937 Τίνα
514 1885 718 1937 σεαυτὸν
744 1891 921 1948 ποιεῖς;
964 1885 992 1951 ἢ
1017 1886 1110 1953 γὰρ
1136 1888 1239 1954 οὐχὶ
1266 1890 1342 1938 καὶ
1377 1887 1572 1956 σφόδρα
1610 1890 1706 1955 ἐρεῖ

113 1991 182 2022 τις
225 1967 410 2022 εἰκότως
456 1971 518 2022 ὡς
558 1967 615 2033 ἦν
655 1970 913 2034 ἀναγκαῖον
952 1967 1058 2022 τοὺς
1103 1969 1283 2023 εἰδότας
1326 1971 1394 2024 τίς
1432 1972 1536 2020 ἐστι
1581 1970 1702 2022 κατὰ

116 2049 265 2119 φύσιν
297 2051 321 2099 ὁ
357 2049 542 2115 Πατὴρ,
568 2055 781 2101 τοιοῦτον
814 2049 930 2100 εἶναι
967 2049 1204 2101 πιστεύειν
1240 2053 1315 2102 καὶ
1354 2051 1436 2102 τὸν
1469 2052 1525 2120 ἐξ
1559 2053 1701 2103 αὑτοῦ

113 2130 412 2197 προελθόντα
439 2130 630 2197 Λόγους
675 2131 818 2197 ὅνπερ
844 2131 938 2198 γὰρ
964 2130 1141 2197 τρόπον
1169 2130 1262 2183 ἀπὸ
1289 2134 1511 2198 γλυκείας
1544 2137 1702 2199 πηγῆς

48 2231 96 2269 25
114 2213 266 2279 γλυκὺ
303 2212 389 2276 μὲν
426 2213 616 2267 πάντως
653 2212 842 2280 πρόεισι
882 2218 1020 2277 νᾶμα,
1054 2216 1130 2264 καὶ
1169 2213 1262 2265 ἀπὸ
1302 2215 1463 2284 ξύλων
1501 2217 1701 2282 εὐγενῶν

114 2296 278 2361 εὐγενῆ
304 2294 494 2349 πάντως
522 2295 657 2346 ἔσται
683 2296 758 2346 καὶ
784 2293 844 2345 τὰ
870 2294 1130 2359 τικτόμενα·
1171 2297 1318 2350 οὕτως
1343 2296 1471 2361 οἶμαι
1497 2300 1590 2348 δεῖν
1616 2296 1700 2348 τὸν

113 2378 162 2428 ἐκ
199 2382 282 2428 τοῦ
322 2376 441 2428 κατὰ
480 2376 630 2446 φύσιν
658 2379 797 2439 Θεοῦ,
826 2375 952 2427 Θεὸν
989 2375 1104 2427 εἶναι
1141 2378 1380 2429 πιστεύειν
1419 2381 1590 2444 ἀληθῆ,
1622 2380 1738 2430 καὶᾶ
1778 2387 1922 2424 581A.

114 2457 197 2510 τὸν
235 2458 291 2527 ἐξ
329 2460 477 2510 ἀϊδίου
515 2458 851 2524 γεγεννημένον
880 2457 1086 2525 Πατρὸς,
1121 2459 1269 2511 ἀίδιον
1308 2458 1422 2511 εἶναι
1460 2460 1579 2512 κατὰ
1617 2459 1699 2511 τὸν

115 2540 388 2607 γεννήτορα·
431 2542 643 2606 εὔκαιρον
670 2541 751 2590 οὖν
778 2540 869 2606 ἄρα
903 2541 1105 2592 κάνθάδε
1136 2539 1254 2607 πρὸς
1280 2543 1531 2596 Ἰουδαίους
1558 2546 1699 2593 εἰπεῖν

49 2635 98 2671 30
117 2628 144 2651 “
162 2620 233 2673 *H
279 2622 509 2686 ποιήσατε
550 2621 604 2672 τὸ
649 2621 840 2688 δένδρον
877 2621 1066 2688 σαπρὸν
1101 2624 1174 2673 καὶ
1220 2623 1302 2673 τὸν
1340 2623 1520 2689 καρπὸν
1558 2624 1699 2674 αὐτοῦ
1761 2626 1923 2676 SQIatth.

1760 2680 1815 2701 ΧΠ.
1881 2694 1888 2701 ι

116 2710 143 2733 “
169 2701 371 2769 σαπρὸν,
394 2702 421 2768 ἦ
448 2701 679 2767 ποιήσατε
699 2701 752 2753 τὸ
774 2703 964 2768 δένδρον
983 2702 1132 2753 καλὸν
1152 2705 1226 2754 καὶ
1253 2702 1334 2755 τὸν
1355 2703 1536 2770 καρπὸν
1556 2705 1698 2755 αὐτοῦ
1837 2678 1876 2709 33

164 2864 196 2888 2.
222 2853 293 2898 ἔχει
311 2853 406 2887 Aub.
550 2865 583 2896 4.
609 2852 643 2887 τί
660 2852 703 2886 Β.
721 2851 773 2887 ὅτι
791 2864 820 2887 a.
840 2852 917 2887 Cat.
939 2853 1041 2887 Harl.
1061 2853 1128 2887 Ed.
1194 2853 1245 2888 ὅτι
1263 2854 1323 2898 μὲν
1340 2854 1443 2891 ὅντως
1460 2855 1567 2897 ἐστὶν,
1585 2855 1698 2899 ἰ’σμεν,

116 2899 237 2934 τούτου
255 2901 291 2934 δέ
308 2899 418 2945 φύσιν
435 2911 465 2933 a.
613 2910 663 2934 12.
690 2899 964 2945 πεπερασμένος]
984 2900 1261 2944 πεπερατωμένος
1280 2901 1356 2937 Cat.
1380 2902 1481 2937 Harl.
1498 2909 1586 2937 teste
1604 2903 1701 2938 Aub.

121 2957 173 2990 13.
200 2947 283 2981 καθὰ
301 2945 372 2991 καὶ]
393 2947 542 2990 καθάπερ
562 2958 591 2981 a.
739 2958 791 2988 14.
820 2947 945 2980 ἑαυτῶν
963 2958 992 2980 a.
1011 2947 1113 2981 αὐτὸν
1131 2947 1197 2981 Ed.
