1971 3272
101 135 221 174 x.18.
347 133 413 173 IN
453 134 496 172 S.
520 131 691 173 JOAN.
756 131 992 172 LIBXII.
1055 133 1441 174 1³11A0‘MlfiN'1'A.
1611 136 1691 174 5215

100 248 183 293 τοῦ
213 241 403 309 Πατρὸς
430 247 596 293 λαλεῖν
621 240 994 307 προστάγματα.
1051 246 1086 292 εἱ
1115 242 1161 293 δὲ
1195 243 1448 310 προφήτην
1475 243 1694 306 ὠνόμασε

99 325 182 375 τὸν
214 324 327 375 ἰ’διον
353 323 471 375 Υἱὸν
510 325 534 374 ὁ
573 323 742 390 Πατὴρ
775 323 858 374 τὸν
893 324 1162 388 ὁμοούσιον,
1186 324 1250 388 μὴ
1288 329 1574 393 θορυβηθῇς·
1618 325 1694 375 ὅτε

98 405 193 472 γὰρ
243 407 436 472 γε’γονεν
482 406 745 472 ἅνθρωπος,
791 405 896 456 τότε
949 405 1171 472 ἡρμόσθη
1218 408 1343 476 αὐτῷ
1391 409 1466 458 καὶ
1512 406 1566 458 τὸ
1612 413 1694 457 τοῦ

99 490 348 556 προφήτου
395 487 558 551 ὄνομα,
599 486 705 538 τότε
746 491 821 538 καὶ
861 488 1056 541 ἐντολὰς
1103 489 1228 558 αὐτῷ
1273 490 1494 540 δεδόσθαι
1540 488 1743 557 φαμένά

59 587 80 626 5
100 570 230 638 παρὰ
256 577 339 621 τοῦ
370 570 560 635 Πατρὸς
593 574 912 634 οἰκονομικῶς.
966 570 1097 634 πλὴν
1125 571 1148 620 ὁ
1186 571 1450 635 λαμβάνων
1478 571 1692 634 ἐντολὰς,

101 654 154 704 οὐ
193 652 312 704 κατὰ
348 658 487 703 τοῦτο
523 650 735 702 ἐλάττων
766 650 794 716 ἢ
834 650 1052 716 ἀνόμοιός
1091 654 1193 703 ἐστι
1233 657 1317 717 τῆς
1351 659 1433 704 τοῦ
1468 655 1692 705 ἐντελλο-

101 735 242 798 με’νου
281 734 445 787 οὐσίας
484 733 511 799 ἦ
552 735 757 803 φύσεως,
791 733 908 784 ὅπου
947 756 1002 799 γε
1042 736 1117 785 καὶ
1157 735 1397 801 ἄνθρωποι
1431 735 1696 801 ἀνθρώποις

101 816 418 879 ἐντέλλονται,
446 818 521 866 καὶ
558 815 759 881 ἄγγελοι
795 815 1040 880 ἀγγέλοις·
1083 818 1158 866 καὶ
1192 818 1245 867 οὐ
1270 816 1346 867 διὰ
1372 823 1510 868 τοῦτο
1537 819 1692 884 ἑτερο-

102 903 232 967 φυεῖς
280 897 308 963 ἢ
355 897 610 952 ἐλάττονας
655 896 763 950 τοὺς
814 898 1202 961 ἐπιταττομένους
1250 898 1463 965 λέγομεν.
1529 901 1697 951 οὐκοῦν

8 982 204 1032 ἰοοῦτε
241 985 324 1031 τοῦ
354 979 546 1046 Πατρὸς
580 981 604 1030 ὁ
632 979 746 1032 Υἱὸς
784 979 1010 1041 ἐλάττων,
1039 984 1076 1030 εἰ
1112 983 1186 1031 καὶ
1226 981 1421 1047 γε’γονεν
1448 982 1697 1048 ἅνθρωπος

99 1063 176 1113 ἵνα
211 1062 399 1128 γένηται
438 1062 548 1126 ἡμῖν
573 1059 736 1125 πάσης
772 1061 1083 1127 ὑπογραμμὸς
1115 1064 1295 1129 ἀρετῆς·
1337 1062 1408 1114 διὸ
1444 1065 1519 1114 καὶ
1559 1070 1697 1115 τοῦτο

102 1143 312 1195 διδάσκει
349 1143 421 1194 ὅτι
456 1142 547 1211 χρὴ
580 1149 677 1197 τοῖς
715 1148 935 1208 γονεῦσιν
972 1145 1020 1194 ἐν
1046 1149 1196 1195 πᾶσιν
1224 1146 1471 1196 ὑπακούειν
1498 1146 1632 1210 ἡμᾶς,
1661 1149 1697 1196 εἰ
1761 1147 1921 1188 ‘'f‘ffil'm

1679 1227 1691 1244 x
1761 1200 1821 1232 337
1834 1203 1893 1222 ου.

103 1228 178 1277 καὶ
202 1227 256 1277 τὸ
289 1226 397 1277 ἰ’σον
423 1226 591 1293 ἔχομεν
618 1224 737 1276 κατὰ
773 1225 857 1288 τὴν
885 1225 1049 1294 φύσιν.
1102 1226 1204 1277 ε”στι
1241 1228 1289 1278 δέ
1325 1226 1444 1278 ὅπου
1479 1227 1532 1278 τὸ
1568 1251 1697 1294 παρα
1717 1254 1738 1280 e

103 1313 186 1359 τοῦ
233 1305 426 1374 Πατρὸς
472 1307 730 1373 λεγόμενον
771 1308 1098 1372 Ἐντελοῦμαι,
1145 1312 1287 1373 δηλοῖ
1325 1308 1379 1360 τό
1424 1309 1697 1376 Ἀραρότως

38 1410 85 1449 15
104 1390 306 1455 ποιήσω,
341 1393 404 1444 ὡς
443 1390 556 1441 ὅταν
595 1389 699 1457 ε’ίπῃ
728 1396 754 1418 “
780 1392 872 1439 Καὶ
912 1391 1188 1454 ἐντελοῦμαι
1227 1395 1285 1459 τῇ
1324 1393 1568 1459 οἰκουμένῃ
1608 1391 1698 1460 ὅλῃ
1761 1401 1815 1475 1131*
1831 1401 1896 1431 xiii.

105 1479 132 1502 “
159 1473 292 1535 κακὰ,
332 1475 407 1523 καὶ
446 1478 542 1526 τοῖς
581 1472 780 1533 ἀσεβέσι
819 1471 901 1525 τὰς
943 1473 1174 1539 ἁμαρτίας
1212 1474 1408 1526 αὐτῶν.”
1454 1474 1584 1538 πλὴν
1623 1477 1699 1524 καὶ

105 1559 533 1621 συγκαταβατικῶς
567 1554 671 1604 ἔσθ’
702 1553 777 1604 ὅτε
814 1559 959 1605 λαλεῖ
990 1555 1014 1604 ὁ
1041 1553 1169 1616 Υἱὸς,
1198 1554 1275 1606 διὰ
1301 1555 1355 1607 τὸ
1383 1557 1503 1620 ἡμᾶς
1530 1559 1699 1621 νοῆσαι

107 1639 169 1691 ὡς
210 1638 312 1688 ε”στι
352 1636 550 1688 δυνατὸν
586 1635 644 1687 τὰ
684 1637 864 1703 ἄῤῥητα
904 1636 1063 1702 λόγια·
1106 1637 1232 1701 ὅμως
1267 1639 1320 1688 οὐ
1353 1637 1408 1689 τὸ
1447 1643 1589 1690 εἰπεῖν
1629 1638 1699 1690 ὅτι

106 1718 304 1779 Ἐντολῆν
332 1719 509 1781 ἔλαβον,
536 1724 662 1770 ποιεῖ
694 1718 759 1783 μὴ
799 1716 913 1769 εἶναι
947 1717 1072 1770 Θεὸν
1103 1718 1186 1770 τὸν
1217 1720 1360 1788 φύσει
1402 1719 1515 1771 ὅντα
1549 1720 1690 1772 Θεόν.

39 1799 136 1866 205>
165 1802 246 1852 οὖν
271 1801 381 1867 λε’γε
409 1800 548 1863 Θεὸν,
575 1803 650 1851 καὶ
678 1801 806 1851 δίδου
840 1800 934 1850 ὅσα
970 1804 1027 1867 τῇ
1064 1801 1247 1866 θεότητι
1285 1801 1470 1868 ἁρμόζει
1507 1803 1640 1871 ἔχειν,
1668 1801 1697 1866 ὴ

108 1883 218 1948 λε’γε
257 1882 398 1933 αὐτὸν
436 1884 615 1946 κτίσμα
663 1887 890 1951 φανερῶς.
960 1884 1014 1933 οὐ
1059 1882 1153 1949 γὰρ
1192 1883 1246 1934 τὸ
1286 1887 1458 1943 λαβεῖν
1497 1884 1694 1949 ἐντολὴν,

107 1969 281 2030 γυμνοῖ
301 1968 395 2015 τῶν
416 1969 632 2033 φυσικῶς
658 1987 746 2014 τινι
770 1964 1066 2029 προσόντων.
1101 1964 1257 2029 ἐπειδὴ
1285 1965 1333 2016 δὲ
1360 1965 1455 2016 ὅσα
1481 1967 1505 2016 ὁ
1529 1966 1698 2033 Πατὴρ
1717 1991 1738 2015 a
1769 1983 1854 2017 662
1872 1982 1920 2016 A.

107 2047 367 2097 ἐνετείλατο
406 2050 472 2116 τῷ
505 2050 605 2115 Υὶῲ
644 2051 793 2096 ταῦτα
831 2050 987 2096 λαλεῖ·
1037 2047 1118 2097 καί
1152 2050 1304 2115 φησιν
1337 2055 1363 2077 “
1389 2047 1519 2114 Ἐγὼ
1558 2051 1632 2099 καὶ
1672 2049 1696 2098 ὁ
1759 2054 1885 2129 {gram

108 2135 136 2158 “
163 2128 334 2194 Πατὴρ
372 2128 421 2179 ἕν
459 2129 642 2191 ἐσμεν,”
682 2127 865 2193 ἀνάγκη
904 2150 962 2178 σε
1002 2133 1157 2191 εἰπεῖν,
1197 2130 1298 2194 ἤτοι
1341 2129 1411 2180 ὅτι
1453 2130 1699 2194 ἀληθεύειν
1821 2119 1860 2136 ⁸⁰
1888 2120 1897 2129 ⁶

39 2211 133 2266 255
179 2209 350 2277 Πατὴρ
395 2211 657 2262 ἐνετείλατο
702 2214 768 2279 τῷ
811 2213 926 2278 Υὶῷ,
971 2208 998 2274 ὴ
1051 2210 1121 2261 ὅτι
1171 2211 1454 2278 ψεύδεσθαι.
1526 2209 1554 2263 ἂ
1605 2211 1698 2278 γὰρ

109 2291 286 2353 ’ἐλαβεν
325 2293 349 2343 ὁ
388 2292 503 2346 Υἱὸς
547 2290 744 2356 ἐντολὴν
782 2295 1011 2356 λαλῆσαι,
1052 2298 1206 2344 λαλεῖ·
1252 2295 1361 2345 “‘O
1401 2292 1597 2362 πέμψας
1642 2317 1699 2358 με
1762 2302 1921 2333 Infraxii.

111 2381 139 2404 ‘⁴
164 2373 273 2440 γὰρ,
299 2377 436 2443 φησὶ,
460 2373 645 2440 Πατὴρ,
672 2374 870 2438 ἐντολὴν
897 2375 1037 2425 ἔδωκε
1063 2376 1112 2425 τί
1134 2375 1248 2426 εἴπω
1275 2378 1351 2426 καὶ
1378 2376 1426 2427 τί
1448 2376 1695 2441 λαλήσω.”
1761 2355 1802 2387 49

113 2459 151 2506 εὶ
189 2455 238 2507 δὲ
275 2458 351 2506 καὶ
395 2454 520 2506 εἶπεν
564 2454 724 2507 ίί(Ότι
769 2457 793 2506 ὁ
836 2455 1006 2522 Πατήρ
1046 2480 1137 2519 μου
1181 2457 1348 2523 μείζων
1386 2481 1477 2521 μου
1525 2456 1695 2520 ἐστὶν,”
1760 2459 1850 2490 Infra

1759 2503 1824 2533 xiv.
1844 2503 1894 2533 28.

113 2535 244 2588 οὐδὲν
271 2538 492 2589 ἐναντίον.
545 2536 663 2588 καθὸ
698 2537 783 2602 μὲν
812 2537 906 2604 γὰρ
942 2537 1086 2607 φύσει
1113 2538 1247 2601 Θεὸς,
1276 2539 1379 2593 ἰ’σος
1417 2543 1484 2608 τῷ
1520 2540 1692 2605 Πατρί·

160 2718 193 2752 3.
219 2706 378 2751 ἡρμόσθη
397 2707 466 2741 a.k.
486 2706 656 2752 ἡρμόσθαι
675 2707 752 2742 Cat.
773 2707 874 2742 Harl.
894 2707 989 2742 unde
1008 2709 1102 2743 Aub.
1378 2723 1412 2752 4.
1438 2708 1507 2754 καὶ]
1532 2714 1569 2750 -l-
1590 2711 1650 2746 τὰς
1667 2722 1698 2745 a.

117 2765 171 2788 12.
197 2754 232 2788 ἐν
247 2756 354 2788 πᾶσιν
371 2761 595 2798 assumptum
615 2766 655 2787 ex
674 2755 744 2788 a.k.
836 2754 920 2797 ἡμᾶς
937 2766 1007 2789 om.
1025 2756 1095 2790 a.k.
1383 2756 1436 2790 16.
1464 2757 1550 2790 καλὰ
1568 2757 1648 2801 (sic)
1667 2769 1697 2791 a.

118 2801 172 2835 18.
198 2800 249 2834 ὅτι
268 2812 338 2835 om.
357 2812 388 2834 a.
550 2811 602 2845 19.
628 2799 754 2841 ἔλαβεν
773 2800 872 2845 (err.)
891 2801 986 2834 Aub.
1143 2812 1198 2835 22.
1225 2803 1382 2847 φυσικῶς
1399 2818 1462 2837 τινι
1480 2803 1696 2849 προσόντων]

114 2849 274 2902 φυσικῶν
290 2862 353 2880 τινι
371 2848 567 2891 προσώπων
587 2847 730 2891 (errore)
751 2847 845 2881 Aub.
911 2848 948 2881 δέ
965 2859 1036 2881 om.
1055 2847 1150 2881 Aub.
1342 2860 1396 2891 24.
1423 2849 1548 2895 ἀνάγκη
1569 2865 1609 2885 σε
1627 2851 1697 2884 a.k.

115 2894 306 2937 ηνάγκασεν
325 2894 401 2927 Cat.
422 2893 522 2927 Harl.
542 2894 635 2927 unde
654 2893 748 2927 Aub.
767 2894 826 2939 qui
844 2893 968 2939 ἀνάγκη
988 2909 1045 2928 σοι
1063 2895 1213 2939 conjicit.
1336 2895 1391 2930 26.
1415 2911 1457 2940 με
1474 2903 1698 2942 assumptum

115 2951 156 2973 ex
174 2941 243 2975 a.k.
389 2951 443 2984 27.
471 2940 591 2986 ἔδωκε]
610 2955 668 2984 μοι
685 2940 809 2974 δέδωκε
828 2952 858 2974 a.
876 2941 978 2975 ἔδωκε
997 2940 1101 2975 habet
1118 2942 1154 2976 k.
