2022 3272
123 115 360 158 .xv.14,15.
407 105 477 144 IN
522 107 562 144 S.
599 106 935 146 JOANNEM.
1002 106 1122 146 [1113.
1161 107 1208 146 X.
1273 108 1404 146 (JAP.
1444 107 1498 145 ll.
1620 106 1695 144 581

125 217 151 239 ‘⁶
178 214 380 274 αι’ῶνος,”
423 215 495 263 καὶ
523 213 581 263 τὰ
607 216 654 264 ἐν
679 212 897 281 ἐσχάτοις
927 215 1129 276 ἐσόμενα
1158 221 1345 280 καιροῖς,
1367 215 1436 265 ὅτι
1462 218 1555 264 τῶν
1577 214 1703 263 ἰδίων

123 293 458 361 ἀπολήψονται
508 294 666 346 πόνων
712 295 817 348 τοῦς
863 295 1077 356 μισθους,
1123 298 1195 345 καὶ
1247 299 1328 358 τῆς
1379 300 1439 348 εἰς
1487 294 1703 360 Χριστὸν

123 375 362 434 εὐσεβείας
413 378 785 439 α’ντικομιοῦνται
837 377 921 441 τὴν
960 377 1178 441 ἀμοιβήν.
1248 379 1412 428 οὐκοῦν
1453 377 1620 427 δίκαιοί
1655 400 1700 426 τε
1721 400 1740 422 a
1781 389 1861 423 891
1876 389 1926 422 Α.

124 458 199 506 καὶ
240 458 372 523 φίλοι
410 462 534 509 Θεοῦ
572 465 937 526 χρηματιοῦμεν,
979 459 1188 525 καθάπερ
1221 458 1462 524 (Αβραάμ.
1515 461 1702 523 ἀρχαιο-

82 555 102 593 5
124 538 232 603 τέρα
260 539 306 588 δὲ
333 539 527 606 σφόδρα
567 545 648 605 τῆς
689 545 878 605 νομικῆς
917 543 1154 594 πολιτείας
1181 542 1207 605 ἡ
1241 541 1536 606 εὐαγγελικὴ,
1563 563 1701 590 τουτ-

126 620 268 681 έστιν,
305 621 332 684 ἡ
372 622 446 671 διὰ
482 625 687 676 πίστεως
721 627 793 673 καὶ
832 625 995 691 φιλίας
1028 628 1165 686 Θεοῦ,
1194 625 1241 673 ἐν
1278 624 1450 691 πρώτῳ
1486 621 1570 685 μὲν
1602 622 1705 672 τότε

127 705 519 768 διαπεπλασμένη
559 710 624 774 τῷ
650 705 888 770 Ἀβραὰμ,
929 708 989 759 ὡς
1029 708 1075 756 ἐν
1111 708 1233 772 ἀρχῇ
1271 711 1354 755 τοῦ
1393 703 1510 754 κατὰ
1549 704 1706 768 σάρκα

126 783 301 848 γένους,
337 786 553 837 τουτέστι
593 794 675 838 τοῦ
711 787 930 853 Ἰσραήλ·
988 787 1212 853 ἐρχομένη
1253 786 1300 836 δὲ
1343 790 1454 847 νυνὶ,
1495 786 1707 851 καθάπερ

126 867 175 915 ἐκ
213 865 362 917 τύπου
400 867 518 933 πρὸς
554 869 792 933 ἀλήθειαν,
831 869 1133 934 πληρουμένη
1173 892 1220 919 τε
1268 873 1425 921 καλῶς
1466 871 1513 918 ἐν
1555 869 1707 920 αὐτοῖς

61 973 107 997 10
126 951 222 999 τοῖς
248 949 396 1013 ἁγίοις
421 955 670 1014 μαθηταῖς,
702 953 763 1005 ὡς
789 953 838 1001 ἐν
869 953 1060 1018 ἀπαρχῂ
1086 957 1169 1001 τοῦ
1197 950 1314 1000 κατὰ
1334 956 1516 1012 πνεῦμα
1537 948 1709 1014 γένους,

1778 1036 1786 1055 ¹
1804 1024 1835 1055 S.
1851 1025 1923 1056 Pet.

127 1033 210 1078 τοῦ
250 1031 323 1079 καὶ
361 1034 745 1095 περιποιουμένου
784 1039 844 1086 εἰς
884 1033 1184 1098 περιποίησιν
1212 1038 1347 1094 λαοῦ,
1379 1031 1427 1085 ὃς
1468 1035 1541 1082 καὶ
1581 1032 1710 1084 ἔθνος
1773 1069 1803 1099 ii.
1823 1078 1853 1109 9·

128 1109 261 1176 ἅγιον
312 1115 386 1162 καὶ
437 1115 687 1171 βασίλειον
740 1115 983 1180 ἱεράτευμα
1033 1114 1450 1179 προσαγορεύεται·
1516 1114 1585 1164 διὸ
1636 1116 1753 1167 καῖῐ)

128 1193 248 1257 πρὸς
285 1193 370 1258 τὴν
408 1199 502 1245 τῶν
528 1197 766 1247 Ἰουδαίων
805 1197 995 1263 μητέρα,
1026 1200 1144 1264 φημὶ
1187 1196 1243 1259 δὴ
1284 1195 1368 1259 τὴν
1398 1196 1708 1260 Συναγωγὴν,

1775 1273 1828 1303 1³5.
1842 1272 1920 1303 xliv.

131 1274 205 1325 διὰ
240 1279 321 1339 τῆς
356 1283 438 1327 τοῦ
464 1278 744 1345 ψάλλοντος
771 1278 945 1343 εἴρηται
972 1281 1131 1346 φωνῆς
1169 1286 1194 1307 ‘⁸
1214 1279 1347 1328 Ἀντὶ
1379 1283 1472 1328 τῶν
1498 1277 1711 1343 πατέρων
1778 1323 1826 1356 17·

66 1376 109 1414 15
131 1365 157 1386 ‘⁶
183 1381 275 1409 σου
313 1357 605 1423 ἐγενήθησαν
643 1364 685 1411 οἱ
727 1362 816 1411 υἱοί
851 1360 991 1410 σου.”
1049 1361 1195 1410 καίτοι
1235 1359 1327 1426 γὰρ
1355 1359 1483 1414 ὄντες
1520 1362 1604 1410 υἱοὶ
1630 1363 1712 1422 τῆς

130 1441 367 1491 Ἰουδαίων
391 1445 675 1507 συναγωγῆς
703 1446 742 1492 οἱ
773 1441 1018 1493 θεσπέσιοι
1052 1445 1274 1505 μαθηται”
1322 1442 1450 1492 ε”θεσι
1486 1441 1577 1506 γὰρ
1605 1431 1707 1491 ἀνε-

130 1520 385 1589 τράφησαν
427 1528 522 1576 τοῖς
571 1527 891 1576 Μωυσαϊκοῖς·
956 1522 1211 1589 γεγόνασιν
1257 1528 1319 1577 εὶς
1369 1525 1586 1589 πατέρας,
1629 1524 1713 1586 τὴν

130 1610 213 1655 τοῦ
238 1603 464 1671 τΑβραόιμ
501 1605 746 1672 ἐπέχοντες
778 1604 927 1673 τάξιν,
954 1607 1028 1655 καὶ
1061 1605 1222 1670 γένους
1256 1603 1376 1672 ἀρχὴ
1413 1605 1714 1669 κατέστησαν

131 1691 214 1737 τοῦ
239 1693 566 1750 πνευματικοῦ,
587 1687 810 1754 ἄρχοντές
836 1710 885 1737 τε
913 1687 988 1736 διὰ
1015 1693 1152 1737 τοῦτο
1175 1684 1572 1753 κεχειροτόνηνται
1595 1685 1714 1736 κατὰ

65 1792 115 1817 20
132 1772 297 1819 πᾶσαν
348 1767 432 1832 τὴν
485 1769 753 1831 οἰκουμένην
803 1772 1147 1834 ἱερουργοῦντες
1198 1766 1251 1818 τὸ
1305 1766 1582 1832 εὐαγγέλιον
1632 1773 1754 1818 τοῦθ

133 1853 365 1914 Χριστοῦ,
386 1850 597 1915 καθάπερ
617 1852 784 1903 ἐκεῖνος
810 1852 858 1899 ἐν
877 1849 1009 1919 τύπῳ
1031 1854 1248 1914 Χριστοῦ
1268 1848 1350 1899 τὸν
1375 1849 1556 1900 Ἰσαάκ.
1604 1856 1714 1899 ταῦ-

133 1931 193 1982 τά
219 1937 388 1999 φαμεν,
416 1933 518 1998 οὐχὶ
544 1935 626 1995 τῆς
651 1933 960 1998 ὀφειλομένης
994 1932 1119 2000 αὐτῷ
1157 1933 1231 1981 καὶ
1267 1930 1539 1996 πρεπούσης
1575 1930 1716 1999 δόξης

136 2014 226 2083 ἔξω
262 2013 463 2066 τιθέντες
493 2013 575 2064 τὸν
615 2013 843 2078 μακάριον
868 2012 1106 2079 Ἀβραὰμ,
1134 2014 1243 2063 ἀλλ’
1274 2015 1335 2066 ὡς
1368 2015 1415 2062 ἐν
1453 2012 1586 2082 τύπῳ
1620 2016 1712 2064 δει-

135 2095 349 2149 κνύοντες
385 2097 433 2146 ἐν
467 2097 591 2164 αὐτῷ
629 2094 688 2145 τὰ
727 2098 774 2145 ἐν
801 2094 1020 2162 ἐσχάτοις
1048 2099 1223 2159 καιροῖς
1255 2094 1617 2158 οὶκονομηθέντα
1644 2094 1719 2144 διὰ

68 2189 115 2228 25
136 2182 367 2244 Χριστοῦ.
438 2178 692 2242 παρέπεται
745 2177 899 2227 τοίνυν
943 2179 1018 2227 καὶ
1060 2176 1361 2242 συνέζευκταί
1398 2199 1498 2228 πως
1544 2180 1602 2242 τῇ
1643 2174 1716 2225 διὰ

134 2260 339 2313 πίστεως
374 2258 630 2327 ἐλευθερίᾳ,
662 2258 716 2310 τὸ
751 2261 833 2321 τῆς
866 2258 984 2323 πρὸς
1017 2257 1142 2308 Θεὸν
1169 2258 1330 2325 φιλίας
1363 2258 1569 2326 ἀξίωμα,
1601 2256 1717 2322 ὅπερ

126 2338 276 2410 ’ὤφθη
311 2340 396 2403 μὲν
431 2342 477 2391 ἐν
511 2341 682 2410 πρώτῳ
717 2339 821 2391 τότε
858 2343 923 2408 τῷ
947 2339 1188 2405 εΑβραοὶμ·
1245 2342 1341 2390 νυνὶ
1380 2338 1427 2390 δὲ
1468 2338 1628 2400 πάλιν,
1658 2341 1720 2391 ὡς

137 2425 185 2473 ἐν
222 2424 415 2490 ἀπαρχῇ
453 2427 549 2475 τοῖς
587 2423 736 2487 ἁγίοις
772 2425 1013 2485 μαθηταῖς.
1066 2422 1390 2487 παρακομίσαι
1425 2420 1483 2471 δέ
1509 2443 1610 2473 πως
1648 2422 1719 2470 ἐπὶ
1739 2425 1767 2465 (1

136 2504 191 2554 τὸ
240 2509 386 2554 ταῦτα
437 2496 607 2571 χρῆναι
659 2502 811 2567 λέγειν
855 2503 974 2566 ἡμᾶς
1026 2503 1050 2552 ὁ
1101 2502 1358 2555 θεσπέσιος
1405 2505 1616 2562 Παῦλος,
1667 2502 1721 2551 οῦ

69 2610 120 2646 30
136 2586 332 2650 μετρίως
372 2589 467 2637 τοῖς
516 2583 755 2637 Ἰουδαίοις
803 2587 1095 2650 φιλονεικῶν,
1149 2582 1219 2633 ὅτι
1270 2586 1353 2645 τῆς
1403 2581 1523 2632 κατὰ
1573 2581 1720 2644 νόμον

138 2666 433 2730 δικαιοσύνης
466 2664 768 2731 πρεσβυτερα
804 2664 914 2714 λίαν
939 2665 1070 2714 ἐστὶν
1097 2665 1124 2727 ἡ
1155 2665 1203 2714 ἐκ
1238 2664 1459 2717 πίστεως,
1512 2662 1587 2713 ὅτε
1626 2662 1720 2728 γὰρ

195 2872 247 2894 11.
273 2858 516 2903 πεποιουμένου
534 2858 614 2902 (Sic)
634 2857 676 2891 E.
979 2866 1031 2899 15.
1058 2854 1267 2900 ἐγενήθησαν
1287 2855 1327 2890 Ε.
1347 2856 1479 2901 (Alex.)
1499 2856 1726 2902 ἐγεννήθησαν

145 2906 211 2941 Ed.
229 2905 346 2950 (Vat.)
632 2903 687 2939 26.
712 2903 848 2949 φιλίας]
874 2908 909 2945 -ff-
932 2905 970 2937 τὸ
991 2903 1056 2938 Ed.
1076 2903 1186 2937 invito
1206 2902 1247 2937 E.
