2022 3272
142 137 406 192 xvii.14‚15.
457 140 525 180 IN
571 140 613 179 S.
643 138 982 180 JOANNEM.
1048 139 1170 179 12113.
1209 139 1283 179 xl.
1345 138 1577 179 CARJX.
1641 138 1722 178 709

138 246 284 312 τάτην
319 249 612 314 ἀγαπώντων
649 248 784 315 ζωήν.
839 249 892 298 οὐ
923 247 1015 313 γὰρ
1051 248 1172 310 ἡδεῖς
1206 253 1300 301 τοῖς
1338 250 1385 298 ἐν
1421 248 1588 316 κόσμῳ
1629 251 1722 296 τῶν

138 329 287 393 ἁγίων
322 333 363 380 οἱ
403 330 554 395 λόγοι,
583 330 885 396 διασύροντες
924 331 992 380 ἀεὶ
1031 329 1090 380 τὰ
1129 331 1176 380 ἐν
1203 332 1319 398 τῴδε-
1359 334 1424 398 ref)
1463 330 1553 399 βίῳ
1581 327 1718 389 κακὰ,

137 413 212 460 καὶ
249 411 487 477 βδελυρὰν
527 412 867 481 ἀποφαίνοντες
910 408 996 474 τὴν
1036 412 1085 461 ἐν
1127 409 1293 480 κόσμῳ
1339 411 1470 477 ζωὴν,
1512 433 1715 475 κατηγο-

135 494 322 557 ροῦντές
355 516 403 543 τε
442 497 524 557 τῆς
560 495 789 560 ἁμαρτίας
823 496 904 557 τῆς
941 495 988 543 ἐν
1020 493 1158 561 αὐτῷ,
1187 495 1260 543 καὶ
1294 497 1474 558 πικροῖς
1510 491 1721 558 ἐλέγχοις

94 594 116 631 5
138 574 522 643 κατατοξεύοντες
555 575 662 629 τοὺς
700 574 869 641 οἷσπερ
904 573 961 625 ἂν
987 575 1201 644 φαίνοιτο
1231 574 1285 625 τὸ
1319 575 1501 626 πταίειν
1527 573 1613 637 ἡδὺ
1648 575 1723 623 καὶ

137 660 233 709 τοῖς
282 658 498 723 ἐπιγείοις
546 659 928 723 ἐγκαλινδεῖσθαι
973 661 1145 718 κακοῖς,
1191 657 1266 707 καὶ
1316 654 1594 723 πλεονεξίας
1639 653 1771 718 μενά

138 737 329 803 ἁπάσης
365 738 862 806 καταστρατευόμενοι,
900 738 1181 807 φιλοδοξίαν
1216 737 1264 789 δὲ
1299 737 1613 799 διαπτύοντες,
1649 738 1725 786 καὶ

137 818 222 883 τὴν
249 821 452 871 ἁπασῶν
475 822 651 888 μητέρα
682 826 777 872 τῶν
804 825 960 872 κακῶν
987 821 1370 889 φιλοχρηματίαν
1395 818 1731 884 παραιτεῖσθαί

137 924 186 952 τε
222 904 297 952 καὶ
332 905 393 956 ὡς
429 902 718 970 πορῥωτάτω
756 907 993 954 ποιεῖσθαι
1028 900 1342 964 διδάσκοντες,
1370 901 1500 951 ἀλλὰ
1536 902 1611 950 καὶ
1642 903 1725 963 τῆς

69 1006 117 1030 10
137 985 333 1051 ἀρχαίας
371 985 552 1049 ἀπάτης
591 984 681 1053 ἔξω
720 985 951 1053 φέρεσθαι
989 987 1082 1035 δεῖν
1120 982 1456 1045 ἐπιτάττοντες,
1491 984 1567 1033 καὶ
1605 981 1723 1048 πρὸς

135 1064 218 1116 τὸν
261 1070 355 1117 τῶν
398 1066 525 1118 ὅλων
571 1067 683 1118 ἱέναι
726 1066 850 1118 Θεὸν
893 1071 991 1120 τοῖς
1041 1065 1227 1133 ἀρκύων
1271 1065 1385 1116 ε’ίσω
1436 1068 1725 1126 διαβολικῶν

136 1147 443 1215 εἷλημμένοις.

212 1231 516 1294 Μεμίσηνται
550 1230 705 1281 τοίνυν
744 1230 820 1281 διὰ
857 1228 1005 1281 ταῦτά
1040 1233 1206 1298 φησιν,
1233 1227 1270 1280 ὦ
1304 1228 1482 1295 Πάτερ.
1538 1230 1592 1280 οὐ
1627 1227 1721 1294 γὰρ

136 1311 214 1362 ἐπί
241 1334 339 1362 τισι
371 1316 465 1363 τῶν
503 1316 715 1379 αἰσχρῶν
750 1311 897 1378 ἤγουν
935 1313 1140 1363 ἀνοσίων
1178 1311 1568 1377 κατεγνωσμένοι,
1598 1313 1720 1362 δυσ-

69 1410 115 1448 15
137 1393 420 1461 αχθέστεροί
435 1417 536 1447 πως
562 1399 657 1447 τοῖς
683 1395 731 1444 ἐν
757 1392 924 1463 κόσμῳ
950 1392 1219 1460 γεγόνασιν,
1236 1394 1346 1444 ἀλλ’
1370 1394 1554 1458 ἐπείπερ
1575 1395 1723 1447 αὐτοῖς

135 1475 203 1526 τὶν
242 1474 372 1542 παρὰ
409 1481 500 1526 σοῦ
538 1472 710 1527 δέδωκα
743 1478 890 1542 λόγον,
925 1477 986 1530 ὡς
1021 1475 1096 1527 διὰ
1130 1481 1269 1526 τοῦτο
1304 1474 1474 1526 λοιπὸν
1513 1475 1604 1543 ἔξω
1645 1476 1722 1525 καὶ

135 1557 302 1611 αὐτοὺς
326 1557 545 1624 γενέσθαι
571 1563 653 1609 τοῦ
680 1557 876 1622 κόσμου,
904 1556 1114 1624 καθάπερ
1141 1558 1243 1622 ἐγώ.
1301 1556 1604 1626 φρονήματος
1627 1556 1721 1622 γὰρ

134 1644 217 1689 τοῦ
244 1638 560 1705 γεωδεστέρου
586 1641 662 1690 καὶ
689 1639 1030 1693 καταστάσεως
1057 1641 1288 1703 κοσμικῆς
1322 1637 1568 1708 διῴκισται
1601 1662 1721 1690 παν-

133 1725 280 1774 τελῶς
303 1720 332 1784 ἡ
357 1721 405 1771 ἐν
431 1724 631 1790 Χριστῷ
657 1722 873 1772 πολιτεία
910 1724 986 1772 καὶ
1024 1720 1130 1788 ζωὴ,
1157 1721 1211 1786 ἧς
1246 1723 1322 1772 καὶ
1358 1718 1553 1771 κατόπιν
1578 1719 1715 1788 ἐρχό-

65 1818 115 1844 20
133 1825 262 1866 μενοι
294 1801 414 1853 κατά
447 1825 500 1868 γε
534 1801 590 1853 τὸ
624 1802 814 1872 ἐφικτὸν
839 1803 1197 1869 παρελάσαιμεν
1229 1802 1286 1854 ἂν
1313 1805 1387 1853 καὶ
1421 1803 1551 1853 αὐτοὶ
1582 1802 1636 1854 τὸ
1672 1803 1721 1852 ἐν

133 1888 228 1937 τοῖς
254 1884 302 1934 ἐν
327 1882 494 1952 κόσμῳ
521 1885 930 1951 καταλογίζεσθαι.
985 1884 1061 1936 διὰ
1086 1890 1224 1935 τοῦτο
1250 1889 1346 1938 τοῖς
1371 1884 1551 1951 ἰ’χνεσιν
1577 1884 1719 1935 αὐτοῦ
1738 1905 1758 1930 a
1791 1897 1873 1959 {381
1886 1896 1938 1932 A

87 1958 90 1959 ⁷
134 1970 497 2016 κατακολουθεῖν
536 1967 560 2016 ὁ
600 1967 854 2020 θεσπέσιος
892 1967 1002 2030 ἡμῖν
1037 1967 1217 2035 διέταξε
1248 1969 1455 2019 Παῦλος·
1505 1964 1719 2035 ἑψόμεθα
1780 1946 1911 2020 {Etlfib

134 2046 182 2097 δὲ
225 2046 329 2098 τότε
373 2047 588 2110 μάλιστα
633 2052 805 2110 καλῶς,
846 2047 922 2099 ὅτε
962 2047 1084 2112 μόνα
1125 2052 1316 2117 φρονεῖν
1359 2049 1616 2113 ἀγαπῶμεν
1660 2047 1719 2098 τὰ
1783 2041 1834 2064 21‘

134 2126 442 2194 ὑπερκόσμια,
471 2131 544 2179 καὶ
576 2128 672 2180 ἄνω
703 2128 1004 2198 φρονήματος
1037 2135 1265 2197 σαρκικοῦ
1301 2128 1383 2180 τὸν
1410 2133 1573 2180 οἰκεῖον
1599 2128 1719 2193 στή-

66 2229 112 2267 25
134 2232 302 2263 σαντες
334 2216 455 2272 νοῦν,
483 2214 545 2264 εἷς
574 2209 696 2274 μόνα
726 2211 969 2276 βλέπομεν
993 2211 1054 2262 τὰ
1079 2213 1127 2262 ἐν
1153 2217 1248 2265 τοῖς
1273 2212 1498 2277 οὐρανοῖς.
1553 2209 1719 2261 ἑαυτὸν

134 2289 183 2342 δὲ
219 2290 366 2342 πάλιν
403 2293 777 2358 συγκατατάττει
815 2298 910 2347 τοῖς
944 2297 1174 2358 μαθηταῖς
1207 2292 1282 2344 διὰ
1321 2292 1375 2343 τὸ
1407 2292 1716 2358 ἀνθρώπινον,

133 2373 187 2423 οῦ
222 2375 298 2423 καὶ
333 2372 451 2424 κατὰ
486 2374 685 2438 μίμησιν
721 2375 834 2425 ὅταν
861 2380 1011 2426 νοοῖτο
1046 2373 1191 2443 τυχὸν
1217 2376 1278 2429 ὡς
1315 2374 1561 2441 ἅνθρωπος
1596 2373 1717 2440 πρὸς

132 2458 229 2505 πᾶν
254 2452 372 2508 εἶδος
410 2455 569 2517 ἄνιμεν
597 2457 775 2522 ἀρετῆς,
811 2457 1020 2523 καθοίπερ
1056 2457 1225 2524 ἀρτίως
1259 2457 1495 2522 ἐλέγομεν,
1523 2454 1718 2507 ἅπασαν

132 2534 217 2598 μὲν
255 2535 340 2600 τὴν
378 2537 426 2586 ἐν
465 2535 631 2606 κόσμῳ
673 2538 932 2592 διαθέοντες
973 2538 1221 2605 ἁμαρτίαν,
1264 2536 1513 2603 ἀλλότριοί
1552 2559 1603 2587 τε
1642 2538 1762 2598 καῖῑ)

62 2633 112 2670 30
133 2617 256 2685 ξένοι
306 2622 400 2668 τῶν
450 2619 498 2668 ἐν
549 2619 675 2688 αὐτῷ
721 2625 875 2671 κακῶν
919 2620 1304 2686 ἀναδεδειγμένοι.
1375 2618 1585 2684 καθάπερ
1636 2618 1718 2668 οὖν

131 2697 294 2762 ἀμέλει
334 2701 408 2750 καὶ
441 2701 466 2750 ὁ
493 2703 612 2755 θεῖος
648 2700 757 2764 ἡμῖν
790 2703 1063 2753 ἐπιστέλλει
1092 2705 1289 2755 Παῦλος
1324 2700 1435 2767 περί
1467 2721 1516 2750 τε
1552 2700 1717 2751 ἑαυτοῦ

183 2899 213 2933 7.
240 2888 444 2945 φιλοδοξίαν
463 2890 502 2924 Ε.
522 2891 725 2935 φιλοδοξίας
746 2890 811 2926 Ed.
1170 2893 1203 2926 8.
1232 2890 1355 2937 κακῶν]
1376 2891 1423 2927 ἴσ.
1444 2895 1563 2928 κακιῶν
1582 2892 1717 2939 Migne.

137 2945 191 2980 27.
218 2937 271 2970 καὶ
289 2947 359 2971 om.
380 2936 420 2970 h.
