2022 3272
124 175 219 215 xvii.
244 187 393 219 20‚21.
453 171 520 211 IN
566 169 978 210 S.J()ANN1‹]M.
1047 168 1271 207 L113.x1.
1324 167 1456 205 (tAl’.
1491 166 1563 204 xl.
1630 167 1705 204 7:57

124 283 288 348 ἐαυτῷ.
333 278 495 344 ὥσπερ
524 278 614 343 γὰρ
642 280 721 339 τῆς
751 278 883 340 α’γίας
913 275 1090 340 σαρκὸς
1129 275 1153 337 ἡ
1191 275 1381 336 δύναμις
1414 272 1711 334 συσσώμους

124 366 347 413 ἀποτελεῖ
378 361 483 413 τοὺς
520 362 567 409 ἐν
595 359 659 413 οἷς
697 358 752 408 ἂν
780 359 973 422 γένοιτο,
1001 356 1082 407 τὸν
1117 356 1257 406 αὑτὸν
1291 355 1416 418 οἶμαι
1456 355 1632 421 τρόπον
1666 353 1713 404 ἓν

123 444 177 494 τὸ
205 446 252 494 ἐν
275 447 425 494 πᾶσιν
453 441 707 507 ἀμέριστον
735 442 981 502 ἐνοικῆσαν
1002 443 1195 500 Πνεῦμα
1221 442 1346 488 Θεοῦ
1372 437 1489 501 πρὸς
1519 435 1713 499 ἑνότητα

125 525 210 589 τὴν
251 523 565 587 πνευματικὴν
609 523 802 586 συνάγει
848 521 953 574 τοὺς
998 520 1191 572 πάντας.
1263 519 1339 570 διὰ
1382 524 1519 568 τοῦτο
1565 518 1713 568 πάλιν

85 631 105 668 5
128 608 236 670 ἡμῖν
263 609 287 657 ὁ
325 605 577 658 θεσπέσιος
613 603 913 670 προσεφώνει
949 606 1144 655 Παῦλος
1169 609 1194 630 “
1214 599 1517 667 Ἀνεχόμενοι
1553 598 1707 662 ἀλλή-

128 695 155 717 “
183 696 282 739 λων
332 691 379 738 ἐν
430 688 606 754 ἀγάπῃ,
651 683 992 751 σπουδάζοντες
1044 689 1199 750 τηρεῖν
1250 682 1335 746 τὴν
1386 682 1580 745 ἑνότητα
1632 687 1714 732 τοῦ

129 777 155 798 “
185 771 458 833 Πνεύματος
495 770 541 818 ἐν
573 772 638 836 τῷ
672 768 927 835 συνδέσμῳ
963 769 1044 829 τῆς
1079 766 1275 830 εἰρήνης,
1303 764 1350 814 ἓν
1381 768 1523 826 σῶμα
1558 766 1632 814 καὶ
1669 762 1716 813 ἓν

275 857 293 866 Α
508 848 519 865 Χ
659 852 670 867 x
725 851 734 864 9
814 848 825 864 Ι
992 851 1000 863 1
1125 852 1144 860 ¹·—
1197 849 1206 862 2
1288 847 1297 862 Ι
1415 848 1434 857 Α
1580 845 1591 861 Ι

130 859 156 881 “
180 874 376 914 πνευμα,
406 854 560 903 καθως
599 874 673 900 και
713 854 938 913 εκληθητε
979 871 1026 898 εν
1062 870 1146 915 μιᾳ
1184 848 1340 897 ελπιδι
1379 869 1461 908 της
1502 853 1762 909 κλησεωςΙ)

129 941 155 962 “
185 935 330 996 ὑμῶν·
378 932 440 986 εἷς
479 932 647 998 κύριος,
678 932 760 994 μία
797 931 971 992 πίστις,
1005 929 1053 980 ἓν
1088 928 1354 991 βάπτισμα,
1382 926 1444 981 εἷς
1483 927 1605 982 Θεὸς
1645 930 1719 978 καὶ

63 1022 156 1062 10“
181 1014 337 1081 πατὴρ
381 1014 586 1076 πάντων,
634 1015 657 1063 ὁ
701 1015 775 1064 ἐπὶ
821 1011 1012 1063 πάντων
1058 1014 1130 1062 καὶ
1183 1010 1258 1061 διὰ
1308 1008 1499 1060 πάντων
1544 1012 1619 1061 καὶ
1673 1011 1720 1059 ἐν

131 1104 157 1127 “
183 1097 373 1149 πᾶσιν.”
415 1095 514 1149 ἑνὸς
541 1095 634 1161 γὰρ
660 1096 768 1159 ἡμῖν
795 1092 1146 1159 ἐναυλιζομένου
1177 1097 1259 1143 τοῦ
1289 1091 1578 1155 Πνεύματος,
1605 1090 1668 1145 εἷς
1696 1092 1720 1141 ὁ

132 1183 224 1229 τῶν
252 1179 378 1229 ὅλων
409 1177 575 1243 Πατὴρ
607 1179 655 1227 ἐν
681 1178 789 1241 ἡμῖν
815 1177 949 1227 ε”σται
977 1175 1099 1228 Θεὸς
1135 1174 1188 1225 δι’
1219 1178 1336 1225 Υἱοῦ
1371 1173 1489 1239 πρὸς
1526 1171 1721 1237 ἑνότητα

133 1261 358 1328 συνέχων,
380 1260 463 1324 τὴν
490 1264 551 1313 εἰς
579 1260 773 1322 ἄλληλα
800 1261 873 1309 καὶ
901 1256 1018 1324 πρὸς
1044 1257 1221 1318 ἑαυτὸν,
1248 1255 1306 1306 τὰ
1333 1261 1415 1306 τοῦ
1446 1255 1722 1318 Πνεύματος

133 1342 321 1409 μέτοχα.
374 1342 444 1393 ὅτι
480 1341 528 1392 δὲ
566 1346 631 1411 τῷ
664 1342 812 1410 Ἀγίῳ
851 1339 1091 1401 Πνεύματι
1127 1337 1246 1389 κατὰ
1283 1337 1470 1405 μέθεξιν
1502 1337 1722 1388 συνενού-

68 1449 114 1487 15
135 1429 265 1488 μεθα,
309 1424 457 1488 δῆλόν
496 1447 595 1477 πως
646 1423 779 1474 ε”σται
826 1424 899 1473 καὶ
941 1420 1015 1471 διὰ
1061 1420 1241 1472 τούτου.
1310 1423 1346 1470 εἰ
1389 1418 1482 1485 γὰρ
1529 1419 1724 1486 ἀφέντες

135 1505 188 1557 τὸ
233 1505 567 1557 πολιτεύεσθαι
612 1509 841 1573 ψυχικῶς,
881 1508 975 1557 τοῖς
1018 1508 1100 1552 τοῦ
1143 1503 1418 1565 Πνεύματος
1465 1500 1623 1564 νόμοις
1670 1499 1724 1551 τὸ

136 1586 349 1656 εἰσάπαξ
378 1592 560 1654 κρατεῖν
587 1586 1061 1653 παρακεχωρήκαμεν,
1088 1589 1188 1638 πῶς
1214 1584 1267 1634 οὑ
1292 1583 1438 1634 παντί
1461 1606 1528 1651 τῳ
1557 1581 1724 1633 λοιπὸν
1742 1603 1763 1629 c

136 1671 482 1738 ἀναμφίλογον,
523 1668 592 1720 ὅτι
637 1668 721 1732 τὴν
758 1669 876 1719 ἰδίαν
915 1667 1078 1732 ὥσπερ
1120 1664 1239 1731 ζωὴν
1278 1664 1609 1731 ἀρνησάμενοι,
1650 1666 1725 1714 καὶ

137 1758 220 1820 τοῦ
255 1752 619 1815 συμπλακέντος
655 1751 762 1813 ἡμῖν
786 1750 954 1815 Ἀγίου
983 1748 1258 1811 Πνεύματος
1291 1746 1377 1810 τὴν
1405 1745 1726 1812 ὑπερκόσμιον

71 1862 119 1885 20
139 1833 460 1893 ἀναλαβόντες
503 1831 770 1899 μόρφωσιν,
817 1832 1067 1896 μονονουχὶ
1120 1831 1195 1879 καὶ
1245 1832 1307 1882 εἰς
1355 1828 1515 1892 ἑτέραν
1562 1825 1726 1893 ὥσπερ

138 1913 462 1977 μεθιστάμεθα
508 1913 672 1981 φύσιν,
718 1913 800 1963 οὐκ
850 1912 1088 1978 ἄνθρωποι
1133 1911 1290 1973 μόνον,
1331 1908 1463 1960 ἀλλὰ
1515 1911 1589 1959 καὶ
1641 1910 1727 1959 υἱοὶ

142 2001 266 2047 Θεοῦ
293 1998 366 2046 καὶ
395 1993 597 2060 οὐράνιοι
624 1993 984 2061 χρηματίζοντες
1010 1992 1261 2058 ἅνθρωποι,
1291 1989 1365 2042 διὰ
1399 1989 1452 2041 τὸ
1487 1994 1569 2055 τῆς
1604 1990 1728 2042 θείας

143 2077 333 2145 φύσεως
379 2075 712 2144 ἀποπεφάνθαι
754 2074 1035 2136 κοινωνούς;
1093 2073 1141 2124 ἓν
1179 2078 1429 2138 τοιγαροῦν
1471 2076 1512 2122 οἱ
1558 2071 1729 2125 πάντες

142 2158 284 2221 ἐσμὲν
317 2160 365 2209 ἐν
395 2161 548 2224 Πατρῖ
588 2159 662 2208 καὶ
701 2160 803 2226 Υἱειῖ)
842 2158 916 2207 καὶ
954 2157 1103 2224 Ἀγίῳ
1145 2155 1400 2217 Πνεύματι,
1434 2155 1481 2205 ἓν
1520 2153 1573 2204 δέ
1607 2157 1730 2221 φημι

75 2261 124 2299 25
145 2243 219 2291 καὶ
254 2244 313 2307 τῇ
351 2241 457 2290 καθ’
485 2239 583 2308 ἕξιν
609 2238 872 2301 ταυτότητι·
917 2240 1082 2305 χρῆναι
1110 2235 1202 2302 γὰρ
1230 2234 1356 2298 οἶμαι
1384 2237 1730 2300 διαμεμνῆσθαι

112 2343 114 2347 ·
145 2326 239 2373 τῶν
266 2325 313 2372 ἐν
341 2324 521 2389 ἀρχαῖς·
570 2323 644 2372 καὶ
682 2322 730 2371 ἐν
767 2320 1014 2387 μορφώσει
1053 2323 1111 2386 τῇ
1151 2319 1248 2369 κατ’
1278 2318 1521 2378 εὐσέβειαν
1559 2320 1633 2367 καὶ
1672 2317 1775 2383 τῇᾱ

148 2403 361 2471 κοινωνίᾳ
385 2405 466 2466 τῆς
493 2403 626 2467 ἁγίας
652 2400 830 2467 σαρκὸς
857 2407 939 2452 τοῦ
965 2405 1196 2466 Χριστοῦ,
1225 2402 1298 2449 καὶ
1323 2402 1380 2466 τῇ
1409 2400 1622 2466 κοινωνίᾳ
1647 2403 1729 2448 τοῦ

148 2483 248 2537 ἑνὸς
275 2487 348 2534 καὶ
377 2485 511 2549 ἁγίου
540 2482 827 2546 Πνεύματος,
854 2483 1063 2547 καθάπερ
1090 2482 1176 2545 ἤδη
1203 2482 1488 2547 προείρηται.

196 2606 273 2639 6-8.
301 2605 623 2649 τηρεῖν-ἐκλήθητε
643 2617 712 2638 om.
733 2618 766 2649 p.
973 2616 1027 2638 21.
1055 2604 1286 2647 μεθιστάμεθα
1306 2603 1384 2647 Ε.]).
1404 2603 1643 2646 μεθιστάμενοι
1663 2602 1728 2636 Ed.

152 2664 206 2687 22.
233 2654 291 2695 τῆς
309 2665 377 2686 om.
398 2652 438 2686 E.
584 2662 637 2697 25.
664 2654 851 2694 ταυτότητα
870 2651 910 2685 Ε.
1057 2661 1111 2694 27.
1137 2652 1193 2694 τῆς
1212 2650 1253 2684 Ε.
1273 2652 1311 2693 τῇ
1332 2649 1398 2683 Ed.

738 2845 883 2875 ΔΟΞΑ
930 2844 1143 2872 ΧΡΙΣΤΩ.

216 3030 304 3056 xm„
330 3030 374 3057 11ἶ
932 3027 955 3065 5
979 3026 1001 3051 B

1778 603 1858 643 I'Jph.
1877 603 1917 632 iv.

1779 646 1847 676 2-6.
