2037 3266
118 273 172 302 Ps.

115 316 231 347 xxxiii.

120 359 168 390 16.

109 1820 277 1871 S3JMatth.

111 1876 166 1896 vu.
181 1874 230 1896 21.

112 2147 226 2177 She.
240 2146 273 2178 ii.

115 2199 164 2226 20,
179 2189 228 2221 26.

113 2313 164 2345 Ib.
182 2323 232 2355 19.

339 151 425 190 464
733 153 782 194 B.
817 152 1093 195 CYRILLI
1134 155 1520 196 ALEXANDR.
1759 154 1840 195 xiv.
1864 164 1928 208 15.

339 258 411 309 ὅτι
452 266 480 289 ‘⁶
500 261 746 328 ὀφθαλμοὶ
790 263 969 330 Κυρίου
1014 265 1090 316 ἐπὶ
1139 265 1355 327 δικαίους,
1402 265 1477 315 καὶ
1527 261 1624 315 ῶτα
1675 263 1817 314 αὑτοῦ
1867 266 1930 316 εἷς

339 347 367 370 “
393 340 553 406 δεήσιν
588 344 787 395 αὐτῶν.”

411 423 730 490 Ὁρισάμενος
775 425 932 477 τοίνυν
970 429 1046 477 καὶ
1091 427 1345 494 διαρῥήδην
1384 427 1525 478 εἰπὼν
1564 427 1634 478 ὅτι
1678 431 1775 481 τοῖς
1813 429 1931 493 ἀγα-

337 509 497 557 πῶσιν
536 507 679 558 αὐτὸν
717 509 962 576 ὀφείλεταί
995 531 1045 559 τε
1080 511 1155 559 καὶ
1195 507 1394 578 ὑπάρξει
1433 508 1489 573 δὴ
1527 508 1715 563 πάντως
1750 509 1803 559 τὸ
1834 514 1930 562 τοῖς

337 587 518 639 ἄνωθεν
549 591 783 657 ἐντρυφᾶν
810 591 1018 655 ἀγαθοῖς,
1046 591 1101 640 δι’
1131 592 1275 641 αὐτοῦ
1309 590 1528 655 δηλονότι
1564 592 1929 659 χορηγουμένας
1949 604 1972 642 5

336 669 466 736 παρὰ
500 670 705 737 Πατρὸς,
736 670 1032 740 καταγράφει
1062 676 1354 740 παραχρῆμα
1389 675 1465 724 καὶ
1503 676 1586 737 τῆς
1620 672 1807 739 ἀγάπης
1841 672 1928 737 τὴν

338 751 534 815 δύναμιν
569 754 657 815 καὶ,
691 753 818 807 ὅπως
853 752 910 804 ἂν
943 753 1088 818 αὐτὴν
1117 754 1520 818 ἐπιτηδεύσαιμεν,
1558 753 1732 822 ἄριστά
1766 778 1816 806 τε
1851 756 1928 806 καὶ

298 853 320 880 e
339 834 638 900 ἀνεγκλήτως
665 835 876 886 διδάσκει
903 835 979 887 διὰ
1002 835 1056 887 τὸ
1088 836 1341 903 χρήσιμον.
1401 838 1454 888 οὐ
1490 836 1584 903 γὰρ
1618 837 1661 888 εἴ
1689 860 1758 890 τις
1794 837 1927 903 λέγοι

336 916 419 967 τὸν
448 917 573 968 Θεὸν
600 919 810 984 ἀγαπᾶν,
840 917 1029 972 πάντως
1068 919 1124 983 δὴ
1164 921 1239 969 καὶ
1278 918 1364 983 τὴν
1390 925 1473 970 τοῦ
1511 921 1702 984 ἀληθῶς
1736 921 1927 984 ἀγαπᾶν

337 999 587 1049 ἀποίσεται
635 998 801 1068 δόξαν,
845 1001 942 1051 ἐπεὶ
993 999 1058 1064 μὴ
1106 1003 1155 1052 ἐν
1196 1001 1329 1071 λόγῳ
1373 1005 1508 1071 ψιλῷ
1556 1004 1639 1065 τῆς
1689 1002 1856 1066 ἀρετῆς
1897 1002 1998 1065 ἠῐο

336 1080 545 1143 δύναμις,
591 1080 707 1145 μήτε
752 1081 846 1146 μὴν
886 1083 934 1133 ἐν
974 1088 1167 1148 γυμνοῖς
1211 1088 1477 1151 μορφοῦται
1519 1083 1700 1150 ῥήμασι
1741 1085 1824 1145 τῆς
1864 1087 1927 1137 εἷς

336 1162 461 1213 Θεὸν
486 1164 725 1224 εὐσεβείας
747 1163 801 1214 τὸ
828 1163 1022 1227 κάλλος,
1040 1164 1200 1230 ἀλλ’ἢ
1228 1166 1285 1235 ἐξ
1307 1167 1500 1232 ἀγαθῶν
1526 1164 1926 1229 ἀποτελεσμάτων

334 1247 408 1295 καὶ
435 1244 669 1313 φιληκόου
695 1246 886 1311 γνώμης
917 1248 967 1298 εὖ
1001 1246 1135 1311 μάλα
1169 1247 1541 1313 διαγινώσκεται,
1569 1249 1644 1298 καὶ
1669 1251 1763 1298 τῶν
1790 1248 1926 1298 θείων

334 1328 590 1392 ἐντολῶνὴ
617 1328 816 1394 τήρησις
840 1327 927 1393 τὴν
953 1333 1014 1383 εἷς
1040 1328 1093 1380 τὸ
1119 1333 1244 1381 θεῖον
1264 1329 1454 1396 ἀγάπην
1475 1330 1647 1395 ἄριστα
1673 1329 1924 1398 ζωγραφεῖ,

334 1411 410 1460 καὶ
437 1410 596 1476 ζῶσαν
622 1410 746 1462 ὅλως
772 1412 848 1461 καὶ
875 1413 1032 1475 ἀληθῆ
1058 1413 1355 1478 παρίστησιν
1380 1411 1562 1478 ἀρετὴν,
1581 1413 1663 1462 οὐκ
1690 1413 1737 1462 ἐν
1762 1412 1923 1475 μόναις
1948 1435 1995 1473 15

289 1504 316 1545 d
335 1492 785 1561 σκιαγραφουμένην
812 1498 910 1547 ταῖς
945 1493 1039 1544 ἀπὸ
1074 1495 1294 1559 γλώττης
1330 1498 1523 1562 φωναῖς,
1551 1493 1762 1559 καθάπερ
1794 1496 1920 1559 εἰρή-

334 1597 495 1636 καμεν,
523 1577 737 1642 φαιδροῖς
774 1574 821 1625 δὲ
858 1575 1020 1641 ὥσπερ
1056 1575 1410 1642 διαπρέπουσαν
1437 1577 1660 1644 χρώμασι
1694 1581 1794 1630 ταῖς
1829 1580 1924 1626 τῶν

336 1657 488 1721 ἔργων
539 1657 678 1710 ὶδεάις
729 1659 803 1707 καὶ
856 1658 1134 1724 ὁλοκλήρως
1183 1658 1540 1723 ἐκλάμπουσαν.
1612 1660 1686 1709 καὶ
1735 1664 1851 1724 γοῦν
1898 1659 1924 1709 ὃ

340 1737 515 1804 Κύριος
553 1739 685 1802 ἡμῶν
709 1737 897 1803 Ἰησοῦς
937 1741 961 1790 ὁ
989 1739 1203 1806 Χριστὸς
1241 1745 1415 1808 σαφῶς
1453 1741 1563 1804 ἡμῖν
1594 1746 1732 1791 τοῦτο
1765 1763 1922 1806 παρα-

339 1820 516 1874 δεικνύς
540 1827 568 1850 “
587 1822 662 1871 Οὐ
687 1825 780 1874 πᾶς
811 1822 836 1871 ὁ
868 1819 1024 1887 λε’γων
1048 1845 1125 1885 μοι
1156 1823 1301 1888 Κύριε
1331 1823 1487 1889 Κύριε,
1515 1825 1680 1891 φησὶν,
1708 1823 1995 1874 εἰσελεύ-,εο

338 1909 363 1930 “
390 1925 525 1953 σεται
564 1906 625 1956 εἰς
663 1902 749 1967 τὴν
787 1905 1041 1964 βασιλείαν
1080 1909 1175 1955 τῶν
1214 1906 1435 1971 οὐρανῶν,
1472 1905 1582 1955 ἀλλ’
1624 1906 1649 1955 ὁ
1687 1909 1835 1956 ποιῶν
1869 1905 1923 1956 τὸ

337 1991 362 2014 “
389 1983 577 2048 θέλημα
620 1991 703 2036 τοῦ
750 1984 941 2050 Πατρός
982 2010 1074 2049 μου
1114 1992 1197 2038 τοῦ
1242 1989 1291 2038 ἐν
1335 1987 1592 2054 οὐρανοῖς.”
1647 1988 1700 2038 οὐ
1741 1986 1834 2053 γὰρ
1876 1988 1925 2037 ἐν

336 2067 503 2132 ἀργαῖς
551 2066 773 2133 ῥημάτων
820 2070 1081 2122 κολακείαις
1131 2069 1159 2132 ἡ
1210 2070 1387 2129 πίστις,
1433 2068 1544 2120 ἀλλ’
1592 2070 1640 2120 ἐν
1680 2073 1782 2123 ταῖς
1830 2074 1925 2120 τῶν

338 2147 586 2213 δρωμένων
638 2148 859 2212 ποιότησι
915 2149 1224 2216 δοκιμάζεται·
1294 2153 1369 2200 καὶ
1425 2156 1540 2216 γοῦν
1594 2150 1760 2216 νεκρὰν
1810 2149 1924 2202 εῖναι

297 2252 318 2278 e
338 2230 512 2293 ταύτην
538 2231 591 2281 οὐ
615 2231 950 2296 παρεπομένων
976 2236 1070 2281 τῶν
1097 2231 1247 2297 ἐργων
1273 2255 1300 2295 η
1334 2232 1433 2282 θεία
1467 2231 1597 2297 λέγει
1633 2231 1814 2300 γραφή.
1868 2231 1922 2283 τὸ
1946 2253 1993 2292 25

337 2310 421 2374 μὲν
448 2310 541 2377 γὰρ
568 2312 744 2374 εἰδέναι,
773 2315 937 2382 φησὶν,
965 2312 1035 2364 ὅτι
1061 2315 1086 2363 ὁ
1115 2312 1236 2366 Θεὸς
1262 2313 1323 2368 εἷς
1350 2315 1494 2375 ἐστιν,
1522 2314 1605 2363 οὐκ
1630 2315 1678 2364 ἐν
1704 2315 1922 2368 διανοίαις

338 2393 651 2460 ἀνθρωπίναις
699 2393 961 2460 εὑρήσομεν
1009 2393 1168 2457 μόνον,
1214 2394 1345 2446 ἀλλὰ
1396 2397 1471 2445 καὶ
1523 2397 1571 2445 ἐν
1621 2395 1776 2449 αὐτοῖς
1826 2400 1922 2449 τοῖς

337 2474 617 2541 ἀκαθάρτοις
644 2476 879 2539 δαίμοσιν,
903 2473 934 2526 ἃ
968 2478 1043 2527 καὶ
1080 2477 1261 2544 φρίττει
1297 2478 1372 2527 καὶ
1409 2477 1496 2544 οὐχ
1534 2475 1700 2527 ἑκόντα
1729 2475 1815 2541 τὴν
1839 2482 1923 2528 τοῦ

335 2556 624 2620 ποιήσαντος
675 2557 887 2619 δύναμιν.
960 2558 1013 2609 τὸ
1063 2558 1213 2625 γεμὴν
1263 2557 1532 2625 σύνδρομον
1579 2561 1816 2610 ποιεῖσθαι
1864 2563 1924 2625 τῇ

335 2639 494 2689 πίστει
520 2638 606 2703 τὴν
631 2638 725 2690 ἀπὸ
751 2644 846 2690 τῶν
872 2640 1121 2706 δρωμένων
1148 2640 1455 2710 φαιδρότητα,
1476 2640 1634 2703 μόνοις
1661 2639 1718 2690 ἂν
1742 2640 1924 2706 πρέπον
1945 2658 1995 2695 30

338 2722 413 2771 καὶ
439 2719 688 2784 ἐλλάμπον
713 2722 863 2790 ὁρῷτο
890 2726 985 2775 τοῖς
1012 2724 1204 2787 ἀληθῶς
1229 2724 1456 2789 ἀγαπῶσι
1481 2721 1563 2773 τὸν
1581 2720 1721 2773 Θεόν.
1757 2721 1924 2772 οὐκοῦν

386 2913 417 2941 4.
444 2899 499 2945 τὸ]
521 2902 565 2934 τώ
586 2901 626 2934 E.
806 2901 856 2935 16.
884 2900 967 2946 ἀπὸ]
993 2905 1024 2941 —4-
1050 2903 1106 2944 τῆς
1125 2901 1191 2935 Ed.
1211 2901 1320 2935 invito
1339 2902 1379 2936 E.
1622 2908 1672 2943 17.
1699 2900 1861 2944 φαιδραῖς
1878 2900 1921 2934 Ε.

338 2957 395 2990 30.
421 2947 526 2989 πίστη
545 2948 625 2990 (sic)
647 2947 685 2980 E.
