2016 3246
311 122 392 161 134
712 123 762 163 Β.
797 123 1071 164 CYRILLI
1112 124 1494 164 ALEXANDR.
1775 125 1831 163 ix.
1854 136 1889 163 Ι.

308 233 402 280 τῶν
440 229 692 296 εἰρημένων
730 234 794 284 εἰς
832 230 1042 295 δύναμιν,
1079 233 1155 282 καὶ
1193 232 1261 285 τίς
1299 233 1324 282 ὃ
1363 237 1512 282 ταῦτα
1550 231 1703 296 λέγων
1741 233 1887 292 ἐστὶν,

308 312 419 361 ἀλλ’
463 316 525 365 εἷς
569 313 740 375 μανίαν
785 312 1096 378 ἀλογωτάτην
1141 315 1218 363 καὶ
1263 316 1557 380 θηριοπρεπῆ
1601 312 1892 379 παραλόγως

307 394 576 456 ἐκνεύοντες,
607 393 743 448 λιθοις
782 393 925 445 αὐτὸν
963 397 1250 461 ἐπιχειροῦσι
1288 398 1573 463 σφενδονᾶν,
1607 393 1769 460 ὥσπερ
1808 396 1891 445 οὐκ

307 474 574 541 ἀρκούντως
601 474 677 526 διὰ
701 479 889 539 πολλῆς
915 477 1004 540 ἤδη
1029 477 1266 542 λοιδορίας
1292 476 1723 542 προσκρούσαντες,
1744 476 1891 540 ἤγουν

306 557 500 622 μετρίαν
539 557 595 625 ἐξ
631 558 855 610 ἀπονοίας
896 558 968 626 ἐφ’
1010 559 1188 612 ἑαυτοῖς
1232 558 1556 624 ἐπισυρόμενοι
1600 557 1686 622 τὴν
1724 557 1886 623 ὀργήν.

308 637 481 704 θερμὸν
511 638 596 702 μὲν
624 640 705 689 οὖν
731 641 804 689 καὶ
831 639 1240 705 παραλογώτατον
1266 638 1319 691 τὸ
1352 644 1446 690 τῶν
1470 640 1708 691 Ἰουδαίων
1734 640 1887 706 ἐγχεί-

270 738 451 786 θρημα·
492 719 680 786 πρόεισι
717 719 766 770 δὲ
803 722 886 771 οὐκ
923 724 985 774 εἰς
1020 721 1159 787 ἔργον
1186 722 1400 787 ἀκαίρως,
1427 723 1554 785 ἀπῆν
1580 721 1674 787 γὰρ
1709 721 1775 772 ε”τι
1808 727 1891 772 τοῦ

307 806 475 852 παθεῖν
520 803 544 852 ὁ
589 801 761 869 καιρός.
836 802 1151 869 κατακρύπτει
1196 802 1245 854 δὲ
1288 802 1453 854 ἑαυτὸν
1497 805 1522 854 ὁ
1566 802 1793 870 Χριστὸς,
1838 804 1892 854 οὐ

307 884 482 950 τοίχοις
517 883 814 949 ὑποδραμὼν,
841 885 928 951 οὐχ
964 884 1119 951 ἕτερόν
1149 907 1193 935 τι
1226 890 1309 935 τοῦ
1347 886 1462 935 ἰδίου
1495 885 1892 950 προστησάμενος

308 964 546 1028 σώματος,
572 965 704 1016 ἀλλὰ
740 970 796 1034 τῇ
833 966 1025 1029 δυνάμει
1063 969 1146 1030 τῆς
1172 966 1390 1031 θεότητος
1417 968 1576 1034 ἀφανῆ
1603 972 1698 1020 τοῖς
1723 967 1887 1033 ζητοῦ-

308 1069 389 1096 σιν
414 1046 578 1097 ἑαυτὸν
604 1046 930 1111 καταστήσας.
985 1050 1059 1099 καὶ
1095 1049 1177 1099 οὐκ
1212 1048 1422 1113 ἠρκέσθη
1458 1053 1524 1117 τῷ
1558 1053 1732 1111 λαθεῖν,
1762 1048 1892 1099 ἀλλὰ

307 1131 383 1178 καὶ
418 1128 595 1196 ἔξεισιν
622 1130 672 1181 ἐκ
709 1131 780 1180 τοῦ
816 1131 932 1199 ἱερσῧ,
958 1129 1106 1180 τύπον
1132 1128 1295 1195 ὥσπερ
1330 1129 1434 1180 τινὰ
1465 1128 1759 1196 πραγμάτων
1782 1131 1892 1194 ἡμῖν

309 1214 488 1273 νοητῶν
527 1209 850 1309 καταγράφων
890 1213 938 1261 ἐν
975 1210 1169 1264 τούτοις.
1240 1216 1337 1265 τοῖς
1381 1211 1465 1275 μὲν
1503 1211 1596 1277 γὰρ
1639 1210 1892 1277 ἀγαπῶσιν

85 1304 237 1341 587Α.
271 1291 450 1342 ααύτὸν
491 1292 705 1360 ἐμφανης
749 1295 853 1343 ἐστι
898 1291 974 1343 διὰ
1023 1292 1215 1355 παντὸς,
1260 1291 1378 1343 κατὰ
1422 1292 1476 1344 τό
1517 1293 1807 1360 “Mouwfpcoc
1849 1297 1891 1345 οἱ

86 1355 248 1385 ἉΜειῖῐὶι.

85 1399 160 1429 ν..8

88 2322 189 2371 Κεφ.
212 2316 260 2359 θ’.

310 1376 557 1440 “καθαροὶ
597 1378 655 1441 τῇ
695 1373 928 1444 καρδιᾳ,
915 1374 984 1425 ότι
1023 1376 1154 1425 αὐτοι
1193 1374 1275 1425 τὸν
1309 1373 1433 1425 Θεον
1471 1374 1714 1443 ὅψονταιΪ
1766 1377 1884 1426 ἀπο-

307 1454 455 1522 τρέχει
491 1454 538 1506 δὲ
572 1461 666 1506 τῶν
699 1460 945 1523 θεομαχεῖν
971 1456 1261 1519 εἰθισμένων,
1288 1458 1364 1507 καὶ
1399 1457 1548 1507 οὐδενὶ
1580 1461 1675 1507 τῶν
1706 1460 1885 1508 δυσσε-

306 1536 520 1596 βούντων
561 1539 789 1606 φαίνεται,
826 1538 937 1588 ἀλλ’
975 1538 1079 1589 οὐδὲ
1118 1537 1172 1589 τὸ
1211 1543 1420 1588 συνεῖναι
1460 1538 1635 1604 τρόπον
1674 1538 1777 1589 τινὰ
1816 1540 1892 1589 καὶ

307 1620 673 1670 συνδιαιτᾶσθαι
711 1625 807 1674 τοῖς
847 1620 1097 1671 διώκουσιν
1135 1619 1278 1670 αὐτὸν
1315 1625 1510 1671 ποιεῖται
1560 1621 1724 1688 φίλον,
1767 1623 1889 1672 ἀπο-

309 1703 446 1764 δημεῖ
486 1700 534 1751 δὲ
578 1707 770 1765 μᾶλλον
814 1703 982 1765 αὐτῶν,
1028 1704 1101 1752 καὶ
1146 1701 1478 1764 ἀπανίσταται,
1521 1707 1686 1754 πᾶσαν
1729 1701 1892 1769 ὥσπερ

307 1783 456 1852 ἑαυτῷ
499 1783 800 1852 συνεξέλκων
841 1785 1077 1847 εὐθυμίαν,
1122 1785 1197 1834 καὶ
1248 1788 1342 1834 τῶν
1383 1785 1493 1849 παρ’
1536 1785 1700 1835 ἑαυτοῦ
1750 1807 1885 1851 χαρι-

307 1864 507 1928 σμάτων
542 1865 740 1930 ἐρήμους
779 1867 913 1933 ἀφεὶς
952 1865 1072 1927 τοὺς,
1100 1864 1181 1933 ἀφ’
1210 1863 1274 1915 ὧν
1309 1863 1366 1915 ἂν
1400 1864 1543 1916 πάθοι
1582 1870 1747 1928 κακῶς,
1775 1865 1892 1917 ὅσον

308 1950 370 1999 εἷς
408 1946 462 1996 τὸ
502 1946 658 1997 θέλειν
690 1945 831 1997 αὐτὸν
864 1945 1090 2010 ἀδικῆσαί
1124 1952 1261 2014 φημι,
1289 1948 1363 1997 καὶ
1401 1950 1463 2000 εἷς
1502 1946 1561 1997 τὰ
1599 1952 1692 1998 τῶν
1717 1950 1892 1998 δυσσε-

263 2031 289 2072 b
308 2027 523 2089 βούντων
548 2027 879 2095 ἐγχειρήματα,
900 2033 937 2079 εὶ
964 2030 1039 2078 καὶ
1064 2026 1240 2091 μάταια
1264 2028 1420 2079 πάντα
1447 2028 1638 2079 δεικνύει
1666 2029 1890 2094 Χριστὸς,

309 2108 479 2178 ἀφάτῳ
518 2108 710 2172 δυνάμει
748 2114 842 2161 τῶν
881 2114 943 2163 εἷς
982 2107 1124 2160 αὐτὸν
1161 2110 1573 2174 πλημμελούντων
1606 2110 1659 2161 τὸ
1699 2109 1892 2162 ἀνόσιον

309 2190 548 2258 ἀφανίζων
576 2190 768 2257 θράσος.

479 2315 553 2356 Καὶ
590 2317 794 2373 Παρὰπων
833 2312 944 2357 εἶδεν
982 2317 1211 2374 ἄνθρωπον
1249 2317 1410 2373 τυφλὸν
1448 2318 1496 2359 ἐκ
1534 2322 1721 2366 Γενετιῖε.

397 2411 842 2478 Ἐμπαροινούντων
891 2413 1016 2482 αὐτῷ
1065 2417 1160 2464 τῶν
1201 2414 1452 2476 Ἰουδαίων,
1503 2415 1652 2467 λίθοις
1701 2437 1751 2464 τε
1801 2415 1889 2479 ἤδη

311 2494 654 2560 κατακοντίζειν
704 2493 1060 2561 ἐπιχειρούντων
1111 2493 1265 2557 αὐτὸν,
1317 2494 1464 2563 ἔξεισι
1513 2495 1598 2559 μὲν
1647 2502 1730 2546 τοῦ
1779 2494 1889 2562 παρ’

271 2598 292 2625 ο
312 2575 467 2629 αὐτοῖς
493 2578 615 2642 ἱεροῦ
641 2579 946 2644 παραχρῆμα,
973 2578 1048 2627 καὶ
1072 2579 1155 2640 τῆς
1179 2581 1273 2626 τῶν
1300 2575 1563 2628 διωκόντων
1587 2576 1892 2641 ἀνοσιότητος

1912 574 1933 612 5

1916 989 1963 1014 10

1913 1801 1962 1827 20

311 2656 475 2708 ἑαυτὸν
525 2657 763 2726 ὑπεξάγει.
841 2658 1153 2726 παρατρέχων
1202 2658 1250 2708 δὲ
1306 2657 1388 2709 τὸν
1438 2660 1488 2710 ἐκ
1542 2659 1712 2724 γενετῆς
1759 2657 1889 2714 εὐθὺς
1909 2679 1959 2715 30

359 2785 390 2808 2.
418 2776 471 2809 καὶ
488 2775 715 2828 θηριοπρεπῆ]
737 2790 789 2810 και
807 2776 986 2820 θηριωδιαν
1003 2791 1057 2810 και
1074 2776 1282 2821 θηριοπρεπῆ
1303 2777 1344 2811 Β.
1360 2776 1558 2811 emendavit
1572 2776 1691 2811 Holst.
1793 2784 1824 2820 7.
1851 2777 1890 2811 οὗ

309 2822 445 2863 πρόεισι
464 2822 523 2855 δὲ’
517 2834 654 2857 mverso
672 2822 793 2857 01d1ne
807 2824 861 2867 (ut
879 2824 981 2867 solet)
997 2823 1040 2857 ad
1058 2823 1182 2857 melius
1201 2823 1466 2868 intelligendum
1486 2835 1516 2857 a.
1576 2823 1718 2868 ἀκαίρως
1736 2822 1778 2857 Β.
1782 2834 1812 2857 a.
1826 2822 1890 2857 Ht.

311 2867 470 2911 ευκαίρως
487 2879 505 2901 e
524 2868 599 2903 Cat.
621 2870 720 2905 Harl.
739 2869 834 2904 Aub.
947 2880 999 2912 14.
1027 2884 1101 2903 εστι
1119 2870 1173 2903 διὰ
1190 2871 1315 2906 παντὸς
1331 2870 1398 2904 hoc
1417 2869 1539 2904 ordine
1559 2869 1600 2904 B.
1603 2881 1633 2904 a.
1734 2879 1789 2904 20
1814 2869 1889 2903 ἑαυ-

310 2914 371 2946 τοῦ
388 2924 418 2947 a.
436 2914 539 2948 αὐτοῦ
557 2915 624 2950 Ed.
770 2923 825 2960 27
852 2916 941 2961 αὐτῷ
960 2927 991 2952 a.
1009 2916 1111 2951 αὐτὸν
1130 2915 1171 2951 Β.
1192 2915 1259 2951 Ed.
