2022 3272
111 106 306 160 xvi.4—6.
355 112 429 152 IN
472 114 514 155 S.
548 115 885 160 JOANNEM.
951 120 1074 161 Llss.
1112 123 1161 163 X.
1227 125 1303 163 (ΖΛ
1323 126 1360 165 1¹.
1401 125 1456 165 ΙΙ.
1617 128 1698 166 615

108 215 194 280 τὴν
229 220 464 289 ὠφελειαν
498 226 764 293 κερδάνητε.
817 236 1006 297 πρῶτον
1045 257 1128 295 μεν
1167 234 1261 300 γὰρ
1300 237 1697 300 ἀναμνησθέντες,

107 297 167 350 ότι
208 324 415 368 προειπον
458 306 560 373 ἐγω,
605 309 687 360 τὸν
729 313 1062 378 προεγνωκότα
1114 317 1395 380 θαυμασετε,
1440 342 1514 369 και
1561 321 1742 373 αὑτῖ)ς(1

107 382 214 445 ὑμῖν
265 386 289 435 ὁ
339 393 422 438 τοῦ
475 391 689 443 κινδύνου
737 394 896 460 καιρὸς
947 401 1009 450 εἰς
1058 400 1393 497 πληροφοριαν
1445 403 1700 469 ἀσφαλοῦς

105 465 409 530 συμβήσεται
449 494 670 528 vlo-'rems‘
741 477 766 525 6
808 477 900 544 γὰρ
943 478 1072 533 εἰδὼς
1115 480 1173 531 τὰ
1215 482 1431 579 ἐσόμενα,
1473 488 1572 536 πῶς
1616 486 1700 536 οὐκ

62 544 160 598 5ὁὶν
198 547 265 613 ειή
305 551 424 602 κατὰ
463 555 612 622 φύσιν
655 557 806 619 Θεός;
851 562 927 610 καὶ
968 561 1085 627 πρός
1128 586 1181 628 γε
1225 564 1375 634 τούτῳ
1421 565 1475 616 τὸ
1520 566 1693 632 ἕτερον·

103 629 128 678 ὁ
168 629 259 696 γὰρ
299 633 355 697 δη
391 658 854 704 προηυτρεπισμενος
895 646 969 693 καὶ
1008 645 1316 711 προεγνωκὼς
1356 647 1427 698 ὅτι
1461 649 1692 711 πείσεται,

101 716 453 787 μαλθακωτερω
497 719 582 783 μὲν
624 723 943 792 περιτεύξεται
990 732 1056 797 τῷ
1102 729 1256 798 φόβει),
1302 732 1695 797 κατευμεγεθησει

101 792 195 861 γὰρ
232 798 403 866 ῥαδίως
441 802 618 857 παντὸς
656 811 740 856 τοῦ
780 808 1026 868 δοκοῦντος
1068 808 1182 862 εἰναι
1222 815 1390 876 δεινοῦ,
1430 813 1693 879 ἀκλόνητόν

100 898 150 926 τε
207 877 290 929 τὸν
342 888 451 933 νοῦν
502 885 550 933 ἐν
599 887 755 940 αὐτοῖς
810 889 1035 954 κτήσεται
1089 899 1184 947 τοῖς
1242 895 1420 949 πόνοις·
1485 896 1539 947 τὸ
1598 896 1729 964 γὰρο

33 977 80 1003 10
98 959 335 1025 αδοκητως
385 962 511 1028 οἶμαι
561 990 660 1033 παρ
714 970 883 1022 ε’λπιδα
927 978 1094 1024 παθεῖν
1135 999 1416 1043 πικροτεραν
1462 978 1554 1046 ἔχει
1599 1002 1686 1042 την

98 1045 400 1109 προσβολήν.
482 1071 556 1099 και
607 1056 723 1115 γοῦν
769 1053 793 1102 6
846 1053 1059 1122 ψαλλων
1111 1059 1263 1126 φησίν
1309 1066 1336 1089 “
1357 1060 1691 1158 Ἡτοιμασθην

115 1127 226 1176 ίκαι
278 1128 360 1178 οὐκ
405 1129 685 1199 ἐταράχθην.
689 1134 713 1149 ”
774 1138 1119 1202 διαμεμνῆσθαι
1165 1142 1320 1192 τοίνυν
1366 1143 1539 1194 κελεύει
1584 1143 1692 1198 τοῦς

97 1208 311 1273 μαθητὰς
360 1217 444 1262 τοῦ
494 1214 826 1314 προειρηκότος
878 1220 1034 1275 αὐτοῖς
1083 1244 1142 1272 τα
1194 1223 1397 1287 ἐσόμενα
1446 1249 1693 1292 χρησιμως

98 1311 173 1340 και
208 1292 489 1357 ἀναγκαιως.
544 1294 602 1360 ἧν
629 1297 723 1363 γὰρ
763 1300 846 1351 οὐκ
886 1302 1177 1370 ἀμφιβόλου,
1207 1305 1276 1357 ὅτι
1310 1306 1434 1357 Θεὸν
1466 1306 1693 1406 αληθινὸν

32 1383 76 1421 Ι5
99 1370 322 1441 ὑπάρχειν
364 1376 507 1428 αὐτὸν
546 1381 622 1430 καὶ
668 1380 743 1431 διὰ
782 1388 922 1434 τοῦτο
966 1387 1286 1442 πιστεύοντες·
1342 1389 1457 1440 ἴδιον
1497 1413 1592 1456 γαρ
1636 1389 1690 1441 τὸ

95 1454 251 1506 πάντα
285 1459 450 1510 εἰδέναι
485 1466 568 1511 τοῦ
603 1462 724 1513 κατὰ
759 1464 1036 1529 ἀλήθειαν’
1018 1467 1150 1523 ὄντος
1184 1474 1325 1522 Θεοῦ·
1370 1473 1446 1522 καὶ
1486 1471 1557 1523 ὅτι
1595 1477 1691 1524 τῶν

96 1538 257 1589 δεινῶν
282 1540 510 1609 ἐξελεῖται
534 1545 706 1613 ῥᾳδιως
733 1548 1094 1603 πιστεύσουσιν.
1707 1622 1729 1646 w

95 1689 241 1733 Ταῦτα
280 1691 326 1734 δὲ
364 1694 408 1738 ἐξ
447 1695 579 1752 ἀρχῆς
617 1698 692 1739 οὐκ
736 1695 858 1742 εἶπον
896 1699 1003 1754 ὑμῖν,
1036 1704 1101 1745 ὅτι
1145 1705 1235 1753 μεθ’
1280 1705 1397 1756 ὑμῶν
1437 1707 1560 1756 ι’ίμΗν.
1619 1711 1729 1760 νῡν5

163 1774 209 1816 δὲ
241 1777 392 1825 ὑΠάΓω
425 1779 533 1836 Πρὸς
564 1780 637 1823 τὸν
674 1783 903 1834 Πέμψαντά
936 1801 1001 1837 με,
1035 1788 1104 1828 καὶ
1136 1788 1278 1831 οὐδεὶς
1310 1791 1355 1833 ἐξ
1389 1792 1506 1839 ὑμῶν
1539 1791 1683 1851 ἐρωτᾷ

26 1871 74 1896 20
160 1873 212 1907 με
260 1860 348 1901 Ποῦ
388 1862 588 1916 Onchae,-
642 1865 731 1906 ἀλλ’
780 1868 846 1909 ὅτι
894 1872 1027 1910 ταῦτα
1077 1871 1298 1913 λελάλΗκο(
1349 1871 1457 1924 ὑμῖν,
1498 1874 1520 1916 ἡ
1570 1876 1728 1920 λύΠΗὸ

160 1942 449 1999 Πεπλήρωκεν
487 1946 605 1994 ὑυών
642 1947 720 1990 Τιιίν
759 1949 951 2007 καρδίαν.

165 2039 361 2105 Ετερου
401 2041 526 2096 τινος
567 2045 808 2112 χρησίμου
848 2050 924 2099 καὶ
970 2050 1344 2116 ἀναγκαιοτάτου
1386 2056 1496 2106 λίαν
1536 2079 1678 2122 προε·

92 2118 264 2184 νόησεν
298 2123 323 2172 6
355 2123 584 2189 Χριστός.
639 2125 698 2190 ἧν
729 2127 823 2195 γὰρ
859 2153 943 2181 ουκ
980 2133 1271 2201 ἀμφίβολον,
1300 2135 1370 2187 ὅτι
1408 2139 1683 2202 κεκλημενοι

90 2201 209 2268 πρὸς
246 2206 503 2269 μαθητειαν
538 2209 587 2259 ἐν
621 2211 786 2278 αρχαΐς
824 2214 934 2279 παρ’
963 2215 1118 2277 αυτοῦ,
1151 2218 1373 2273 συνόντες
1411 2242 1461 2270 τε
1499 2222 1568 2271 ἀει
1607 2223 1682 2272 καὶ

22 2299 70 2338 25
91 2287 487 2358 συνδιαιτώμενοι,
520 2313 595 2342 και
633 2292 827 2359 πολλὴν
860 2301 954 2347 τῶν
986 2297 1271 2368 παραδόξων
1306 2302 1557 2370 ἐσχηκότες
1595 2328 1680 2370 την
1699 2315 1726 2356 b

89 2371 267 2433 πεῖραν,
312 2372 679 2440 συσκεψαμενοί
725 2399 774 2427 τε
823 2401 909 2475 την
958 2380 1248 2447 ασύγκριτον
1291 2385 1434 2435 αυτοῦ
1484 2385 1680 2451 δύναμιν

89 2449 166 2498 καὶ
203 2449 491 2517 ἐξουσίαν,”’
467 2477 538 2504 οτι
575 2478 732 2507 παντα
770 2459 1021 2524 νικήσουσι
1058 2464 1338 2530 πειρασμὸν,
1373 2469 1449 2517 καὶ
1487 2467 1678 2519 πάντων

89 2529 390 2599 ἁπαξαπλῶς
439 2535 742 2601 περιεσεσθαι
793 2545 887 2591 τῶν
938 2546 1100 2594 δεινῶν
1149 2546 1501 2609 υπελαμβανον.
1577 2555 1678 2603 πῶς

87 2610 181 2679 γὰρ
214 2612 272 2677 ἧν
306 2616 599 2683 ἐνδοιαζειν’
580 2642 646 2670 ετι
684 2643 760 2672 και
797 2623 915 2689 πρὸς
953 2630 1092 2676 τοῦτο
1130 2632 1444 2696 μικροψυχεῖν
1475 2654 1560 2694 την
1592 2638 1676 2683 τοῦ

19 2711 69 2747 30
89 2701 301 2746 τοσαῦτα
326 2698 576 2765 ἰσχύοντος
601 2702 838 2770 λαχόντας
873 2705 1105 2768 εὐμένειαν
1127 2730 1139 2770 3
1184 2709 1340 2774 ἐπειδὴ
1367 2710 1416 2762 δὲ
1442 2717 1537 2766 τοῖς
1563 2717 1673 2780 παρ’

136 2818 259 2900 8Ιὲάγὰρ
278 2819 374 2855 Ε.δὲ
394 2821 460 2856 Ed.
605 2835 730 2868 22—24.
756 2829 1063 2872 προενόησεν-ἀεὶ
1081 2831 1134 2865 καὶ
1153 2843 1222 2867 om.
1242 2833 1283 2868 Ε.
1437 2847 1492 2881 29.
1518 2835 1558 2879 ἧν
1575 2837 1616 2872 E.
1636 2839 1677 2873 ἂν

87 2863 128 2907 ἦν

1753 1058 1807 1088 Ps.

1752 1102 1862 1133 cxviii.

1753 1144 1805 1176 60.

1766 1614 1844 1648 916
1862 1613 1915 1650 A.
