1971 3272
98 145 183 186 viii.
205 145 269 186 28.
344 145 415 185 IN
459 146 501 186 S.
535 143 869 185 ιῘΟΛΝΝΕΜ.
936 142 1057 182 12113.
1084 142 1135 181 V.
1199 142 1332 181 (tAP.
1373 142 1444 180 lv,
1630 141 1686 178 21)

96 256 171 304 καὶ
211 253 285 304 διὰ
323 255 462 304 ποίαν
497 254 647 303 αἰτίαν
682 254 706 303 ὁ
745 251 972 317 μακάριος
1015 249 1376 315 Εὑαγγελιστὴς
1417 250 1499 298 οὐκ
1538 250 1683 312 ε’γνω-

97 334 220 385 κέναι
256 338 408 403 φησὶν
434 337 685 388 Ἰουδαίους
723 334 793 385 ὅτι
829 333 910 384 τὸν
938 332 1063 383 Θεὸν
1096 334 1250 385 αὐτοῖς
1287 333 1361 381 καὶ
1395 330 1574 397 Πατέρα
1610 329 1685 378 διὰ

95 417 275 467 τούτων
306 416 538 480 ἐσήμανεν
577 418 601 467 ὁ
642 415 867 482 Χριστὸς,
895 417 1149 479 ἀναγκαῖον
1185 417 1344 464 εἰπεῖν.
1397 410 1550 474 ἐπειδὴ
1590 410 1683 475 γὰρ

97 498 188 566 ε”φη
224 497 341 565 πρὸς
376 497 541 552 αὐτοὺς
578 499 602 549 ὁ
631 497 799 564 Σωτήρ
828 504 854 526 “
876 501 935 547 Εἰ
970 496 1046 560 ἐμὲ
1082 494 1243 563 ᾔδειτε,
1273 496 1347 544 καὶ
1382 492 1463 543 τὸν
1493 492 1723 558 Πατεραο
1745 486 1876 570 Jfflfjss)

54 594 77 632 5
97 586 124 609 ‘⁴
149 603 240 643 μου
275 579 331 630 ἂν
356 578 545 647 ᾕδειτε,”
575 580 650 630 ἵνα
688 582 774 630 κάν
810 578 959 647 τούτῳ
993 577 1142 629 πάλιν
1176 579 1332 640 ἀληθῆ
1369 575 1523 640 λέγων
1557 574 1680 639 εὑρί-

95 684 283 726 σκηται,
308 659 415 715 τοὺς
440 661 772 726 ἀγνοήσαντας
798 659 880 711 τὸν
906 658 1038 721 Υὶὸν,
1065 661 1352 724 ἀγνοοῦντας
1376 656 1582 724 εἰσφέρει
1610 656 1686 704 καὶ

94 742 178 794 τὸν
205 743 411 809 Πατέρα.
465 743 585 810 θύρα
611 742 704 809 γὰρ
730 740 895 808 ὥσπερ
922 744 997 792 καὶ
1022 740 1153 804 πύλη
1179 763 1249 794 τις
1275 741 1379 789 ἐστὶ
1404 741 1486 801 τῆς
1513 741 1576 790 εἷς
1602 735 1684 786 τὸν

96 825 289 891 Πατέρα
328 825 551 891 γνώσεως
590 826 615 876 ὁ
656 823 786 878 Υἱός·
861 823 936 874 διὰ
973 829 1112 875 τοῦτο
1151 824 1226 873 καὶ
1268 820 1431 886 ἐ’λεγεν
1467 827 1493 848 “
1516 821 1685 871 Οὐδεὶς

95 913 123 936 “
148 907 331 975 ἔρχεται
368 906 487 974 πρὸς
525 906 607 957 τὸν
642 906 835 973 Πατέρα
877 909 915 956 εἰ
956 905 1021 970 μὴ
1067 906 1120 956 δι’
1163 904 1319 968 ἐμοῦ.”
1387 905 1449 956 ὡς
1494 900 1588 967 γὰρ
1631 900 1688 968 ἐξ

29 1009 77 1035 10
95 989 268 1044 εἰκόνος
301 991 375 1041 ἐπὶ
407 988 461 1041 τὸ
498 990 763 1058 ἀρχέτυπον
791 987 1062 1055 ἀνατρέχων
1089 989 1114 1038 ὃ
1149 993 1254 1040 νοῦς
1294 987 1344 1036 ἐκ
1379 991 1461 1036 τοῦ
1495 1006 1681 1049 παρεμ-

93 1072 348 1125 πίπτοντος
391 1073 534 1122 ἐκεῖνο
577 1070 874 1140 φαντάζεται.
940 1069 998 1135 ἦν
1039 1070 1120 1120 οῦν
1163 1070 1419 1134 ἀναγκαῖον
1460 1065 1685 1133 ἐπιδεῖξαι

93 1152 201 1207 τοῦς
235 1155 487 1207 Ἰουδαίους
523 1152 656 1204 οὐδὲν
690 1155 963 1207 ἐννοοῦντας
997 1154 1104 1217 περὶ
1142 1150 1349 1216 Πατρὸς,
1377 1149 1565 1214 ἐπείπερ
1601 1149 1685 1198 οὐκ

92 1235 339 1300 ἠθέλησαν
370 1234 629 1301 ἀναγώγως
665 1233 759 1286 ἀπὸ
794 1237 877 1298 τῆς
911 1233 1134 1299 γνώσεως
1171 1236 1255 1296 τῆς
1293 1237 1376 1283 τοῦ
1410 1235 1528 1281 Υὶοῦ
1565 1228 1729 1294 πρὸςᾶ

92 1317 179 1382 τὴν
205 1319 377 1368 ἐκείνου
404 1320 796 1385 χειραγωγεῖσθαι
831 1315 1125 1384 κατάληψιν.
1178 1314 1252 1366 διὰ
1279 1319 1418 1364 τοῦτο
1445 1316 1630 1378 γοργῶς
1659 1312 1683 1361 ὁ

28 1406 75 1445 15
96 1399 461 1465 Εὐαγγελιστὴς
505 1399 757 1466 μονονουχὶ
803 1400 878 1449 καὶ
923 1396 1297 1461 ἐπισημαίνεται,
1343 1395 1414 1446 ὅτι
1458 1394 1684 1460 λέγοντος

92 1486 176 1532 τοῦ
212 1485 429 1548 Χριστοῦ
451 1482 514 1532 Ὁ
545 1478 743 1549 πέμψάς
781 1502 837 1544 με
877 1478 1060 1544 ἀληθής
1100 1479 1245 1541 ἐστιν,
1281 1481 1354 1529 οὐκ
1395 1476 1589 1543 ἔγνωσαν
1621 1475 1682 1526 ’ὅτι

94 1562 162 1615 τὶν
190 1563 375 1634 Πατέρα
401 1565 548 1618 αὐτοῖς
577 1562 740 1629 ἔλεγεν.

1747 820 1838 850 Infra.

1746 865 1812 895 xiv.
1831 863 1862 894 6.

135 1727 273 1770 “Omv
311 1727 514 1779 ὑψώσΗτε
551 1728 624 1770 τὸν
663 1725 753 1770 υἱὸν
790 1730 864 1769 τοῦ
899 1725 1145 1785 ἀνθρώπου,
1183 1727 1281 1769 τότε
1319 1724 1534 1773 Γνώσεσθε
1572 1725 1636 1766 ὅτι
1705 1719 1752 1754 28

775 1810 862 1859 ὲΓώ
899 1808 996 1860 εἰμι.

27 1940 77 1966 20
168 1919 293 1975 Τοὺς
332 1925 426 1972 τῶν
465 1924 637 1987 ἰατρῶν
672 1919 896 1986 ἀρίστους
936 1917 1328 1982 ἀπομιμούμενος,
1367 1919 1450 1981 τῆς
1489 1915 1685 1975 ἐνούσης

95 2003 250 2056 αὐτοῖς
294 2002 415 2053 κατὰ
458 2001 624 2071 ψυχὴν
662 2002 930 2068 ἀῤῥωστίας
974 2003 1245 2066 ἀπογυμνοῖ
1284 1999 1369 2063 τὴν
1413 1997 1680 2066 πρόφασιν,

95 2088 170 2135 καὶ
209 2084 263 2135 τὸ
302 2083 564 2135 διακωλύον
600 2083 765 2137 αὐτοὺς
804 2087 867 2137 εἰς
905 2082 992 2147 τὴν
1028 2083 1097 2134 ἐπ’
1127 2084 1252 2151 αὐτῷ
1290 2081 1486 2132 σύνεσίν
1519 2103 1567 2131 τε
1607 2081 1724 2130 mie

94 2167 259 2218 πίστιν
284 2167 395 2217 ἱέναι
421 2169 621 2232 γοργῶς,
648 2164 970 2216 ἀποκαλύπτει
995 2169 1184 2233 σαφῶς.
1245 2161 1398 2227 ἐπειδὴ
1426 2162 1519 2228 γὰρ
1548 2162 1609 2216 ε’ίς
1634 2185 1684 2213 τε

95 2248 182 2312 τὴν
228 2246 388 2314 σάρκα
430 2249 507 2298 καὶ
550 2246 604 2298 τὸ
648 2249 858 2298 ἐντεῦθεν
898 2248 1158 2309 βλέποντες
1202 2246 1352 2312 γένος,
1396 2244 1540 2311 μικρά
1583 2267 1686 2298 πως

27 2342 76 2380 25
97 2334 284 2398 φρονεῖν
310 2330 606 2381 ἀνεπείθοντο
632 2331 737 2395 περὶ
770 2330 925 2392 αὐτοῦ,
952 2328 1179 2393 κάλυμμα
1214 2326 1263 2378 δὲ
1297 2331 1436 2378 τοῦτο
1470 2331 1565 2379 τοῖς
1601 2329 1684 2390 τῆς

96 2413 300 2465 διανοίας
338 2411 522 2478 ἔχοντες
561 2411 843 2479 ὀφθαλμοῖς,
871 2411 953 2462 οὐκ
989 2409 1169 2478 ᾔδεσαν
1203 2408 1260 2459 ἂν
1291 2407 1404 2459 ὅντα
1441 2406 1579 2470 Θεὸν,
1608 2409 1683 2457 καὶ

95 2497 134 2544 εἰ
167 2494 376 2563 πέφηνεν
407 2493 670 2559 ἄνθρωπος,
699 2493 964 2557 ἀναγκαίως
1000 2493 1155 2544 αὐτοῖς
1190 2490 1493 2557 προσεφώνει
1528 2490 1682 2554 λέγων

86 2574 233 2627 ιὈτιιιν
272 2572 481 2644 ὑψώσητε
519 2575 585 2626 τὸν
624 2574 705 2625 υἱῦν
741 2575 813 2625 τοῦ
851 2573 1068 2643 ἀνθρώπου
1107 2574 1202 2624 τότε
1239 2570 1457 2637 ’γνώσεσθε
1495 2569 1556 2620 ’ὅτι
1596 2570 1684 2635 ἐγώ

144 2737 179 2771 3.
205 2725 384 2768 ἐσήμαινεν
401 2735 433 2759 a.
617 2735 649 2765 4.
676 2722 934 2756 εἴδετε-εἴδετε
954 2722 996 2755 Β.
1017 2721 1136 2755 Holst.
1302 2727 1335 2761 5.
1361 2733 1426 2761 μου
1443 2717 1483 2751 ἂν
1500 2729 1570 2751 om.
1589 2717 1685 2752 Aub.

98 2773 163 2808 Est
180 2773 216 2806 in
236 2771 311 2805 B.a.
333 2770 397 2805 Ht.
541 2768 573 2802 6.
599 2767 849 2814 ἀγνοήσαντας]
870 2769 1074 2814 ἀγνοοῦντας
1091 2779 1121 2801 a.
1279 2776 1332 2809 13.
1357 2765 1538 2810 ἀναγώγως
1557 2764 1599 2798 Β.
1620 2764 1684 2798 Ht.

96 2820 273 2864 ἀναλόγως
290 2816 489 2851 emendavit
507 2821 546 2849 ut
564 2815 709 2848 adnotat
725 2816 798 2859 ipse
816 2815 910 2848 Aub.
930 2814 1025 2848 deest
1044 2814 1110 2847 hoc
1127 2812 1275 2847 verbum
1293 2813 1329 2845 in
1346 2823 1377 2845 a.
1531 2821 1586 2845 20.
1612 2811 1685 2854 ἀρί-

97 2880 202 2901 στους
218 2864 286 2899 Ed.
305 2876 323 2898 e
343 2863 370 2896 B
390 2875 474 2907 mg„
494 2862 553 2896 sed
571 2862 693 2896 παῖδας
711 2863 800 2895 forte
817 2861 942 2895 melius
961 2860 1101 2894 exhibet
1119 2860 1163 2894 B.
1295 2857 1350 2892 26.
1377 2857 1458 2892 ὅντα
1476 2859 1562 2892 Θεόν
1579 2857 1685 2891 edidi.

97 2922 163 2937 0117·st

96 2947 155 2980 τὸν
173 2946 259 2979 Θεὸν
279 2944 319 2978 Β.
339 2944 425 2977 Θεὸν
442 2942 521 2977 ὅντα
538 2942 645 2982 Aub.,
665 2941 725 2987 qui
743 2940 887 2975 adnotat
905 2941 992 2974 Θεὸν
1009 2939 1128 2974 deesse
1146 2939 1182 2973 in
1199 2938 1402 2984 apographo
1421 2951 1497 2973 suo.
