1971 3272
97 130 261 186 ix.2‚3.
340 135 410 175 IN
454 138 495 177 S.
532 138 866 179 ιΙΟΑΝΝΙἸΜ.
934 141 1154 182 hlss.v1.
1217 143 1350 181 (ῘᾹΙ).
1392 143 1419 180 Ι.
1601 146 1676 182 1:35)

93 243 387 309 ἐδυσχέραινε
424 245 542 312 πρὸς
577 255 714 299 τοῦτο
746 254 973 314 Μωυσῆς,
1001 252 1075 300 καὶ
1112 250 1188 302 διὰ
1222 250 1276 302 τὸ
1309 251 1374 315 μὴ
1410 252 1675 311 βούλεσθαι

91 327 454 385 συναναβαίνειν
481 333 547 398 τῷ
582 334 685 400 λαῷ
720 330 803 381 τὸν
829 332 967 393 Θεὸν,
995 334 1364 401 κατεστοχάζῖετό
1392 358 1491 387 πως
1518 340 1676 388 καλῶς

91 428 142 470 γε
182 406 376 473 σφόδρα
416 415 536 460 νοῶν
567 411 638 462 ὅτι
677 414 860 463 τελείαν
899 416 1027 465 οὔπω
1067 415 1329 484 κατάληξιν
1367 417 1458 484 ἔχει
1497 417 1554 468 τὰ
1594 421 1675 480 τῆς

91 488 215 541 θείας
242 489 399 554 ὀργῆς,
427 494 571 544 ἐδεῖτο
604 494 652 545 δὲ
688 499 762 546 καὶ
798 495 946 546 πάλιν
972 499 1163 551 ἐκτενῶς
1189 499 1493 565 συμβαδίζειν
1520 501 1676 554 αὐτοῖς

49 568 171 620 5τὸν
197 572 469 637 Δεσπότην,
503 576 585 627 οὐκ
625 577 838 643 ἀρκέσειν
875 584 970 632 τοῖς
1011 580 1066 648 ἐξ
1101 580 1305 646 Ἰσραὴλ
1343 580 1428 644 τὴν
1465 582 1674 647 ἀγγέλου
1695 590 1720 631 b

87 650 236 716 μόνην
262 659 578 722 χειραγωγιάν
609 658 752 722 εἰδὼς,
783 659 811 724 ἢ
851 660 974 728 τάχα
1013 665 1087 712 καὶ
1128 663 1284 717 δεδιὼς
1319 670 1401 715 τοῦ
1436 671 1556 715 λαοῦ
1590 663 1675 728 τὴν

88 734 348 799 ἀσθένειαν,
377 738 452 789 διά
486 763 535 790 τε
569 747 708 792 τοῦτο
742 741 828 806 τὴν
859 748 952 794 τῶν
979 746 1127 810 ἁγίων
1153 744 1377 810 ἀγγέλων
1403 770 1671 811 μισοπονη-

86 817 191 881 ρίαν
229 821 612 885 παραιτούμενος,
652 824 734 876 τὸν
773 825 820 876 δὲ
861 826 1043 891 ἀγαθὸν
1082 829 1158 878 καὶ
1201 829 1558 894 φιλάνθρωπον,
1599 833 1673 880 καὶ

88 898 170 949 τὸν
211 899 339 952 ὅλων
380 906 696 966 παμβασιλεά
738 909 813 958 καὶ
863 908 1041 974 Κύριον
1086 915 1294 960 συνεῖναι
1341 916 1532 975 μᾶλλον
1578 918 1673 966 τοῖς

2 979 378 1050 ΙΙοὲτοιμότερον
428 989 653 1039 πταίουσι
702 996 1010 1056 παρακαλῶν.
1091 990 1190 1060 ᾔδει
1248 991 1341 1059 γὰρ
1399 995 1486 1061 οὐχ
1542 993 1677 1064 ἅπαξ

87 1064 258 1127 αὐτοῖς,
287 1067 418 1118 ἀλλὰ
454 1072 527 1120 καὶ
563 1072 799 1125 πολλάκις
834 1074 1250 1139 συγγνωσόμενον,
1279 1078 1353 1126 καὶ
1388 1075 1469 1126 τὸν
1504 1079 1575 1145 ἐφ’
1606 1077 1672 1131 οἷς

87 1144 142 1195 ἂν
167 1155 524 1213 πλημμελῶσιν
551 1151 686 1204 ἐ’λεον
716 1155 1027 1206 ἐπιδώσοντα.
1084 1157 1321 1208 ε’πενεύετο
1357 1158 1404 1209 δὲ
1440 1162 1516 1210 καὶ
1552 1160 1672 1226 πρὸς

84 1233 223 1280 τοῦτο
262 1232 399 1285 Gais-
448 1231 546 1284 εἶτα
587 1240 784 1300 σημεῖον
821 1236 964 1304 ἐζήτει
1002 1240 1112 1305 παρ’
1141 1241 1284 1291 αὐτοῦ
1322 1239 1440 1307 πρὸς
1478 1249 1664 1309 πληρο-

85 1311 257 1379 φορίαν
288 1315 460 1381 ἐναργῆ
500 1319 575 1367 καὶ
616 1319 856 1387 ἀπόδειξιν
887 1326 969 1370 τοῦ
1005 1321 1227 1372 δεδόσθαι
1263 1322 1349 1386 τὴν
1378 1325 1711 1389 συγγνώμηνο

21 1404 66 1442 15
86 1393 360 1462 ὁλοσχερῶς
398 1400 464 1467 τῷ
504 1402 614 1450 ἰδεῖν
652 1399 810 1451 αὐτόν·
866 1409 891 1431 “
914 1406 971 1454 Εἰ
1012 1403 1102 1469 γὰρ
1142 1406 1326 1470 εὕρηκα,
1360 1408 1496 1472 φησὶ,
1532 1406 1671 1474 χάριν
1732 1408 1883 1492 ἓξὲξ-13

86 1482 112 1504 “
136 1476 267 1543 παρὰ
300 1481 398 1542 σοὶ,
426 1482 692 1550 ἐμφάνισον
721 1507 801 1548 μοι
835 1484 1038 1536 σεαυτὸν
1062 1492 1291 1552 γνωστῶς
1327 1488 1408 1538 ’ίδω
1443 1511 1514 1550 σε,
1544 1488 1670 1542 ὅπως

86 1564 112 1586 “
137 1557 195 1609 ἂν
221 1558 257 1610 ῶ
283 1563 486 1627 εὑρηκὼς
511 1565 649 1634 χάριν
675 1568 882 1618 ἐναντίον
909 1591 1014 1631 σου,
1042 1571 1118 1619 καὶ
1143 1570 1218 1620 ἵνα
1253 1574 1351 1635 γνῶ
1387 1569 1457 1621 ὅτι
1494 1572 1519 1621 ὁ
1555 1570 1671 1625 λαός

87 1646 113 1668 “
138 1663 230 1692 σου
256 1642 310 1693 τὸ
338 1645 470 1700 ἔθνος
493 1653 632 1698 τοῦτο
659 1648 712 1699 τὸ
736 1649 902 1715 με’γα.”
943 1650 1125 1717 ἐνήργει
1160 1654 1234 1702 καὶ
1268 1658 1407 1703 τοῦτο
1435 1651 1576 1717 Θεὸς,
1608 1656 1670 1706 ὡς

85 1720 141 1785 ἦν
185 1725 391 1792 ἐφικτὸν,
432 1735 758 1797 πληροφορῶν
799 1736 862 1785 εἷς
903 1731 1091 1784 ἅπαντα
1133 1733 1216 1785 τὸν
1258 1734 1547 1800 θεραπευτὴν
1587 1736 1669 1787 τὸν

18 1825 65 1849 20
85 1807 263 1870 οἰκεῖον,
310 1808 381 1859 ὅτι
430 1813 505 1861 καὶ
555 1815 735 1878 παρῆκε
786 1818 852 1883 τῷ
901 1819 1004 1884 λαῷ
1050 1814 1136 1880 τὴν
1182 1817 1428 1883 ἁμαρτίαν,
1475 1819 1550 1868 καὶ
1598 1818 1668 1868 ὅτι

83 1889 470 1955 συναναβήσεται
507 1893 626 1959 πρὸς
664 1895 750 1959 τὴν
788 1899 878 1961 γῆν
915 1899 998 1960 τῆς
1042 1899 1330 1964 ἐπαγγελίας
1373 1900 1514 1968 αὐτῷ.
1570 1899 1668 1951 εἶτα

83 1975 182 2023 ταῖς
210 1972 514 2038 ἐπαγγελίαις
540 1975 703 2041 ὥσπερ
729 1976 833 2027 τινὰ
865 1979 1092 2044 κορωνίδα
1128 1980 1202 2031 διὰ
1235 1981 1289 2031 τὸ
1325 1987 1491 2032 λεῖπον
1516 1983 1663 2033 ἐπιτι-

83 2053 191 2115 θεὶς,
236 2053 393 2121 ἑτέρας
438 2057 564 2126 αὐτῷ
613 2058 695 2108 δύο
745 2058 934 2114 πλάκας
984 2062 1309 2130 ἀναλαξεῦσαι
1356 2063 1663 2130 προστάττει,
1688 2073 1715 2113 d

82 2141 428 2200 συντριβεισῶν
460 2140 679 2203 δηλονότι
717 2146 812 2192 τῶν
845 2143 894 2192 ἐν
929 2145 1066 2211 ἀρχῇ,
1093 2142 1211 2210 πρὸς
1249 2143 1303 2196 τὸ
1345 2147 1420 2196 καὶ
1458 2150 1668 2200 εἰσαῦθις

15 2226 62 2264 25
83 2216 208 2287 αὐτῷ
233 2219 541 2289 καταγράψαι
565 2220 647 2273 τὸν
674 2222 834 2287 νόμον,
863 2225 1145 2290 ἡμερότητος
1181 2229 1268 2277 κάν
1294 2229 1445 2297 τούτῳ
1481 2231 1563 2291 τῆς
1597 2230 1666 2280 ἐπ’

82 2299 237 2353 αὐτοῖς
270 2302 324 2351 οὐ
357 2304 550 2368 μετρίαν
575 2304 851 2369 ποιούμενος
885 2306 971 2371 τὴν
996 2307 1250 2377 ἀπόδειξιν.
1309 2310 1465 2374 ἐπειδὴ
1505 2310 1554 2361 δὲ
1592 2313 1667 2362 καὶ

81 2379 200 2446 πρὸς
237 2389 376 2434 τοῦτο
414 2384 604 2450 γέγονεν
639 2387 862 2453 εὐτρεπὴς
901 2390 926 2440 ὁ
965 2393 1182 2455 Μωυσῆς
1208 2398 1234 2420 “
1258 2391 1449 2456 Kar-{fin
1493 2393 1667 2460 Κύριος
1731 2402 1891 2433 mxxiv·

84 2469 110 2493 ‘⁶
135 2464 182 2514 ἐν
217 2464 409 2534 νεφέλῃ,
437 2467 558 2518 καθὰ
598 2467 872 2535 γέγραπται,
912 2474 987 2522 καὶ
1026 2474 1242 2539 παρέστη
1282 2475 1407 2544 αὐτῷ
1445 2476 1551 2538 ἐκεῖ,
1590 2478 1665 2527 καὶ
1729 2453 1746 2484 ⁵
1776 2453 1803 2484 7·

129 2631 162 2666 6.
187 2623 292 2677 pdv‘r'fiae
310 2630 352 2666 B.
573 2644 626 2668 12.
652 2635 903 2678 πλημμελῶσιν
921 2635 1084 2688 emendat
1104 2636 1234 2682 Heyse.
1252 2639 1517 2682 πλημμελοῦσιν
1536 2638 1578 2672 Β.
1598 2638 1665 2674 Ed.

941 2692 986 2707 και

82 2710 256 2747 ἐπενεύετο
278 2712 313 2746 δὲ
332 2713 386 2746 καὶ
412 2714 497 2756 πρὸς
521 2712 627 2747 edidi.
646 2713 821 2748 ἐπενεύετο
839 2714 952 2749 δέκαὶο
969 2716 1054 2759 πρὸς
1072 2715 1115 2749 Β.
1135 2716 1310 2750 ἐπενεύετο
1328 2717 1363 2751 δὲ
1382 2717 1434 2750 καὶ
1453 2719 1470 2750 ὁ
1491 2719 1577 2760 πρὸς
1595 2718 1663 2753 Ed.

82 2757 215 2793 ἐπένευε
240 2762 287 2805 τῷ
314 2757 429 2804 δικαίῳ
455 2759 508 2792 καὶ
532 2761 618 2803 πρὸς
645 2760 823 2805 ingeniose
848 2761 1011 2795 emendat
1031 2762 1168 2807 Heyse3
1199 2769 1233 2796 at
1253 2768 1393 2808 tempus
1419 2764 1664 2809 imperfectum

82 2815 153 2838 non
172 2806 341 2850 intelligo,
360 2817 424 2840 nec
442 2805 528 2839 mihi
547 2807 692 2840 omnino
710 2807 930 2842 satisfaciunt
948 2809 1090 2853 reliqua.
1280 2819 1333 2854 15.
1360 2808 1424 2855 τῷ]
1444 2812 1482 2844 τὸ
1501 2811 1664 2846 emendat

84 2849 212 2896 Heyse.
510 2853 562 2887 18.
588 2855 689 2887 τοῦτο
707 2855 745 2887 τὸ
762 2853 849 2899 μέγα
866 2853 933 2888 hoc
951 2854 1072 2888 ordine
1091 2854 1133 2889 Β.
1154 2854 1271 2890 Holst.
1290 2857 1328 2890 τὸ
1345 2857 1431 2902 μέγα
1449 2859 1549 2891 τοῦτο
1566 2858 1662 2892 Aub.

84 2907 139 2941 23.
164 2898 394 2943 ἀναλαξεῦσαι
419 2910 450 2932 a.
475 2898 552 2934 Cat.
577 2899 677 2934 Harl.
703 2899 838 2945 Migne.
857 2900 1090 2944 ἀναλοξεύσας
1116 2901 1159 2936 Β.
1180 2902 1243 2937 Ht.
1261 2902 1488 2948 ἅναλαξεύξαι
1513 2905 1599 2950 preli
1623 2911 1663 2940 ut

83 2943 152 2979 vid.
171 2945 367 2990 sphalmate
384 2945 480 2980 Aub.
625 2958 681 2990 24.
707 2948 761 2981 καὶ
778 2954 998 2993 assumptum
1018 2960 1059 2982 ex
1080 2948 1155 2983 B.a.
1177 2948 1240 2983 Ht.

833 3016 856 3043 T
879 3015 900 3043 2
