2037 3266
62 393 117 424 Ps.

61 435 193 468 cxviii.6
199 445 226 478 7.

217 969 265 1005 28

283 120 369 160 370
687 119 738 160 Β.
771 118 1046 160 CYRILLI
1087 117 1470 159 ALEXANDR.
1615 117 1702 158 xiii.
1722 127 1789 169 27,
1808 116 1873 158 28.

240 234 268 275 b
287 226 674 295 ἀπαρενόχλητον
700 228 813 279 ἰέναι
840 230 1043 291 θελῆσαι
1069 227 1152 279 τὸν
1178 233 1302 279 νοῦν·
1331 227 1479 293 ἤγουν
1499 226 1662 278 εἰδέναι
1688 228 1876 293 σαφῶς,

287 307 357 359 ὅτι
386 308 565 373 νικήσει
599 308 720 360 κατὰ
753 308 912 376 βραχὺ
948 308 1217 360 κολακεύων
1244 310 1268 360 ὁ
1295 314 1520 372 σατανᾶς,
1546 310 1622 359 καὶ
1646 306 1877 370 πάθοιμεν

286 387 347 441 ἀν
371 397 597 454 τοιοῦτον,
624 392 786 443 ὁποῖον
813 393 837 442 ὁ
865 390 1078 459 ψάλλων
1105 392 1235 460 φησί
1257 398 1284 420 “
1306 390 1412 457 Πρὸ
1443 396 1527 442 τοῦ
1558 414 1616 454 με
1642 411 1873 440 ταπεινω-

287 478 316 501 “
341 475 478 536 θῆναι
516 474 607 539 ἐγὼ
646 472 1048 537 ε’πλημμὲλησα.”
1099 472 1193 538 πρὸ
1233 472 1326 539 γὰρ
1364 479 1447 523 τοῦ
1484 476 1650 524 παθεῖν
1688 469 1877 523 τελείως

284 553 370 617 τὴν
410 555 657 621 ἁμαρτίαν,
696 560 1169 620 προπλημμελοῦμεν
1207 555 1334 618 ἡμεῖς
1375 559 1433 623 τῇ
1472 552 1737 605 συναινέσει
1781 556 1875 603 τῶν

284 641 550 700 λογισμῶν,
575 636 800 699 τιμῶντές
837 658 886 686 τε
922 635 1067 700 αὐτὴν
1102 638 1179 686 καὶ
1214 636 1577 703 καταδεχόμενοι
1615 636 1690 686 καὶ
1728 632 1876 685 τόπον

284 716 469 768 εἰσόδου
498 718 703 771 διδόντες
730 717 806 768 διὰ
833 716 1002 768 τούτου
1029 721 1095 787 τῷ
1121 723 1325 787 σατανᾷ.
1381 719 1516 770 ἔσται
1552 718 1599 770 δὲ
1629 718 1775 772 τύπος
1799 718 1875 769 καὶ

248 822 269 849 e
287 798 422 850 εἰκὼν
448 806 530 851 τοῦ
555 800 839 867 πράγματος
866 805 948 851 τοῦ
972 799 1207 867 προδότου
1232 799 1285 852 τὸ
1310 799 1475 855 πάθος.

342 968 459 1015 ΛὲΓει
499 967 616 1021 αὐτῷ
652 968 675 1011 ὁ
709 968 873 1010 ἸΗοοῡε
905 968 960 1009 ἰὈ
999 965 1136 1009 Ποιεῖιτ
1175 968 1354 1011 ΠοίΗσον
1393 970 1553 1025 τάχιον.
1611 971 1734 1010 τοῦτο
1772 968 1817 1009 δὲ

431 1049 569 1091 οὐδεὶς
606 1050 719 1098 ἓΓνω
756 1051 842 1092 τῶν
882 1051 1179 1100 ἀνακειμένων
1218 1052 1325 1109 Πρὸς
1363 1053 1400 1093 τί
1439 1048 1556 1093 εἶπεν
1595 1052 1726 1105 αὐτῷ.

356 1158 573 1227 Ἀπᾷδον
610 1158 695 1222 μὲν
735 1160 852 1213 ἴσως
895 1161 972 1211 καὶ
1014 1161 1068 1211 οὐ
1108 1159 1302 1229 σφόδρα
1346 1165 1613 1223 συμβαῖνον
1651 1164 1746 1213 τοῖς
1785 1158 1874 1224 ἤδη

282 1240 634 1306 προειρημένοις
678 1240 856 1310 δόξειεν
898 1240 956 1293 ἂν
997 1240 1118 1293 εἶναί
1160 1266 1226 1312 τῳ
1267 1242 1410 1310 τυχὸν
1451 1241 1505 1293 τὸ
1549 1242 1870 1308 προκείμενον.

283 1321 387 1370 ἀνθ’
430 1320 539 1373 ὅτου
580 1322 673 1389 γὰρ
721 1323 792 1387 δὴ,
832 1323 1029 1392 φήσειεν
1067 1323 1125 1374 ἂν
1162 1326 1238 1375 καὶ
1279 1325 1362 1375 οὐκ
1404 1323 1497 1375 ἀπὸ
1543 1328 1744 1386 σκοποῦ,
1786 1326 1876 1374 διε-

239 1402 486 1470 (1λέγχων,
529 1405 854 1471 κεκρυμμένως
907 1406 955 1457 δὲ
1006 1408 1082 1456 καὶ
1133 1407 1217 1457 οὐκ
1266 1408 1474 1473 ἐναργῶς
1525 1406 1806 1473 ἀποτρέπων
1849 1406 1874 1456 ὃ

285 1484 460 1550 Κύριος
503 1489 586 1549 τῆς
625 1491 685 1541 εἰς
728 1487 871 1538 αὑτὸν
909 1489 1178 1556 μιαιφονίας
1221 1487 1303 1539 τὸν
1342 1488 1614 1554 προδιδόναι
1653 1486 1871 1539 σπουδά-

282 1564 433 1630 ζοντα,
486 1573 567 1618 νῦν
616 1567 736 1634 πρὸς
786 1568 933 1634 αὐτὴν
982 1572 1276 1635 παραθήγων
1320 1571 1498 1636 ὁρᾶται,
1544 1571 1777 1634 ἀμελλητὶ
1828 1568 1876 1621 δὲ

280 1648 485 1714 βαδίζειν
511 1649 631 1716 πρὸς
657 1650 710 1700 τὸ
746 1652 867 1702 οὕτω
901 1652 1120 1718 μυσαρόν
1145 1675 1194 1703 τε
1227 1654 1303 1703 καὶ
1338 1651 1534 1703 ἀνόσιον
1561 1651 1876 1703 διακελεύεται

281 1730 609 1793 σπούδασμα;
664 1734 814 1784 καίτοι
855 1734 904 1784 τί
939 1738 1132 1796 μᾶλλον
1170 1733 1254 1785 τὸν
1293 1734 1472 1785 οἴκοθεν
1512 1734 1600 1785 ἔδει
1642 1739 1877 1785 νοσοῦντα

280 1818 586 1878 παροτρῦναι,
615 1816 753 1882 φησὶ,
779 1815 898 1881 πρὸς
930 1821 1068 1866 τοῦτο
1105 1818 1181 1866 καὶ
1206 1816 1491 1881 τεθηγμένον
1515 1817 1570 1885 ἐξ
1593 1819 1771 1878 ἑαυτοῦ,
1799 1817 1876 1866 καὶ

282 1894 385 1960 οὐχὶ
424 1899 616 1957 μᾶλλον
655 1896 978 1963 ἀνασειράζειν
1016 1903 1117 1951 ταῖς
1157 1898 1418 1952 νουθεσίαις
1457 1900 1531 1950 ἐπὶ
1569 1898 1622 1949 τὸ
1662 1898 1871 1962 ἄμεινον,

283 1977 358 2026 καὶ
393 1979 476 2040 τῆς
509 1979 821 2043 προτεθείσης
852 1978 995 2029 αὐτὸν
1020 1980 1262 2049 ἀνακόψαι
1287 1983 1498 2044 βουλῆς,
1542 1983 1617 2031 καὶ
1653 1981 1753 2044 δοίη
1789 1980 1876 2044 μὲν

246 2057 342 2106 εᾶν
367 2080 436 2110 τις
471 2059 666 2126 σφόδρα
701 2065 785 2110 τοῦ
818 2058 1079 2126 πρέποντος
1115 2064 1384 2128 διαμαρτεῖν
1410 2068 1651 2127 λογισμοῦ
1685 2061 1770 2126 τὴν
1800 2063 1875 2113 ἐπὶ

282 2139 434 2208 τούτῳ
461 2140 715 2205 καταβοὴν,
742 2140 1100 2210 ὀξυωπέστερον
1126 2142 1276 2209 γεμὴν
1302 2147 1399 2197 τοῖς
1424 2145 1472 2194 ἐν
1496 2147 1562 2212 τῷ
1587 2144 1875 2212 προκειμένῳ

283 2221 550 2287 θεωρήματι
595 2224 768 2290 ἐνείρας
811 2223 894 2274 τὸν
937 2230 1060 2287 νοῦν,
1102 2223 1290 2278 ἀτόπως
1333 2225 1418 2289 μὲν
1459 2225 1592 2276 οὐδὲν
1635 2225 1875 2291 εἰρημένον

283 2302 484 2368 εὑρήσει,
513 2306 723 2369 δριμεῖαν
759 2304 807 2354 δὲ
846 2309 1038 2368 μᾶλλον
1073 2307 1228 2359 αὐτοῖς
1265 2305 1627 2373 ἐνυπάρχουσαν
1651 2306 1869 2369 σύνεσιν,

283 2382 341 2447 ἣν
367 2386 442 2434 καὶ
470 2384 597 2438 ὅπως
624 2384 682 2435 ἂν
709 2386 919 2450 δύνωμαι
947 2385 1021 2437 διὰ
1046 2387 1264 2455 βραχέων
1290 2392 1431 2438 εἰπεῖν
1456 2387 1758 2454 πειράσομαι.

361 2467 791 2532 Προνοητικώτατα
833 2469 990 2519 τοίνυν
1035 2471 1084 2519 ἐν
1125 2474 1221 2523 τοῖς
1266 2475 1603 2536 προλαβοῦσιν
1647 2471 1672 2521 ὁ
1717 2469 1874 2540 σοφὸς

285 2549 651 2614 Εὐαγγελιστὴς
701 2554 1090 2616 προεισπηδῆσαι
1141 2554 1216 2602 καὶ
1267 2555 1497 2602 εἰσελθεῖν
1542 2554 1604 2607 εἷς
1655 2551 1740 2617 τὴν
1790 2558 1874 2604 τοῦ

282 2631 515 2697 προδότου
560 2632 755 2698 καρδίαν
799 2631 942 2683 αὐτὸν
988 2633 1079 2701 ε”φη
1124 2631 1207 2684 τὸν
1251 2638 1480 2696 σατανᾶν,
1526 2634 1600 2684 ἵνα
1652 2634 1873 2703 φαίνηται

331 2777 410 2818 4-8.
439 2776 532 2810 Citat
552 2777 636 2811 Nik.
655 2783 687 2812 et
708 2777 840 2812 Catena
859 2778 925 2812 alia
943 2778 978 2812 in
999 2779 1058 2813 Ps.
1071 2780 1186 2814 cxviii.
1446 2788 1480 2825 5.
1506 2780 1698 2815 συναινέσει
1716 2780 1757 2815 Ε.
1778 2780 1871 2815 Catt.

284 2822 422 2857 συνέσει
442 2823 508 2857 Ed.
620 2823 653 2858 6.
680 2839 715 2859 τε
734 2832 959 2869 assumptum
979 2837 1020 2860 ex
1041 2825 1133 2862 Catt.
1152 2827 1226 2861 citt.
1355 2838 1407 2861 12.
1435 2828 1570 2870 δόξειαν
1588 2827 1630 2861 Ε.
1755 2838 1807 2870 14.
1834 2828 1871 2861 δέ

284 2875 506 2913 assumptum
526 2882 566 2903 ex
586 2870 628 2904 E.
777 2871 829 2906 16.
856 2872 999 2916 ἀμελητὶ
1018 2872 1059 2907 Ε.
1205 2884 1258 2916 24.
1287 2873 1429 2919 ἐνείρας]
1448 2888 1503 2919 γρ.
1524 2873 1694 2918 ἐνερείσας
1713 2873 1778 2909 Ed.
1797 2885 1869 2920 mg.

286 2916 340 2948 26.
368 2914 449 2959 ὅπερ
469 2916 525 2949 ἐὰν
544 2915 683 2960 δύναμαι
703 2917 744 2952 Ε.

1895 557 1917 596 5

1898 1061 1945 1086 10

1896 1918 1947 1943 20
