2022 3272
142 151 223 192 xiv.
244 155 307 195 28.
402 153 473 192 IN
518 153 559 192 S.
595 152 934 193 JoANNEM.
1000 151 1123 191 Llss.
1164 152 1211 191 Χ.
1273 151 1404 191 (ἳΑΡ.
1443 152 1471 191 l.
1641 152 1721 191 5525

141 260 326 328 ἔχοντες
353 267 518 328 χῶρον,
536 261 667 312 ἀλλὰ
694 264 769 312 καὶ
794 261 910 325 αὐτὴ
938 265 1030 311 τῶν
1055 260 1201 325 ἁγίων
1228 257 1496 324 άγγέλωνὴ
1523 260 1722 322 πληθύς·

143 343 533 408 κατηγορήσομεν
575 343 622 394 δὲ
668 346 741 394 καὶ
786 342 963 396 παντὸς
1009 343 1145 407 ἁγίου
1190 341 1371 402 λοιπὸν,
1415 340 1539 391 Θεὸν
1584 340 1725 390 αὐτὸν

142 423 261 474 κατὰ
313 425 463 493 φύσιν
500 424 734 492 εἰρηκότος
775 428 848 476 καὶ
894 423 1134 488 ἀληθινὸν,
1176 422 1393 487 μάλιστα
1443 421 1490 473 δὲ
1533 421 1724 472 πάντων

141 505 451 570 αἰτιασόμεθα
500 507 583 558 τὸν
625 506 854 574 μακάριον
896 506 1120 570 Ἰωάννην
1163 504 1378 571 εἰρηκότα
1426 506 1532 570 περὶ
1582 505 1724 553 αὐτοῦ

1791 597 1802 618 1
1815 589 1945 619 &Jomh

102 595 170 638 5“
196 588 406 652 Οἴδαμεν
437 589 509 640 ὅτι
547 591 572 640 ὁ
611 589 706 644 υἱὸς
743 595 827 641 τοῦ
862 593 987 640 Θεοῦ
1026 588 1137 652 ἥκει,
1165 589 1240 638 καὶ
1278 586 1445 638 ἔδωκεν
1480 587 1589 649 ἡμῖν
1620 585 1720 635 διά·
1787 643 1806 661 v
1833 641 1874 662 ⁰0

143 677 169 699 “
196 693 325 722 νοιαν
349 672 425 722 ἵνα
458 672 766 737 γινώσκωμεν
800 671 883 722 τὸν
908 669 1133 735 ἀληθινὸν
1155 669 1293 732 Θεὸν,
1317 671 1391 720 καὶ
1420 668 1563 732 ε’σμέν
1588 669 1636 718 ἐν
1661 672 1726 737 τῷ
1743 689 1765 716 ο

142 759 169 781 “
196 754 405 822 ἀληθινῷ
432 755 574 805 αὑτοῦ
594 758 695 824 Υἰῴ
713 754 876 818 Ἰησοῦ
903 756 1117 821 Χριστῷ,
1135 752 1269 805 οὗτός
1295 752 1426 802 ε’στιν
1453 752 1478 801 ὁ
1503 750 1725 814 ἀληθινὸς

142 840 170 863 “
196 833 317 888 Θεὸς
343 839 418 886 καὶ
446 836 536 903 ζωὴ
564 837 591 900 ἡ
619 837 846 890 αἰώνιος.”
888 839 924 886 εἰ
952 834 1001 886 δὲ
1027 839 1192 886 πᾶσαν
1219 835 1336 897 ὁμοῦ
1363 832 1726 896 δυσωπούμενος·

140 915 224 967 τὸν
262 915 581 969 θεόπνευστον
618 917 825 987 γραφὴν,
859 917 984 968 Θεὸν
1023 916 1167 970 ὅντως
1208 916 1349 967 αὐτὸν
1387 920 1615 981 προσερεῖ
1650 917 1726 965 καὶ

75 1021 123 1047 ιο
142 998 366 1066 ὑπάρχειν
392 1001 512 1051 οὕτω
539 999 834 1062 διακείσεται,
861 1000 1098 1051 πιστεύειν
1124 1022 1174 1050 τε
1210 1000 1330 1050 οὕτω
1361 1001 1726 1060 μειονεκτεῖσθαι

140 1086 223 1132 τοῦ
252 1081 443 1148 Πατρὸς
469 1081 589 1133 κατά
614 1105 659 1133 τι
685 1088 802 1148 γοῦν
829 1081 952 1136 ὅλως
981 1080 1320 1144 ὑπολαμβάνει·
1362 1076 1433 1146 ἆρ’
1455 1080 1543 1146 οὐχ
1569 1079 1726 1145 ἕτερον

139 1162 250 1227 ἡμῖν
280 1163 566 1228 εἰσκεκόμικε
601 1163 740 1227 Θεὸν,
764 1166 846 1227 τῆς
879 1163 998 1231 πρὸς
1032 1163 1114 1214 τὸν
1144 1162 1337 1228 Πατέρα
1374 1161 1586 1229 σχέσεως
1626 1166 1722 1229 φυ-

138 1249 277 1310 σικῆς
315 1246 591 1313 ὁλοκλήρως
629 1245 1001 1310 διακεκομμένον,
1029 1247 1104 1296 καὶ
1139 1247 1188 1296 ἐν
1220 1246 1312 1313 ἰδίᾳ
1348 1243 1430 1306 μέν
1461 1266 1550 1293 τινι
1585 1243 1721 1293 νοού-

138 1351 279 1391 μενον
330 1327 608 1389 ὑποστάσει,
653 1327 718 1392 μὴ
768 1327 862 1391 μὴν
905 1325 1181 1394 ἐνυπάρχειν
1229 1330 1288 1394 τῇ
1339 1331 1423 1376 τοῦ
1474 1328 1598 1375 Θεοῦ
1649 1326 1724 1374 καὶ

72 1424 120 1464 15
143 1409 333 1476 Πατρὸς
368 1411 543 1479 οὐσίᾳ,
587 1409 699 1460 ἀλλ’
728 1408 854 1473 οἶμαι
891 1411 1038 1472 δῆλον
1064 1408 1217 1461 ἅπασι
1252 1406 1306 1459 τὸ
1341 1405 1540 1474 πρᾶγμά
1574 1408 1719 1456 ἐστιν.
1742 1428 1764 1453 a
1803 1420 1883 1455 851
1899 1418 1950 1454 A.

138 1496 176 1542 εἰ
215 1491 307 1558 γὰρ
345 1492 476 1543 οὐδὲν
506 1494 671 1543 ἑαυτοῦ
709 1494 862 1558 μεῖζον
895 1490 924 1555 ἢ
965 1490 1178 1553 ἐ’λαττον,
1211 1490 1322 1540 ἀλλ’
1352 1489 1602 1541 ἐλάττονος
1641 1487 1725 1551 μέν

137 1596 261 1627 τινος
298 1573 453 1640 μεῖζόν
488 1598 532 1625 τι
572 1579 752 1636 νοεῖται,
787 1574 993 1640 μείζονος
1032 1573 1086 1624 δέ
1118 1596 1242 1627 τινος
1280 1571 1494 1633 ἐ’λαττον,
1526 1569 1725 1636 πότερόν

137 1679 238 1710 πως
284 1657 366 1707 οὐκ
412 1656 594 1722 ἀνάγκη
638 1656 720 1707 δύο
764 1656 820 1720 δὴ
863 1655 1051 1709 πάντως
1093 1657 1391 1721 ὁμολογῆσαι
1435 1651 1566 1706 θεοὺς
1606 1651 1725 1703 κατὰ

139 1737 290 1805 φύσιν
319 1740 395 1789 καὶ
430 1737 692 1803 ἀληθινοὺς,
719 1738 774 1789 ἵν’
803 1740 827 1789 ὁ
860 1737 944 1801 μὲν
969 1741 1128 1802 νοῆται
1161 1736 1338 1802 μείζων,
1367 1737 1391 1786 ὁ
1428 1735 1475 1786 δὲ
1514 1733 1725 1785 ἐλάττων

70 1838 121 1863 20
139 1821 311 1881 αὐτοῦς
354 1822 518 1872 οὐκοῦν
546 1821 719 1888 οἴχεται
752 1821 836 1884 μὲν
863 1820 951 1884 ἤδη
991 1822 1065 1871 καὶ
1099 1820 1443 1884 ἀνατέτραπται
1478 1817 1576 1867 κατ’
1604 1817 1720 1866 ἐκεί-

140 1925 246 1956 νους
284 1905 367 1966 τῆς
392 1904 683 1967 Ἐκκλησίας
722 1902 750 1965 ἡ
788 1903 964 1956 πίστις·
1014 1901 1135 1955 Θεὸς
1175 1900 1222 1951 δὲ
1263 1902 1348 1967 οὐχ
1387 1899 1449 1953 εἷς
1488 1898 1561 1966 ἐφ’
1589 1898 1722 1961 ἡμᾶς,

139 1983 271 2033 ἀλλὰ
307 1983 389 2034 δύο
426 1983 609 2035 λοιπόν.
663 1985 787 2036 τίνος
810 1984 890 2034 οῦν
917 1984 1008 2049 ἄρα
1035 1984 1134 2033 ναοὶ
1160 1981 1575 2049 κεχρηματίκαμεν,
1603 1979 1722 2030 κατὰ

138 2063 222 2119 τὰς
247 2065 437 2135 γραφάς
459 2088 471 2128 3
515 2065 544 2131 ἢ
572 2069 719 2130 δῆλον
745 2065 816 2116 ὅτι
840 2070 923 2116 τοῦ
957 2064 1010 2116 τὸ
1048 2065 1162 2115 ἴδιον
1190 2068 1386 2126 Πνεῦμα
1420 2068 1520 2116 ταῖς
1554 2061 1718 2125 ἡμετέ-
1742 2076 1767 2116 b

137 2170 242 2214 ραις
277 2148 689 2213 ἐγκατοικίσαντος
723 2150 901 2216 ψυχαῖς
926 2168 937 2209 ;
983 2146 1095 2197 ὅταν
1123 2146 1204 2196 οὖν
1229 2144 1517 2212 εὑρίσκωμεν
1543 2147 1592 2195 ἐκ
1628 2148 1723 2194 τῶν

70 2233 273 2295 25ἰερῶν
309 2229 616 2295 γραμμάτων,
655 2231 758 2298 οὐχὶ
798 2235 882 2280 τοῦ
924 2228 1114 2295 Πατρὸς
1155 2227 1313 2291 μόνον,
1352 2226 1484 2277 ἀλλὰ
1525 2230 1599 2277 καὶ
1639 2231 1722 2276 τοῦ

128 2315 255 2372 ,Υἰοῦ
302 2315 495 2375 Πνεῦμα
538 2311 808 2378 λεγόμενον,
853 2312 902 2363 τί
941 2310 1237 2376 λογισόμεθα
1258 2332 1271 2372 3
1330 2311 1380 2361 τί
1416 2308 1466 2361 δὲ
1509 2311 1722 2375 προσῆκε

139 2396 360 2461 φρονεῖν;
400 2395 504 2444 τίνα
541 2398 636 2445 τῶν
667 2394 749 2444 δύο
787 2392 1137 2460 παρωσάμενοι,
1163 2392 1245 2444 τὸν
1275 2392 1431 2458 ἕτερον
1458 2390 1571 2442 εἶναι
1599 2389 1722 2441 Θεὸν

139 2475 371 2540 λε’γομεν;
408 2480 443 2526 εἰ
468 2475 554 2539 μὲν
581 2476 662 2526 οὖν
686 2474 768 2526 δύο
798 2473 942 2538 θεοὺς,
964 2474 1047 2525 τὸν
1072 2474 1254 2525 ἐλάττω
1279 2466 1435 2524 τεκαὶ
1462 2472 1545 2524 τὸν
1570 2472 1722 2538 μείζω,

137 2557 525 2625 παραδεξώμεθα,
552 2557 696 2625 ἄμφω
722 2580 770 2607 τε
795 2562 895 2610 ταῖς
921 2557 1160 2623 ἡμετέραις
1191 2559 1370 2624 ψυχαῖς
1402 2554 1721 2620 ἐναυλίζεσθαι

70 2659 120 2696 30
140 2637 361 2706 φήσομεν
387 2636 463 2689 διὰ
486 2642 581 2688 τῶν
605 2638 730 2689 ἰδίων
756 2638 1046 2700 πνευμάτων,
1075 2639 1175 2688 ναοὶ
1207 2641 1326 2687 θεῶν
1350 2637 1439 2700 ἤδη
1474 2634 1720 2701 γεγονότες
1739 2662 1761 2688 ο

138 2718 446 2784 ἀλωσόμεθα·
501 2720 583 2770 δύο
628 2718 677 2770 δὲ
721 2720 830 2784 ἡμῖν
871 2721 1036 2770 ἐνοικεῖ
1068 2718 1326 2782 πνεύματα,
1363 2718 1516 2785 μεῖζόν
1554 2740 1604 2769 τε
1645 2720 1721 2768 καὶ

186 2854 219 2888 6.
244 2856 464 2899 γινώσκωμεν
482 2854 523 2888 Ε.
541 2854 751 2910 γινώσκομεν
771 2852 839 2887 Ed.
986 2863 1040 2898 19.
1063 2851 1103 2887 ἵν’
1123 2850 1197 2887 Ε.
1183 2867 1235 2886 ινα
1253 2851 1321 2886 Ed.
1456 2862 1511 2894 24.
1537 2851 1576 2896 ἐγ
1578 2851 1722 2885 κατοικί-

139 2915 262 2936 σαντος
281 2901 322 2935 Ε.
327 2901 364 2934 F.
384 2900 451 2935 Ed.
470 2912 541 2945 mg.
560 2899 862 2945 ἐγκατοικῆσαντος
879 2899 946 2934 Ed.
1188 2909 1243 2943 29.
1268 2897 1536 2943 παραδεξὼμεθα
1553 2897 1596 2933 Ε.
1613 2912 1722 2942 παρει-

138 2947 302 2991 δεξόμεθα
321 2947 387 2981 Ed.
