2001 3231
287 116 341 156 72
691 120 740 161 B.
774 121 1051 162 CYRILLI
1093 123 1476 165 ALEXANDR.
1706 122 1792 164 viii.
1812 131 1878 177 37.

284 227 654 293 συναγείρουσα,
681 235 781 284 ταῖς
809 231 936 284 ἰ’σαις
967 235 1063 282 τῶν
1089 234 1283 297 ἀγαθῶν
1310 233 1448 287 ἱδεάις
1482 231 1880 297 ἐπισεμνύνεσθαι

283 313 419 370 ποιεῖ,
449 310 699 376 ἀναλόγως
726 311 774 362 δὲ
810 312 992 366 τούτοις
1027 315 1104 364 καὶ
1139 314 1193 365 τὸ
1229 316 1452 367 ἐναντίον.
1506 317 1602 366 ἐπεὶ
1630 313 1750 365 κατὰ
1774 314 1878 364 τίνα

59 381 152 413 Hiob

59 426 175 457 xxxiii.
192 425 223 458 6.
283 388 463 456 τρόπον
501 391 596 443 ἀπὸ
635 396 724 458 γῆς
762 394 891 448 ὅντες
932 395 1076 458 ἡμεῖς,
1116 399 1191 447 καὶ
1237 399 1286 448 ἐκ
1328 403 1487 460 πηλοῦ
1532 396 1873 462 διηρτισμένοι,

283 471 405 522 κατὰ
435 472 488 523 τὸ
524 475 867 541 γεγραμμένον,
894 484 1247 544 χρηματιοῦμεν
1271 484 1354 529 τοῦ
1381 478 1573 530 πάντων
1600 476 1873 539 Δεσπότου,

57 563 216 644 2452*ng-
243 554 495 621 axaedwep
534 557 616 607 οὖν
655 558 680 607 ὁ
721 557 919 611 Παῦλός
958 565 1081 626 φησι
1118 566 1146 588 “
1168 559 1308 614 Γένος
1347 561 1428 611 οῦν
1468 559 1755 627 ὑπάρχοντες
1794 564 1918 610 τοῦ5

57 624 220 697 A{.ax}ii]
284 642 312 665 ‘⁶
334 640 459 687 Θεοῦ
477 638 518 697 ;”
548 639 940 704 ὁμολογουμένως
966 639 1052 705 μὲν
1072 640 1166 706 γὰρ
1193 647 1439 708 συγγενεῖς
1462 641 1724 708 γεγόναμεν
1751 642 1877 709 αὐτῷ

61 709 111 741 29·
282 717 359 769 διὰ
396 718 483 783 τὴν
521 720 680 786 σάρκα
718 720 804 785 τὴν
841 724 890 772 ἐν
928 726 995 792 τῷ
1033 722 1154 774 κατὰ
1192 724 1410 790 Χριστὸν
1449 725 1713 793 μυστηρίῳ·
1761 723 1872 774 ἀλλ’

281 801 385 852 ἔστι
423 826 524 856 πως
563 805 640 853 καὶ
678 805 786 855 καθ’
821 804 981 870 ἕτερον
1021 805 1200 872 τρόπον
1239 812 1377 857 τοῦτο
1416 805 1725 874 συνυπάρχον
1764 809 1876 856 ἰδεῖν

281 884 470 948 ἀληθές.
512 889 797 953 φρονοῦντες
825 886 919 953 γὰρ
946 887 1005 938 τὰ
1029 889 1173 939 αὐτοῦ
1200 891 1275 939 καὶ
1303 889 1374 939 ὅτι
1400 892 1642 955 προσῆκεν
1663 889 1875 948 εὐσεβεῖν

281 966 335 1015 οὐ
384 966 631 1033 παρέργως
684 969 1078 1032 διενθυμούμενοι,
1128 976 1478 1037 χρηματιοῦμεν
1529 972 1615 1021 υἱοὶ
1665 976 1748 1021 τοῦ
1800 971 1874 1021 ἐπὶ
1897 988 1944 1013 10

279 1047 461 1102 πάντας
508 1053 648 1112 Θεοῦ,
694 1052 770 1100 καὶ
820 1051 940 1117 πρὸς
991 1050 1078 1115 τὴν
1123 1054 1171 1102 ἐν
1222 1054 1348 1122 αὐτῷ
1400 1052 1603 1116 θέλησιν
1648 1051 1769 1103 κατὰ
1819 1052 1873 1103 τὸ

278 1130 521 1197 ἐγχωροῦν
546 1130 629 1182 τὸν
657 1136 824 1183 οἰκεῖον
851 1132 1220 1188 διαπλάττοντες
1254 1141 1377 1197 νοῦν,
1405 1137 1526 1186 οὕτω
1559 1158 1609 1185 τε
1642 1132 1728 1198 τὴν
1755 1135 1874 1201 πρὸς

279 1212 421 1263 αὑτὸν
472 1213 727 1278 ὁμοιότητα
784 1218 859 1266 καὶ
920 1216 1272 1282 ἀκριβεστάτην
1322 1217 1572 1286 ἐμφέρειαν
1623 1223 1873 1283 συγγενεῖς

279 1293 426 1348 ὅντως
465 1297 625 1357 ἐσμέν.

336 1376 452 1428 “Orc
478 1377 525 1428 δὲ
553 1377 638 1442 τὴν
657 1378 713 1447 ἐξ
736 1379 887 1445 ἔργων
908 1380 1009 1444 η’τοι
1035 1384 1131 1431 τῶν
1151 1379 1340 1446 τρόπων
1361 1382 1612 1446 ὁμοιότητα
1639 1384 1713 1432 καὶ
1743 1384 1870 1448 ἀκρι-
1895 1394 1941 1432 15

232 1466 259 1506 b
278 1459 521 1523 βεστάτην
549 1461 797 1528 ἐμφέρειαν
824 1466 887 1515 εἷς
922 1465 1201 1528 συγγενείας
1237 1464 1435 1526 δύναμιν
1468 1463 1703 1526 λαμβάνει
1730 1463 1868 1522 Θεὸς,

279 1541 642 1606 διαγνωσόμεθα
669 1548 842 1611 σαφῶς
867 1549 962 1597 τοῖς
991 1548 1126 1610 ἱεροῖς
1152 1545 1461 1610 ἐγκύπτοντες
1489 1546 1665 1611 λόγοις,
1683 1549 1759 1597 καὶ
1785 1545 1871 1610 τὴν

279 1624 408 1674 θείαν
429 1631 815 1690 περινοστοῦντες
843 1626 1048 1694 γραφήν.
1089 1627 1257 1678 οὐκοῦν
1278 1630 1325 1678 ἐν
1347 1633 1523 1693 καιροῖς
1538 1628 1762 1694 Ἱερεμίου
1788 1634 1872 1680 τοῦ

53 1699 148 1730 Hier.

53 1743 168 1774 xxxvi.

278 1705 543 1773 προφήτου,
561 1707 729 1773 γέγονέ
750 1731 818 1761 τις
841 1710 1068 1772 ἐλαμίτης
1090 1710 1292 1773 Σαμείας
1314 1711 1520 1773 τοῦνομα
1541 1710 1870 1778 ψευδομάντις,

53 1795 213 1861 {2516
279 1786 338 1838 τὰ
365 1789 458 1839 ἀπὸ
487 1789 678 1855 καρδίας
703 1789 1003 1856 ἐρευγόμενος
1029 1794 1112 1855 τῆς
1139 1793 1318 1854 ἑαυτοῦ,
1347 1791 1469 1843 καθὰ
1497 1793 1771 1858 γέγραπται,
1794 1795 1868 1843 καὶ
1891 1815 1940 1839 20

278 1870 361 1920 οὐκ
388 1871 482 1922 ἀπὸ
510 1870 750 1934 στόματος
775 1874 965 1939 Κυρίου.
1010 1872 1166 1937 ἐπειδὴ
1194 1873 1242 1925 δὲ
1269 1874 1432 1938 πολλή
1459 1897 1527 1928 τις
1552 1873 1608 1938 ἧν
1635 1878 1710 1925 καὶ
1737 1875 1869 1941 ἑτέρα

276 1951 465 2016 πληθὺς
503 1955 908 2022 ψευδομαρτύρων
947 1958 1021 2006 καὶ
1061 1959 1487 2024 ψευδοπροφητῶν,
1523 1961 1870 2022 περιπλανῶσα

238 2033 383 2088 οτοῦς
423 2034 596 2103 ὄχλους
636 2039 710 2087 καὶ
750 2038 822 2105 ἐφ’
857 2035 888 2087 ἃ
925 2037 990 2101 μὴ
1029 2042 1270 2103 προσῆκεν
1300 2037 1581 2108 ἐξέλκουσα,
1619 2037 1869 2104 ἠγανάκτει

277 2116 448 2168 λοιπὸν
475 2118 663 2172 εἰκότως
694 2121 718 2169 ὁ
751 2119 943 2170 πάντων
970 2119 1206 2184 δεσπότης
1235 2120 1374 2175 Θεός.
1430 2119 1529 2171 εἶτα
1554 2118 1768 2173 πολλοὺς
1794 2121 1868 2171 ἐπὶ

276 2202 343 2267 τῷ
372 2200 551 2268 Σαμείᾳ
585 2200 865 2265 δαπανήσας
900 2199 1093 2266 λόγους,
1126 2205 1202 2252 καὶ
1235 2204 1371 2256 ποίας
1406 2203 1566 2271 ὑφέξει
1591 2201 1675 2256 τὰς
1701 2203 1867 2253 τούτου
1887 2218 1935 2257 25

276 2286 360 2331 τοῦ
405 2281 710 2345 τολμήματος
755 2283 885 2336 δίκας
929 2285 1213 2350 λεπτότερον
1258 2285 1459 2346 διειπὼν,
1499 2286 1547 2334 ἐν
1587 2284 1867 2338 τελευταίοις

53 2356 221 2388 Ib.xxxvi.

54 2409 107 2439 ³²·
276 2361 454 2427 ἐπάγει,
484 2365 559 2413 καὶ
592 2363 824 2428 ἐκδικήσω
853 2371 880 2393 “
899 2366 974 2415 ἐπὶ
1003 2365 1210 2427 Σαμείαν
1236 2369 1311 2416 καὶ
1346 2367 1420 2416 ἐπὶ
1456 2364 1510 2416 τὸ
1543 2365 1677 2430 γε’νος
1707 2366 1865 2427 αὑτοῦ,

276 2451 304 2474 “
323 2443 431 2498 τοὺς
451 2450 703 2498 ποιοῦντας
722 2444 782 2496 τά
802 2445 939 2510 ὅμοια
962 2447 1133 2516 αὑτῷ·”
1154 2446 1334 2501 ἀκούεις
1355 2447 1480 2501 ὅπως
1505 2449 1554 2497 ἐν
1573 2452 1668 2500 τοῖς
1690 2448 1865 2510 ὁμοίοις

324 2574 355 2598 Ι.
380 2562 460 2600 ἵδως
480 2563 522 2598 Β.
541 2563 644 2599 ἰδέαις
661 2563 860 2598 emendavit
881 2564 1000 2599 Holst.
1132 2576 1164 2599 2.
1190 2566 1281 2599 ποιεῖ
1299 2565 1341 2599 Β.
1359 2566 1452 2599 ποιεῖ
1468 2565 1504 2599 δὲ
1526 2565 1588 2599 Ht.
1607 2564 1701 2599 unde
1719 2565 1865 2618 ποιεῖται

1745 2621 1796 2642 μεν

273 2643 473 2678 emendavit
489 2647 531 2678 ut
548 2643 693 2678 adnotat
710 2644 785 2689 ipse
802 2644 896 2678 Aub.
1030 2645 1062 2679 6.
1088 2646 1274 2690 γεγόναμεν
1291 2644 1454 2679 emendat
1474 2645 1603 2690 Heyse.
1620 2647 1799 2689 γεγόναται
1820 2644 1861 2679 Β.

273 2691 334 2733 μὲν
350 2692 511 2735 γεγόνατε
534 2690 596 2725 Ht.
616 2690 681 2725 Ed.
857 2691 981 2725 12—16.
1007 2690 1283 2735 οὕτω-δύναμιν
1299 2692 1439 2726 exhibet
1460 2692 1577 2737 Heyse
1595 2703 1636 2725 ex
1658 2692 1699 2725 B.
1717 2692 1768 2725 ὅτι
1789 2690 1863 2737 [ὅτε

276 2736 429 2782 Migne.]
450 2737 488 2770 δέ
504 2752 540 2772 τε
557 2738 617 2781 τὴν
633 2738 719 2781 πρὸς
740 2738 842 2772 αὐτὸν
863 2740 1044 2782 ὁμοιότητα
1063 2739 1116 2772 καὶ
1132 2739 1382 2783 ἀκριβεστάτην
1401 2738 1584 2783 ἐμφέρειαν
1600 2738 1647 2774 εἷς
1664 2739 1863 2783 συγγενείας

275 2782 413 2825 δύναμιν
432 2784 511 2824 Ed„
534 2784 597 2818 Ht.
621 2784 692 2818 fere
719 2796 880 2830 sequens.
899 2784 950 2818 ὅτι
974 2785 1088 2829 μέντοι
1113 2786 1173 2829 τὴν
1197 2786 1235 2828 ἐξ
1260 2786 1369 2831 ἔργων
1390 2787 1572 2829 ὁμοιότητα
1594 2785 1642 2820 εἷς
1663 2785 1863 2829 συγγενείας

275 2828 415 2871 δύναμιν
431 2830 571 2864 exhibet
588 2842 632 2871 a.‚
652 2831 809 2865 scholion
828 2832 1012 2876 incipiens.
1125 2833 1177 2866 16.
1205 2832 1307 2877 Θεὸς]
1328 2833 1478 2876 Χριστὸς
1495 2843 1525 2865 a.
1636 2840 1690 2873 25.
1715 2832 1775 2866 τὰς
1792 2842 1860 2865 ass,

274 2887 315 2908 ex
338 2875 379 2909 B.
475 2876 530 2909 26.
549 2879 609 2910 τοῦ
627 2877 761 2911 addidit
782 2879 844 2912 Ht.
911 2880 1119 2922 λεπτότερον
1136 2886 1359 2924 assumptum
1378 2891 1419 2912 ex
1440 2878 1481 2912 Β.
1546 2878 1683 2911 διειπὼν
1699 2877 1861 2911 emendat

278 2921 408 2966 Heyse.
426 2922 462 2955 δέ
480 2922 581 2956 εἰπὼν
600 2924 642 2959 Β.
661 2925 763 2959 εἰπὼν
784 2924 846 2959 Ht.
867 2925 934 2960 Ed.
1063 2934 1119 2970 27,
1146 2925 1278 2970 σαμέαν
1295 2937 1432 2970 semper
1449 2937 1480 2959 a.
1498 2923 1740 2968 (F1·id.-Aug.)
