2037 3266
301 125 385 165 360
702 127 753 168 Β.
786 128 1061 169 CYRILLI
1103 129 1488 171 ALEXANDR.
1717 129 1805 170 xiii.
1825 142 1889 184 19.

303 233 328 283 ὁ
356 232 517 300 λόγος.
571 236 638 289 τίς
665 235 758 303 γὰρ
785 236 843 288 ἂν
869 238 936 302 εἰἠ
963 243 1047 290 τοῦ
1072 239 1361 303 καθήκοντος
1387 243 1628 305 λογισμοῦ
1661 243 1893 289 τοσοῦτον

78 326 162 362 ’732
176 326 226 361 A.
263 316 626 382 ειέστερημένος,
661 321 723 372 ὡς
760 319 844 370 τὸν
882 325 965 370 τοῦ
999 321 1168 383 (Αγίου
1209 320 1487 385 Πνεύματος
1526 320 1706 371 οἴεσθαι
1745 319 1892 383 λόγον

303 399 533 464 ἁμαρτίας
575 402 672 450 τισὶ
713 402 930 466 γίνεσθαι
975 401 1238 470 πρόξενον,
1293 404 1461 453 οὐκοῦν
1500 403 1553 453 οὐ
1598 400 1673 452 διὰ
1717 400 1892 464 ταύτην

301 480 586 545 πιστεύομεν
621 480 706 545 τὴν
736 482 888 533 αἰτίαν
924 482 1181 548 δεδράσθαι
1219 482 1279 534 τὰ
1318 484 1433 550 ἔργα
1471 483 1601 550 παρά
1639 506 1790 545 τινων,
1817 482 1893 532 ἵνα

301 567 596 628 πληρωθεῖεν
623 567 668 614 αἱ
701 565 899 632 γραφαί·
946 565 1016 615 ὅτι
1057 564 1105 615 δὲ
1146 564 1335 619 πάντως
1374 565 1508 616 ἔσται
1543 564 1602 616 τὰ
1637 563 1932 628 συμβησό-5

301 667 419 708 μενα
465 645 679 710 προειδὸς
729 645 782 697 τὸ
837 649 1035 709 Πνεῦμα
1086 647 1369 711 λελάληκεν,
1413 647 1468 698 ἵν’
1516 647 1629 698 ὅταν
1675 648 1891 713 γίνεσθαι

301 730 482 793 συμβῇ,
509 728 715 781 πίστεως
754 727 972 795 ἐνέχυρον
1007 728 1237 788 λαβόντες
1277 729 1363 793 τὴν
1397 727 1676 797 πρόῤῥησιν,
1705 729 1790 793 τὴν
1815 729 1889 795 ἐφ’

303 806 339 877 ᾧ
403 809 668 875 γε’γραπται
731 815 893 871 ταῦτα,
951 809 1122 861 λοιπὸν
1186 811 1427 876 ἀραρότως
1488 811 1886 875 ἐπιγινώσκωμεν.

301 896 490 942 πολλοῦ
537 890 583 942 δὲ
628 892 738 955 ἡμῖν
777 891 1026 958 γεγονότος
1069 897 1153 942 τοῦ
1197 891 1347 958 λόγου
1390 894 1494 958 περὶ
1540 898 1634 943 τῶν
1671 893 1893 944 τοιούτων

302 973 350 1022 ἐν
388 973 528 1042 ἑτέρῳ
573 974 765 1043 βιβλίῳ,
804 973 858 1024 τὸ
903 978 1099 1039 μακροῖς
1146 974 1211 1024 ἔτι
1256 977 1362 1040 περὶ
1404 975 1559 1025 αὐτῶν
1597 975 1890 1042 ἐνδιατρῖψαι
1915 994 1962 1020 10

257 1053 578 1120 ὺδιηγήμασι,
613 1054 831 1121 περιττὸν
870 1053 990 1106 εἶναί
1023 1079 1123 1109 πως
1163 1059 1299 1106 δοκεῖ.

238 1227 283 1263 19
349 1225 531 1282 Ἀπάρτι
570 1225 683 1273 λέγω
720 1223 814 1275 ὑμῖν
853 1226 936 1283 Πρὸ
973 1230 1047 1268 τοῦ
1086 1227 1292 1279 Γενέσθαι,
1330 1227 1398 1268 ἵνα
1437 1228 1691 1269 ΠιστεύσΗτε
1730 1229 1832 1269 ὅταν

834 1311 1003 1358 ΓένΗται
1041 1312 1105 1353 ὅτι
1142 1310 1229 1359 Ges-0¹0
1266 1309 1362 1360 εἰμι.

376 1422 784 1488 Ἀναγκαιοτάτην
808 1425 1076 1489 πεποίημαι,
1105 1427 1242 1493 φησὶ,
1269 1429 1362 1476 τῶν
1388 1424 1505 1475 ὅσον
1533 1425 1713 1476 οὐδέπω
1743 1448 1888 1492 παρε-

302 1503 519 1567 σομένων
558 1507 633 1555 καὶ
672 1504 765 1571 πρὸ
805 1512 967 1571 καιροῦ
1002 1506 1088 1570 τὴν
1119 1506 1366 1574 ἐξήγησιν·
1408 1507 1612 1573 ᾐσθήσει
1652 1507 1746 1573 γὰρ
1784 1506 1890 1562 τοὺς
1914 1531 1960 1569 15

301 1585 634 1651 ἀκροωμένους,
663 1589 738 1637 καὶ
778 1588 831 1637 οὐ
868 1587 1035 1654 μικρὸν
1071 1588 1188 1639 οἴσει
1227 1589 1281 1639 τὸ
1321 1589 1494 1654 κε’ρδος,
1529 1593 1566 1639 εἷ
1605 1588 1687 1639 τὸν
1719 1591 1767 1640 ἐκ
1806 1596 1889 1640 τοῦ

299 1667 578 1732 πράγματος
617 1672 772 1719 εἰδεῖεν
799 1669 997 1721 σκοπόν.
1054 1671 1238 1724 εἷκαίοις
1272 1671 1356 1734 μὲν
1381 1671 1474 1737 γὰρ
1510 1670 1595 1734 τὴν
1621 1677 1704 1721 τοῦ
1739 1671 1890 1736 λόγου

261 1770 283 1797 e
300 1751 461 1816 χρείαν
488 1753 702 1801 δαπανᾶν
729 1751 1030 1817 διηγήμασιν,
1059 1752 1290 1817 ἀσύνηθες
1316 1776 1365 1803 τε
1393 1755 1467 1803 καὶ
1504 1754 1557 1803 οὐ
1596 1754 1741 1819 φίλον
1768 1754 1885 1817 ἐμοί·

300 1830 367 1884 οἷς
411 1833 452 1882 δ’
494 1830 551 1881 ἂν
590 1834 813 1901 φαίνηται
858 1833 1045 1900 προσὸν
1084 1833 1137 1885 τὸ
1180 1833 1429 1888 λυσιτελὲς
1471 1836 1525 1885 οὐ
1570 1834 1737 1900 μικρὸν
1776 1833 1889 1885 εἶναι

298 1913 415 1979 πρὸς
443 1918 625 1979 γνῶσιν
650 1914 710 1965 ἰὀι
741 1914 828 1979 τὴν
855 1916 1090 1983 ὑμετέραν,
1117 1922 1266 1967 ταῦτα
1301 1919 1394 1967 δεῖν
1423 1917 1751 1980 ὑπολαμβάνω
1790 1922 1889 1972 ταῖς
1911 1943 1960 1967 20

299 1996 537 2061 ὑμετέραις
588 1997 768 2064 ἐνηχεῖν
811 1999 987 2051 ἀκοαῖς.
1055 1997 1180 2064 λέγω
1225 2004 1476 2064 τοιγαροῦν
1518 1998 1686 2069 ἀπάρτι
1739 2001 1890 2067 φησὶν

299 2081 395 2143 ὑμῖν
436 2077 494 2128 τὰ
541 2080 615 2129 ἐπὶ
660 2079 823 2145 θύραις
867 2079 953 2144 μὲν
998 2080 1103 2145 ἤδη,
1146 2081 1495 2143 τετελεσμένων
1535 2079 1583 2131 δὲ
1631 2082 1760 2131 οὔπω
1804 2081 1889 2144 τὴν

298 2163 482 2224 γνῶσιν
520 2161 743 2224 ἐντίθημι,
782 2162 836 2211 ἶν’
878 2162 978 2212 ’ὅταν
1016 2162 1232 2227 γενέσθαι
1271 2165 1440 2229 συμβῇ
1486 2160 1889 2227 συναρμόττοντες

299 2245 395 2293 τοῖς
434 2242 543 2306 παρ’
574 2243 686 2304 ἐμοῦ
722 2242 1146 2308 προηγορευμένοις
1187 2247 1281 2293 τῶν
1312 2242 1610 2309 πραγμάτων
1642 2243 1695 2293 τὸ
1734 2242 1885 2301 τελος,

300 2322 473 2372 ἐκεῖνον
525 2322 666 2372 αὑτὸν
717 2321 835 2373 εἶναι’
879 2346 937 2387 με
984 2347 1256 2385 mvrena-me,
1308 2346 1413 2389 περι
1473 2323 1526 2374 οὗ
1582 2347 1641 2374 τα
1697 2330 1887 2375 τοιαῦτα
1910 2348 1957 2385 25

302 2401 753 2472 κεχρησμιιόδηκεν
728 2428 756 2468 η
784 2406 883 2455 θεια
909 2405 1086 2474 γραφή.
1127 2407 1174 2455 ἐν
1201 2406 1355 2474 ταύτῷ
1381 2410 1631 2471 τοιγαροῦν
1659 2407 1684 2456 ὁ
1714 2405 1887 2471 Κύριος

258 2485 435 2549 (Ῑὴμῶν
478 2486 667 2549 Ἰησοῦς
718 2487 742 2536 ὁ
794 2486 1021 2553 Χριστος,
1068 2489 1142 2538 καὶ
1193 2486 1275 2537 τὸν
1319 2487 1556 2553 προδότην
1600 2489 1888 2554 ἐπανορθοῦν

303 2566 651 2633 εὐπεριστόλως
690 2568 919 2636 ἐπιχειρεῖ,
953 2569 1269 2635 κεκρυμμένον
1302 2570 1376 2620 ἐπὶ
1414 2574 1600 2635 μικραῖς
1638 2571 1887 2638 ἀσαφείαις

355 2707 384 2729 1.
412 2696 451 2730 ῐιν
468 2702 690 2740 assumptum
709 2708 750 2730 ex
770 2697 810 2730 E.
1007 2697 1039 2730 6.
1065 2698 1224 2742 γενέσθαι
1244 2697 1335 2731 Catt.
1538 2707 1594 2788 7.5
1596 2697 1655 2740 τὴν
1672 2696 1749 2742 alt]
1768 2698 1826 2730 τὸν
1844 2696 1885 2730 Ε.

303 2743 336 2776 8.
365 2743 679 2787 ἐπιγινώσκωμενιι.
701 2742 807 2776 C01d.
826 2742 1138 2787 ἐπιγινώσκομενο.
1157 2745 1385 2793 γινώσκωμεν
1392 2743 1457 2778 Ed.
1601 2743 1886 2787 ,Legendumne

302 2788 514 2831 ἡσθησεταιὲ
640 2798 691 2834 17.
719 2789 853 2824 εἷκαίοις
872 2790 912 2823 Ε.
931 2790 1061 2825 εἷκιιίως
1080 2790 1145 2825 Ed.
1273 2801 1324 2835 19.
1352 2792 1433 2824 εἶναι
1450 2804 1535 2833 προς
1551 2793 1679 2834 ’γνῶσιν
1699 2790 1738 2822 Ε.
1756 2790 1785 2822 εἷ
1801 2803 1887 2832 προς

301 2838 370 2878 γνῶ
374 2850 428 2868 σιν
448 2834 543 2868 Ed.‘
548 2836 613 2869 ‘al
632 2836 660 2868 εἷ
677 2836 722 2871 εἷς
738 2836 945 2881 πρόγνωσιν’
951 2836 1045 2870 'Ed.
1065 2849 1137 2879 mff.
1382 2846 1436 2870 20.
1467 2835 1671 2916 Delendul2n1
1684 2842 1728 2893 utc
1741 2835 1808 2868 vid.
1828 2850 1884 2870 ιοι.

301 2881 463 2924 ὑμετέραν
482 2881 522 2915 Ε.
540 2881 703 2925 ἡμετέραν
723 2882 786 2916 Ed.
805 2896 861 2926 γρ.
882 2883 934 2926 (=
952 2882 1116 2928 γράφε)“
1102 2897 1264 2928 ιμετεριιν
1282 2882 1348 2917 Ed.
1368 2894 1440 2927 mg.
1680 2881 1886 2926 ,υμετέρηις

304 2926 345 2961 Ε.
364 2927 538 2971 ἡμετεραις
556 2928 620 2962 Ed.
639 2927 688 2962 ἰ’σ.
708 2928 881 2973 ὑμετέραις
900 2928 965 2963 Ed.
983 2941 1055 2974 mg.
