2037 3266
356 124 441 165 598
760 126 811 168 Β.
844 125 1125 168 CYRILLI
1164 126 1549 168 ALEXANDR.
1784 135 1939 166 xv.21.

130 234 293 319 ffifajs·
356 237 462 299 γαῖς
503 232 557 285 τὸ
604 238 748 299 σῶμα
791 236 1124 304 κατῃκισμένοι
1164 235 1240 286 διὰ
1280 234 1509 302 Χριστὸν,
1552 233 1755 303 ἐξῄεσαν
1796 241 1824 264 “
1846 232 1940 285 ἀπὸ

130 330 183 361 41·
358 321 386 344 ‘⁶
410 315 674 381 προσώπου
698 322 783 368 τοῦ
805 319 1052 384 συνεδρίου
1078 318 1332 385 χαίροντες,
1361 316 1479 368 κατὰ
1509 317 1563 368 τὸ
1594 316 1937 383 γεγραμμένον,

357 402 385 425 “
410 396 481 447 ὅτι
518 399 885 467 κατηξιώθησαν
913 399 1026 465 ὑπὲρ
1053 405 1135 450 τοῦ
1171 398 1400 463 ὀνόματος
1439 405 1521 450 τοῦ
1551 399 1728 465 Κυρίου
1766 400 1934 461 ἀτιμα-

357 484 384 507 “
411 481 631 543 σθῆναι.”
685 483 761 531 καὶ
799 480 892 543 μὴν
931 483 1005 531 καὶ
1046 481 1154 544 ἡμῖν
1193 481 1347 534 αὐτοῖς
1381 484 1642 544 τληπαθεΐν
1674 482 1747 530 ἐπὶ
1789 479 1939 548 τούτῳ

315 560 703 612 Οδιακελεύονται
749 560 959 630 σφόδρα,
1012 562 1413 628 καταστυγνάζειν
1458 561 1506 613 δὲ
1555 565 1797 626 μηδαμῶς,
1851 559 1980 616 κᾶν5

128 639 293 724 ἕνῇξξὲζ
354 642 482 709 εἴπερ
509 643 633 696 ὅλως
664 648 758 694 τῶν
785 645 988 710 ἀνιαρῶν
1014 667 1058 694 τι
1092 644 1284 710 προσίοι
1319 643 1394 694 διὰ
1426 642 1643 709 Χριστόν
1681 650 1707 672 “
1730 641 1818 707 Μὴ
1844 643 1939 709 γάρ

354 731 381 754 “
405 747 475 777 τις
513 725 642 787 ὑμῶν
680 724 921 792 πασχέτω,
950 727 1116 795 φησὶν,
1145 728 1206 779 ὡς
1241 724 1411 794 φονεὺς
1444 724 1473 790 ἢ
1508 725 1713 788 κλέπτης
1739 723 1767 789 ἢ
1794 747 1936 774 κακο-

353 812 382 835 “
407 804 556 859 ποιός·
620 810 656 857 εἱ
696 805 743 856 δὲ
782 808 844 861 ὡς
883 807 1192 872 Χριστιανὸς,
1234 806 1299 870 μὴ
1343 807 1663 874 αἰσχυνέσθω,
1709 804 1938 874 δοξαζέτω

1357 890 1383 906 ἳ)

353 894 380 917 “
405 885 454 938 δὲ
488 887 571 938 τὸν
598 887 723 938 Θεὸν
747 890 822 940 ἐπὶ
855 892 922 958 τῷ
956 889 1150 952 ὀνόματι
1185 889 1352 958 τούτῳ.
1437 890 1633 954 ἥδιστον
1659 889 1740 939 οῦν
1766 888 1857 954 ἄρα
1883 887 1937 937 τὸ

350 968 557 1037 πάσχειν
583 968 659 1019 διὰ
685 968 915 1036 Χριστὸν,
943 973 1017 1021 καὶ
1057 969 1236 1036 γλυκὺς
1264 972 1288 1021 ὁ
1317 971 1547 1032 κίνδυνος,
1579 970 1692 1021 ὅταν
1733 969 1816 1037 ε”χῃ
1854 971 1936 1032 τῆς
1960 993 2008 1018 ιο

352 1050 525 1120 ἐφόδου
550 1050 635 1115 τὴν
660 1051 909 1121 πρόφασιν
935 1052 991 1121 ἐξ
1013 1051 1203 1118 ἀγάπης
1229 1055 1312 1116 τῆς
1340 1056 1401 1106 εἷς
1428 1050 1567 1104 Θεόν.

416 1131 586 1199 ’Άθρει
625 1131 671 1184 δὲ
711 1133 837 1187 ὅπως
878 1136 964 1184 κάν
996 1133 1146 1203 τούτῳ
1185 1133 1241 1198 δὴ
1280 1134 1427 1185 πάλιν
1466 1131 1735 1186 ἀναδεικνῦς
1773 1131 1937 1184 ἑαυτὸν

352 1213 401 1265 ἓν
426 1214 545 1281 πρὸς
571 1214 652 1266 τὸν
678 1217 842 1266 ἑαυτοῦ
872 1215 1075 1282 Πατέρα,
1098 1216 1163 1280 μὴ
1191 1216 1355 1267 εἰδέναι
1384 1218 1507 1284 φησὶ
1538 1214 1645 1268 τοὺς
1671 1214 1936 1275 Ἰουδαίους,

307 1307 334 1349 d
352 1296 454 1361 ἤτοι
482 1294 589 1350 τοὺς
616 1296 798 1365 διώξειν
824 1298 1098 1360 μέλλοντας
1125 1296 1232 1351 τοὺς
1269 1298 1401 1363 οἵπερ
1432 1295 1491 1347 ἂν
1525 1295 1614 1347 εἶεν
1640 1295 1693 1347 rb
1720 1299 1937 1362 Χριστοῦ

351 1378 693 1444 πρεσβεύοντες
747 1378 908 1443 ὄνομα,
960 1379 1076 1444 μήτε
1126 1379 1210 1430 τὸν
1262 1379 1468 1445 Πατέρα,
1513 1378 1630 1442 μήτε
1676 1376 1759 1429 τὸν
1802 1375 1933 1428 Υὶόν.
1959 1399 2006 1437 15

352 1459 634 1525 μισοπάτωρ
684 1460 778 1526 γὰρ
830 1459 1221 1526 ὁμολογουμένως
1273 1462 1297 1511 ὃ
1343 1463 1511 1527 χρῆναι
1563 1463 1658 1510 δεῖν
1705 1457 1938 1523 ἀτιμάζειν

353 1541 560 1603 οἰόμενος
598 1541 681 1592 τὸν
707 1542 839 1605 Υἱὸν,
867 1544 954 1610 οὐχ
987 1545 1049 1597 ὡς
1084 1547 1146 1596 εἰς
1179 1543 1340 1609 ἕτεραν
1376 1540 1425 1592 δὲ
1465 1541 1683 1605 δηλονότι
1708 1548 1932 1604 πλημμε-

352 1621 509 1687 λήσας
549 1623 717 1691 φύσιν,
759 1625 870 1675 ἀλλ’
904 1629 967 1678 εἷς
1007 1624 1119 1675 αὐτὸ
1158 1623 1212 1674 τὸ
1252 1627 1333 1688 τῆς
1373 1622 1492 1674 κατὰ
1533 1622 1683 1691 φύσιν
1721 1620 1941 1686 θεότητος

353 1707 647 1771 ἐμπαροινῶν
674 1706 873 1775 ἀξίωμα.
926 1706 1029 1757 οὐδὲ
1062 1706 1155 1772 γὰρ
1182 1704 1239 1756 ἂν
1266 1706 1367 1770 ἥλω
1393 1728 1461 1758 τις
1487 1703 1744 1773 ἐξυβρίζων
1771 1707 1832 1757 εἷς
1857 1702 1940 1754 τὸν

354 1787 485 1849 Υὶὸν,
522 1791 559 1837 εἰ
602 1785 688 1850 τὴν
727 1793 809 1838 τοῦ
850 1785 1041 1854 Πατρὸς
1081 1787 1365 1851 ἐδυσωπήθη
1411 1787 1573 1854 φύσιν·
1633 1784 1846 1851 ε’γνωκῶς
1891 1783 1938 1835 δὲ
1958 1807 2008 1832 20

356 1867 481 1922 ὅλως
519 1869 567 1919 τί
599 1870 697 1919 κατ’
740 1869 972 1936 ἐνεργειάν
1014 1871 1145 1920 ἐστιν
1186 1871 1211 1920 ὁ
1253 1868 1437 1934 Πατὴρ,
1464 1873 1565 1921 πῶς
1597 1866 1834 1933 ἠγνόησεν
1868 1866 1939 1916 ὅτι

317 1949 631 2016 θγεγέννηκεν
664 1952 721 2020 ἐξ
747 1951 944 2013 ἑαυτοῦ;
987 1950 1085 2002 εἶτα
1123 1952 1191 2004 τίς
1228 1952 1314 2017 οὐχ
1346 1950 1531 2016 ὑβρίσει
1565 1948 1619 2000 τὸ
1656 1948 1826 2017 φυτὸν,
1856 1947 1939 1998 τὸν

355 2032 412 2100 ἐξ
434 2033 577 2083 αὐτοῦ
603 2033 884 2099 γεννηθέντα
912 2032 1124 2084 κακύνων
1150 2032 1362 2099 καρπόν;
1406 2032 1598 2097 ἀγνοίας
1626 2032 1707 2081 οῦν
1734 2031 1825 2097 ἄρα
1855 2033 1939 2093 τῆς

355 2118 418 2167 εὶς
441 2113 524 2165 τὸν
552 2114 741 2181 Πατέρα
768 2117 843 2166 καὶ
871 2115 995 2166 Θεὸν
1023 2113 1258 2184 ἀπόδειξις
1289 2115 1372 2165 οὐκ
1404 2115 1677 2183 ἀμφίλογος
1712 2113 1739 2177 ἡ
1767 2117 1829 2166 εἷς
1855 2112 1938 2163 τὸν

356 2194 474 2246 Υἱὸν
500 2197 720 2259 ἁμαρτία.
1956 2207 2004 2246 25

430 2277 623 2341 Ἐπειδὴ
656 2277 704 2327 δὲ
740 2279 822 2329 οὐκ
857 2278 948 2346 ε”φη
976 2279 1079 2329 νυνί
1090 2276 1199 2329 ’Ότι
1229 2280 1305 2328 οὐκ
1333 2273 1477 2328 οἴδασι
1503 2275 1587 2327 τὸν
1616 2275 1807 2341 Πατέρα
1831 2297 1938 2338 μου,

357 2357 489 2408 ἀλλὰ
519 2359 585 2409 τὶν
619 2358 884 2428 πέμψαντά
921 2382 993 2426 με,
1024 2361 1145 2409 δοκῶ
1184 2381 1229 2409 τι
1267 2363 1478 2408 τοιοῦτον
1504 2356 1645 2408 αὐτὸν
1674 2357 1935 2407 ὑπαινίττε-

358 2444 473 2490 σθαι
500 2440 673 2491 θέλειν·
710 2440 906 2503 σκοπὸς,
928 2443 989 2493 ὡς
1015 2441 1173 2502 ἔοικεν,
1194 2441 1332 2508 αὐτῷ,
1350 2439 1455 2492 τοὺς
1482 2438 1536 2489 τὸ
1564 2438 1746 2489 διώκειν
1772 2438 1933 2501 ἐπιτη-

358 2521 576 2575 δεύοντας
614 2520 721 2576 τοῦς
759 2519 1082 2585 ἀνακειμένους
1120 2523 1258 2590 αὐτῷ,
1286 2525 1486 2572 διπλοῦν
1525 2519 1689 2585 ὥσπερ
1728 2520 1938 2569 ἐντεῦθεν

356 2602 410 2654 rb
433 2602 751 2670 παρανόμημα
780 2609 880 2657 ταῖς
906 2605 1081 2655 ἑαυτῶν
1104 2605 1403 2670 ἐπαρτῶντας
1436 2606 1665 2670 κεφαλαῖς
1704 2600 1935 2668 ἐμπλέξαι
1955 2624 2005 2661 30

141 2697 234 2732 904
245 2695 296 2730 A·
318 2705 340 2730 a
359 2690 546 2755 σαφῶς’
600 2685 746 2749 μόνον
769 2684 863 2751 γὰρ
889 2687 1006 2753 οὐχὶ,
1033 2688 1200 2754 φησὶν,
1229 2687 1507 2749 ἀγνοοῦντες
1539 2682 1815 2733 ἁλώσονται
1853 2680 1937 2732 τὸν

406 2885 439 2919 3.
466 2874 516 2909 ὅτι
535 2875 789 2918 κατηξιώθησαν
807 2874 857 2908 ὅτι
877 2875 919 2908 Ε.
1059 2886 1110 2919 13.
1135 2872 1334 2918 Ἰουδαίους]
1358 2873 1462 2908 ἰδίους
1481 2872 1522 2905 Ε.
1668 2871 1721 2905 26.
1749 2869 1776 2904 δ’
1798 2869 1932 2914 Migrle.

360 2932 417 2965 30.
444 2921 609 2965 ε’μπλέξαι
628 2922 668 2956 Ε.
687 2921 873 2967 ἀπελέγξαι
889 2921 955 2955 Ed.
1145 2931 1201 2965 31.
1227 2920 1337 2966 φησὶν
1354 2924 1578 2963 assumptum
1598 2929 1638 2952 ex
1659 2917 1699 2951 E.
