2001 3231
300 116 356 155 60
702 115 753 156 B.
787 114 1060 156 CYRILLI
1101 115 1482 157 ALEXANDR.
1714 115 1888 170 viii.32.

303 223 533 286 δουλείαν,
577 225 652 274 καὶ
702 223 881 290 μακρὸς
932 226 1049 286 ὑμᾶς
1100 223 1323 288 ἀνήλωσε
1373 223 1517 278 πόνος
1560 222 1646 288 τὴν
1690 222 1780 275 ὑπὸ
1824 226 1891 292 τῷ

304 308 483 373 Φαραῴ
529 306 717 369 θητείαν
758 305 1102 368 εἰσδεδυκότας,
1144 305 1256 356 ἀλλ’
1298 306 1530 369 ε’βοήσατε
1576 304 1630 356 τὸ
1677 303 1892 369 τηνικάδε

301 385 421 451 πρὸς
465 386 549 437 τὸν
583 385 720 448 Θεὸν,
761 389 836 437 καὶ
877 386 997 453 πρὸς
1039 386 1175 438 ἐ’λεον
1215 386 1298 437 τὸν
1339 389 1410 456 ἐφ’
1454 390 1561 451 ὑμῖν
1602 386 1889 450 κεκινήκατε,

300 473 402 521 ταῖς
450 468 667 522 ἐνούσαις
718 469 826 531 ὑμῖν
874 468 1209 535 ἐποιμώζοντες
1258 474 1530 536 συμφοραῖς
1578 470 1635 537 ἐξ
1683 469 1894 534 οὐρανῶν

300 550 495 616 ἐζητεῖτε
534 549 617 600 τὸν
654 550 917 615 λυτρωτήν·
960 551 1223 619 ἐπεφοίτων
1258 551 1306 601 δὲ
1346 553 1452 614 ὑμῖν
1484 554 1777 618 παραχρῆμα
1816 551 1934 607 καὶ5

300 631 419 695 τότε,
446 635 520 682 καὶ
547 634 636 697 γῆς
662 631 746 695 μὲν
774 633 892 695 ὑμᾶς
924 634 1007 695 τῆς
1042 633 1302 698 ἀλλοτρίας
1335 634 1617 702 ἐξέπεμπον,
1647 631 1893 696 ὠμοτάτης

297 713 349 764 ιδὲ
398 711 595 782 σφόδρα
645 714 918 779 τυραννίδος
968 714 1147 782 ἐξελὼν
1191 713 1311 780 πρὸς
1361 716 1627 781 ἐλευθερίαν
1671 713 1886 765 ἐκάλουν.

300 795 413 845 ἀλλ’
459 796 535 846 ἵνα
585 793 852 860 μανθάνητε
903 793 987 846 τὸν
1031 797 1276 862 ἐπίκουρον
1325 798 1400 846 καὶ
1453 795 1714 862 λυτρωτὴν,
1759 795 1892 846 κατέ-

300 883 492 945 γραφον
535 879 642 940 ὑμῖν
683 879 731 928 ἐν
772 876 1017 943 προβάτου
1059 882 1234 946 σφαγῇ
1274 877 1329 929 τὸ
1370 880 1570 942 ἐμαυτοῦ
1610 879 1888 944 μυστήριον,

78 972 162 1007 536
177 972 228 1007 A.
260 962 375 1010 εικαὶ
414 959 500 1022 τὴν
533 960 586 1009 δι’
617 959 813 1022 αἵματος
852 960 1096 1025 σωτηρίαν
1126 966 1490 1025 προανατυποῦν
1523 959 1739 1011 ἐκέλευον
1765 959 1888 1010 τότε·
1915 985 1962 1010 10

299 1040 582 1106 διεσώζεσθε
612 1040 707 1105 γὰρ
739 1041 1071 1107 καταχρίοντες
1103 1041 1293 1094 ἑαυτούς
1330 1065 1379 1092 τε
1414 1045 1488 1092 καὶ
1525 1041 1608 1095 τὰς
1644 1040 1791 1110 φλιάς
1825 1039 1892 1109 τῷ

299 1123 459 1184 αἵματι
497 1128 580 1173 τοῦ
620 1124 783 1184 ἀμνοῦ.
838 1124 1007 1172 οὐκοῦν
1045 1122 1139 1173 ἀπὸ
1178 1127 1273 1173 τῶν
1311 1124 1472 1174 τύπων
1510 1123 1601 1192 ἔξω
1641 1122 1694 1174 τὸ
1733 1120 1892 1190 βραχὺ

297 1204 613 1269 πηδήσαντες,
642 1203 756 1254 ὅταν
782 1203 1051 1268 μανθάνητε
1079 1203 1147 1264 τὴν
1173 1203 1392 1265 ἀληθειαν,
1421 1206 1592 1256 ἔσεσθε
1620 1204 1676 1268 δὴ
1702 1204 1892 1258 πάντως

298 1288 374 1337 καὶ
414 1288 607 1349 ἀληθῶς
645 1285 897 1350 ἐλεύθεροι.
956 1289 1031 1336 καὶ
1071 1287 1402 1354 ἀμφιβαλέτω,
1436 1288 1601 1355 φησὶν,
1627 1288 1701 1337 ε’πὶ
1739 1287 1890 1356 τούτῳ

296 1367 475 1432 μηδείς.
532 1372 568 1417 εἰ
596 1365 690 1432 γὰρ
717 1366 962 1417 τοσούτων
991 1369 1097 1430 ὑμῖν
1123 1369 1317 1433 ἀγαθῶν
1343 1370 1368 1419 ὁ
1404 1368 1549 1422 τύπος
1585 1367 1690 1419 τότε
1725 1368 1891 1434 γέγονε
1914 1389 1960 1427 15

296 1449 541 1518 πρόξενος,
569 1454 671 1502 πῶς
708 1450 810 1516 οὐχὶ
845 1453 1038 1512 μᾶλλον
1065 1450 1092 1513 ἡ
1125 1450 1322 1514 ἀλήθεια
1353 1450 1716 1516 πλουσιωτέραν
1741 1450 1885 1501 ἐπιδί-

298 1534 422 1582 δωσι
448 1530 535 1594 τὴν
562 1530 730 1597 χάριν;

375 1617 584 1664 Τοιαῦτα
611 1611 695 1676 μὲν
716 1611 772 1676 δὴ
799 1611 853 1663 τὸ
882 1612 1067 1663 κωλύον
1089 1612 1222 1663 οὐδὲν
1241 1613 1627 1679 πρὸςἸουδαιόυς
1655 1616 1890 1678 ὑποτοπῆ-

254 1707 282 1748 b
300 1718 385 1746 σαι
411 1694 568 1760 λέγειν
594 1693 676 1745 τὸν
695 1695 901 1758 Ἰησοῦν,
922 1699 984 1748 εἰς
1009 1699 1240 1745 πλατεῖαν
1265 1696 1564 1763 ἐκτρέχοντος
1591 1697 1788 1762 θεωρίαν
1807 1701 1891 1746 τοῦ

299 1775 463 1842 λόγου·
523 1776 643 1829 εἰκὸς
683 1775 736 1825 δέ
768 1799 873 1826 τινα
912 1778 986 1826 καὶ
1027 1777 1188 1842 ἑτέραν
1227 1777 1335 1840 ἡμῖν
1369 1779 1418 1827 ἐκ
1453 1782 1546 1828 τῶν
1576 1777 1891 1844 προκειμένων
1912 1803 1963 1829 20

299 1857 585 1926 ἀναλάμψαι
612 1857 699 1921 τὴν
727 1857 951 1908 διάνοιαν.
1008 1859 1033 1908 ὁ
1061 1857 1202 1921 νόμος
1236 1859 1261 1908 ὁ
1296 1858 1372 1908 διὰ
1403 1860 1650 1913 Μωυσέως
1676 1867 1889 1920 βαπτισ-

297 1939 413 2004 μοὺς
441 1940 611 1991 ἐτύπου
638 1941 712 1989 καὶ
740 1939 1118 2006 περιῤῥαντήρια,
1145 1939 1278 1990 ἀλλὰ
1308 1944 1382 1991 καὶ
1417 1940 1510 2010 ὅτῳ
1542 1940 1688 2008 τυχὸν
1712 1943 1892 1991 ἁλῶναι

299 2022 579 2086 συμβέβηκε
616 2023 692 2071 καὶ
728 2025 795 2089 τῷ
831 2024 914 2084 τῆς
948 2022 1178 2087 ἁμαρτίας
1210 2020 1374 2091 βόθρῳ
1408 2026 1738 2088 περιολισθεῖν,
1767 2022 1893 2073 θύειν

298 2103 480 2154 ἐκέλευε
506 2103 696 2170 μόσχον
721 2101 750 2166 ὴ
782 2102 1041 2169 πρόβατον,
1069 2104 1191 2154 οὕτω
1229 2126 1277 2154 τε
1312 2103 1372 2154 τὰ
1406 2105 1478 2173 ἐφ’
1507 2103 1575 2158 οἷς
1609 2103 1667 2155 ἂν
1692 2104 1893 2157 ἕκαστος

298 2188 564 2250 πλημμελῇ
599 2183 899 2250 περικόπτειν
930 2183 1224 2249 ἐγκλήματα.
1281 2187 1393 2235 ἀλλ’
1423 2185 1555 2236 οὐδὲν
1587 2188 1736 2236 ἐκεῖνα
1772 2185 1890 2252 πρὸς
1914 2203 1962 2242 25

300 2264 531 2333 ἀπόνιψιν
561 2266 804 2330 ἁμαρτίας.
858 2265 912 2314 οὐ
939 2264 1032 2330 γὰρ
1059 2264 1119 2315 ἂν
1145 2265 1300 2333 ἐξέλοι
1332 2266 1446 2316 ποτὲ
1481 2269 1563 2329 τῆς
1601 2268 1749 2320 αἰτίας
1783 2266 1891 2320 τοὺς·

301 2346 729 2411 κατεγνωσμένους,
762 2346 874 2396 ἀλλ’
903 2345 1008 2396 οὐδὲ
1046 2352 1131 2396 τοῦ
1170 2345 1455 2412 κολάζεσθαι
1494 2350 1588 2398 δεῖν
1621 2348 1891 2413 ἐλευθέρους

263 2428 567 2495 οάποφαίνει,
606 2425 714 2480 τοὺς
754 2425 821 2480 οἷς
860 2428 885 2477 ὁ
928 2431 1048 2480 θεῖος
1086 2427 1352 2491 πεπάτηται
1391 2428 1545 2491 νόμος.
1610 2429 1659 2479 τί
1698 2428 1792 2494 γὰρ
1834 2427 1893 2479 ἂν

301 2509 473 2573 ὁνήσαι
511 2507 605 2565 τὸν,
632 2508 885 2574 ἄνθρωπον
923 2506 977 2558 τὸ
1016 2513 1264 2569 βουθυτεῖν
1297 2510 1730 2573 πλημμελήσαντα,
1761 2512 1809 2561 ἐν
1844 2511 1893 2562 δὲ

353 2643 382 2664 1.
405 2631 532 2674 μακρὸς
553 2630 638 2674 ὑμᾶς
660 2629 817 2673 ἀνήλωσε
839 2629 1013 2675 [ἀνήλωσε
1031 2630 1226 2665 emendavi.
1243 2630 1401 2667 ἀνάλωσε
1423 2631 1530 2677 Cod.]
1550 2633 1652 2667 πόνος
1669 2638 1895 2677 assumptum

300 2688 342 2710 ex
363 2677 404 2710 B.
568 2688 598 2710 2.
626 2676 866 2712 εἷσδεδυκότας
885 2677 927 2710 Β.
946 2677 1181 2711 εἶσδεδυκότες
1201 2677 1266 2712 Ed.
1413 2691 1446 2721 4.
1471 2679 1712 2722 ἐποιμώζοντες
1729 2679 1893 2713 emendat

304 2722 433 2767 Heyse.
453 2723 698 2766 ἐποιμείζοντες
717 2722 798 2767 (sic)
820 2723 861 2757 B.
881 2723 936 2757 ἐπὶ
952 2724 1066 2766 μεῖζον
1083 2724 1155 2758 ταῖς
1175 2723 1293 2757 Holst.
1313 2724 1380 2758 Ed.
1493 2736 1546 2760 ΙΙ.
1572 2725 1679 2769 φλιὰς
1697 2725 1890 2759 emendavi.

301 2770 428 2811 φλοιὰς
448 2768 514 2802 Ed.
582 2769 709 2803 Statim
727 2769 965 2814 καταχρίοντες
982 2769 1107 2803 iterum
1126 2769 1223 2803 addit
1243 2770 1285 2803 B.
1404 2781 1460 2804 20.
1488 2770 1565 2814 ἡμῖν
1584 2771 1625 2805 Β.
1643 2771 1719 2813 ὑμῖν
1740 2770 1802 2804 Ht.
1822 2771 1890 2805 Ed.

302 2824 358 2855 24.
384 2817 520 2858 μόσχον
540 2814 580 2847 B.
598 2817 753 2859 μόσχους
774 2815 837 2848 Ht.
857 2815 924 2849 Ed.
1082 2826 1138 2858 25.
1164 2818 1348 2860 πλημμελῇ
1367 2817 1531 2851 emendat
1551 2817 1678 2861 Heyse.
1696 2818 1891 2859 πλημμελεῖ

303 2859 345 2892 Β.
367 2859 433 2893 Ed.
475 2861 614 2939 Ic'xe‘ivg
635 2862 674 2895 B.
698 2861 760 2895 Ht.
780 2861 886 2895 ἐκεῖνο
904 2861 1000 2896 Aub.
1155 2872 1211 2907 29.
1238 2862 1359 2905 ὀνῆσαι
1377 2862 1540 2896 emendat
1560 2863 1687 2907 Heyse.
1707 2862 1827 2905 νοῆσαι
1846 2863 1888 2897 Β.

301 2906 454 2950 ὠφελοίη
488 2906 538 2941 it.
559 2907 587 2939 E
618 2933 625 2941 .
