2037 3266
146 1889 254 1929 Supra

146 1933 212 1964 xiv.
229 1932 258 1963 6.

149 2240 164 2261 2
180 2231 254 2262 Cor.
268 2243 298 2263 v.

150 2283 198 2316 19.

371 145 455 186 690
778 145 829 185 Β.
861 144 1137 186 CYRILLI
1178 144 1561 185 ALEXANDR.
1711 144 1811 185 xvii.
1831 154 1958 198 9-11.

333 253 448 305 οἴνα
490 253 556 318 μή
603 276 721 308 τινες
763 257 956 319 οἰηθεῖεν
994 253 1138 322 τυχὸν
1177 253 1292 321 ὑπὲρ
1335 253 1493 318 μόνων
1528 257 1622 305 τῶν
1661 252 1718 321 ἐξ
1755 249 1960 318 Ἰσραὴλ

371 335 682 402 παράκλητον
709 334 822 388 εἶναι
856 337 987 403 παρὰ
1018 338 1085 406 τῷ
1113 338 1270 403 Πατρὶ
1302 335 1385 387 τὸν
1414 334 1604 402 Κύριον,
1632 333 1748 401 ὑπὲρ
1783 332 1831 385 δὲ
1864 338 1960 385 τῶν

371 417 540 469 ἄλλων
578 420 724 470 ἐθνῶν
762 423 857 469 τῶν
897 418 987 469 ἀνὰ
1025 423 1192 470 πᾶσαν
1235 418 1638 484 κατεσπαρμένων
1681 415 1767 480 τὴν
1808 419 1954 467 οἰκου-

369 501 515 566 μένην
559 501 722 564 οὐκέτι,
768 502 917 552 καίτοι
966 499 1246 564 μελλόντων
1293 503 1350 566 τῇ
1400 503 1461 553 εἷς
1513 497 1656 550 αὐτὸν
1700 497 1959 566 διαπρέψαι

369 584 544 646 πίστει,
577 585 653 634 καὶ
693 582 810 634 ὅσον
843 582 1024 633 οὐδέπω
1058 581 1392 646 κληθήσεσθαι
1429 580 1549 648 πρὸς
1587 581 1845 644 ἐπίγνωσιν
1875 582 1957 644 τῆς
1979 595 2000 633 5

370 664 445 716 διὰ
489 669 707 731 Χριστοῦ
752 664 1002 730 σωτηρίας,
1048 662 1399 730 ἀναγκαιότατα
1440 669 1565 732 φησι
1608 662 1719 714 λίαν
1758 663 1811 713 οὐ
1853 663 1960 728 περὶ

368 747 527 810 μόνων
553 748 751 797 ἔσεσθαι
776 751 872 797 τῶν
898 748 947 797 ἐκ
981 746 1146 812 γε’νους
1171 746 1375 812 Ἰσραὴλ
1410 744 1621 808 ἱλασμὸν
1646 743 1729 796 τὸν
1758 744 1955 810 Κύριον,

370 827 501 879 ἀλλὰ
531 831 637 894 περὶ
664 828 780 881 ὅλου
806 834 889 879 τοῦ
915 827 1115 892 κόσμου,
1141 829 1372 892 τουτέστι,
1397 833 1492 879 τῶν
1517 830 1567 878 ἐκ
1592 826 1769 881 παντὸς
1799 826 1959 881 ε”θνους

368 933 419 962 τε
459 913 534 962 καὶ
578 910 738 977 γένους
779 912 1158 976 κληθησομένων
1198 910 1273 961 διὰ
1312 913 1395 974 τῆς
1433 911 1639 963 πίστεως
1678 913 1741 962 εἷς
1779 912 1952 959 δικαιο-

369 993 522 1056 σύνην
547 995 623 1043 καὶ
651 992 904 1059 ἁγιασμόν.
959 994 984 1043 ὁ
1023 993 1070 1044 δὲ
1109 992 1283 1059 Κύριος
1318 993 1450 1056 ἡμῶν
1473 993 1660 1056 Ἰησοῦς
1694 992 1718 1042 ὁ
1744 989 1958 1056 Χριστὸς
1981 1011 2031 1037 10

325 1083 352 1124 d
371 1075 635 1126 ἀποδιελὼν
667 1079 762 1125 τῶν
791 1075 1004 1140 γνησίων
1028 1074 1135 1129 τοὺς
1170 1073 1235 1139 μὴ
1268 1080 1479 1125 τοιοῦτον
1506 1074 1699 1141 ἔχοντας
1734 1078 1857 1135 νοῦν,
1883 1074 1959 1124 καὶ

368 1161 464 1207 τῶν
506 1156 763 1225 εξυβριζειν
813 1162 914 1210 ταῖς
965 1158 1086 1207 οὕτω
1137 1161 1372 1222 σκληραῖς
1423 1156 1672 1209 ἀπειθείαις
1723 1155 1959 1218 ἑλομενων

368 1237 523 1302 αὐτὸν,
551 1261 658 1292 τους
697 1239 1037 1305 ἐπιεικεστερον
1069 1243 1163 1289 τῶν
1198 1240 1334 1290 θείων
1368 1239 1509 1289 αὑτοῦ
1548 1259 1959 1337 κατακροωμενους

367 1319 542 1386 λόγων,
596 1321 851 1374 ὑποθεντας
903 1343 950 1371 τε
1006 1320 1094 1384 ἠδη
1146 1321 1229 1372 τὸν
1279 1323 1362 1384 τῆς
1413 1320 1604 1386 καρδίας
1652 1318 1836 1386 αὐχενα,
1882 1341 1958 1369 και

367 1405 617 1470 μονονουχὶ
652 1402 1000 1469 περιδήσαντας
1036 1405 1214 1457 ἑαυτοῖς
1249 1405 1332 1466 τῆς
1368 1401 1457 1453 ὑπὸ
1486 1405 1595 1471 Θεῷ
1629 1402 1841 1454 δουλείας
1876 1400 1958 1452 τὸν
1981 1420 2028 1459 15

369 1483 522 1550 ζυγὸν,
560 1488 654 1552 περὶ
698 1483 835 1535 αὐτῶν
875 1484 966 1552 ἔφη
1004 1483 1163 1547 μόνων
1200 1484 1590 1550 πρεπωδέστερον
1629 1485 1821 1549 ἐρωτᾶν.
1892 1481 1959 1534 ὧν

368 1565 464 1632 γὰρ
506 1565 703 1632 ὑπάρχει
749 1566 945 1630 μεσίτης
990 1568 1065 1617 καὶ
1111 1566 1363 1634 ἀρχιερεὺς,
1402 1567 1557 1618 αὐτοῖς
1595 1564 1650 1627 δὴ
1686 1566 1762 1615 καὶ
1797 1563 1957 1627 μόνοις

332 1646 486 1717 οῷετο
526 1650 620 1698 δεῖν
662 1647 721 1698 τὰ
765 1649 814 1698 ἐκ
859 1650 942 1711 τῆς
986 1650 1221 1710 μεσιτείας
1264 1648 1506 1716 προξενεῖν
1547 1646 1717 1712 ἀγαθὰ,
1756 1646 1836 1700 οὓς
1879 1648 1955 1697 καὶ

370 1726 589 1781 δεδόσθαι
631 1728 718 1793 μὲν
759 1732 906 1798 ἑαυτῷ
953 1734 1119 1799 φησιν,
1160 1729 1274 1781 εἶναι
1317 1729 1466 1796 γεμὴν
1502 1736 1585 1780 τοῦ
1626 1728 1828 1796 Πατρὸς,
1867 1730 1955 1797 οὐχ

369 1812 531 1878 ἑτέραν
569 1811 772 1879 ἐχούσης
808 1811 918 1862 ὁδὸν
955 1815 1037 1874 τῆς
1077 1811 1195 1878 πρὸς
1235 1811 1360 1863 Θεὸν
1398 1811 1687 1876 οἰκειότητος,
1719 1815 1754 1861 εἰ
1793 1810 1857 1876 μὴ
1896 1812 1951 1862 δι’
1975 1833 2027 1860 20

369 1897 502 1944 Υἱοῦ.
558 1894 640 1944 καί
675 1916 732 1944 σε
771 1899 910 1944 τοῦτο
950 1892 1126 1962 διδάξει
1165 1893 1320 1959 λε’γων
1356 1894 1493 1947 αὐτός
1519 1901 1546 1922 ‘⁶
1567 1894 1734 1946 Οὐδεὶς
1772 1893 1954 1960 ἔρχεται

369 1983 397 2006 “
422 1975 541 2042 πρὸς
567 1975 649 2027 τὸν
677 1975 883 2042 Πατέρα,
912 1979 948 2026 εἰ
974 1976 1039 2039 μὴ
1065 1977 1119 2026 δι’
1148 1977 1310 2039 ἐμοῦ.”
1352 1976 1434 2027 θεά
1468 1975 1562 2042 γὰρ
1595 1975 1721 2028 ὅπως
1755 1977 1821 2045 τῷ
1854 1976 1954 2044 ἰδίῳ

369 2057 624 2124 γεννήματι
675 2056 783 2110 δοὺς
834 2058 858 2107 ὁ
906 2056 1075 2123 Πατὴρ
1126 2056 1234 2111 τοὺς
1280 2059 1352 2126 ἐφ’
1400 2056 1467 2111 οἷς
1516 2058 1541 2107 ὁ
1593 2056 1756 2122 λόγος,
1807 2058 1955 2127 ἑαυτῷ

369 2140 709 2204 κατεκτήσατο·
752 2142 827 2190 καὶ
854 2145 994 2190 τοῦτο
1021 2141 1178 2193 συνεὶς
1214 2140 1262 2190 εὖ
1295 2139 1429 2202 μάλα
1463 2141 1615 2207 φησὶν
1640 2139 1665 2189 ὁ
1699 2143 1793 2190 τῶν
1821 2142 1954 2205 ἱερῶν

367 2221 663 2333 γραμμάτων
701 2221 1235 2285 ἐπιστημονικώτατοςζ
1239 2219 1385 2272 “'On
1424 2221 1546 2275 Θεὸς
1585 2220 1643 2285 ἧν
1674 2222 1723 2271 ἐν
1754 2223 1953 2290 Χριστῷ
1975 2242 2023 2281 25

1251 2301 1276 2318 ‚‚

386 2303 606 2366 ίκόσμον
659 2301 1024 2353 καταλλάσσων
1081 2303 1245 2370 ἑαυτῷ.
1339 2302 1665 2366 μεσιτεύοντος
1719 2301 1813 2368 γὰρ
1871 2308 1954 2352 τοῦ

368 2388 601 2451 Χριστοῦ,
640 2383 895 2451 δεχομενου
938 2406 987 2433 τε
1028 2406 1136 2436 τους
1179 2383 1466 2450 προσιόντας
1510 2383 1585 2435 διὰ
1628 2386 1711 2447 τῆς
1749 2387 1955 2437 πίστεως

148 2482 238 2517 968
253 2481 303 2516 A.
331 2491 352 2516 a
370 2469 444 2518 καὶ
480 2466 810 2533 προσάγοντος
841 2466 897 2516 δι’
926 2466 1092 2516 ἑαυτοῦ
1129 2469 1195 2535 τῷ
1225 2468 1393 2532 Πατρῖ,
1421 2465 1600 2529 κόσμος
1628 2469 1736 2534 Θεῷ
1772 2473 1950 2530 κατηλ-

147 2706 308 2739 Es.xxvii.

149 2759 179 2791 5,
197 2749 228 2783 6.

368 2548 586 2600 λάττετο.
642 2547 719 2598 διὰ
753 2553 893 2598 τοῦτο
926 2548 1002 2597 καὶ
1039 2548 1063 2597 ὁ
1098 2547 1350 2615 προφήτης
1375 2547 1598 2609 Ἠσαίας,
1625 2547 1810 2613 εἰρήνην
1835 2548 1956 2612 ἡμᾶς

368 2632 564 2682 ἑλέσθαι
614 2629 700 2694 τὴν
749 2629 867 2696 πρὸς
919 2628 1044 2679 Θεὸν
1092 2631 1141 2679 ἐν
1183 2633 1385 2698 Χριστῷ
1439 2629 1750 2695 προεδίδασκε
1801 2628 1955 2695 λέγων
1978 2654 2028 2690 30

370 2719 397 2742 ‘⁶
426 2711 716 2776 Ποιήσωμεν
760 2709 945 2777 εἰρήνην
989 2711 1131 2778 αὐτῷ,
1173 2710 1445 2775 ποιήσωμεν
1489 2709 1674 2777 εἰρήνην
1726 2713 1767 2761 οἱ
1812 2710 1951 2778 ἐρχό-

369 2799 396 2823 “
422 2795 592 2856 μενοι.”
647 2792 1013 2856 ἀποστήσαντες
1053 2791 1146 2858 γὰρ
1185 2795 1267 2856 τῆς
1309 2792 1425 2846 ἰδίας
1466 2795 1630 2860 ψυχῆς
1669 2791 1729 2843 τὰ
1768 2794 1851 2855 τῆς
1891 2795 1954 2845 εἷς

368 2874 584 2941 Χριστὸν
611 2873 799 2941 ἀγάπης
834 2876 1179 2941 ἀλλοτριοῦντα
1214 2874 1350 2938 ἡμᾶς,
1382 2872 1436 2925 τὸ
1475 2872 1795 2942 αἱσχρουργόν
1829 2877 1952 2942 φημι
