2011 3266
274 143 359 182 264
678 146 726 187 B.
761 147 1037 188 CYRILLI
1079 149 1460 189 ALEXANDR.
1747 148 1802 188 xi.
1822 160 1860 202 3-

274 259 530 322 πολλαχοῦ
566 256 780 324 φαίνεται
818 255 1102 323 θερμότερον
1136 262 1202 326 τῷ
1237 262 1439 328 Χριστῷ
1477 257 1865 324 προσεδρεύουσα

276 337 352 385 καὶ
378 337 765 403 ἀπερισπάστως,
792 337 879 402 τὴν
904 338 1025 404 πρὸς
1051 339 1192 390 αὑτὸν
1218 339 1523 404 ἐπισπωμένη
1550 339 1820 403 οἰκειότητα.

237 520 556 563 3ἈΠὲστειλαν
595 519 668 563 οὖν
703 520 811 578 Πρὸς
850 522 980 563 αὐτὸν
1015 521 1056 563 αἶ
1095 522 1283 579 ἀδελφαὶ
1322 524 1451 565 αὐτοῦ
1490 524 1690 571 λέΓουοαι
1731 523 1865 581 Κύριε,

783 602 873 645 ἰδοὺ
911 606 960 647 ὃν
999 603 1140 661 φιλεῖς
1178 603 1360 647 ἀσθενεῖ.

351 715 776 768 Ἀποστὲλλουσιν
819 721 866 768 αἱ
907 723 1121 783 γυναῖκες
1163 718 1282 785 πρὸς
1329 718 1412 770 τὸν
1454 719 1630 786 Κύριον
1671 721 1739 770 ἀεὶ
1778 719 1906 783 μέν5

277 796 508 848 θέλουσαι
543 798 685 849 αὐτὸν
712 799 833 868 ἔχειν
859 801 1072 864 πλησίον
1097 802 1289 864 ἑαυτῶν,
1319 801 1424 852 τότε
1459 802 1506 852 δὲ
1543 801 1865 868 εὐπροσώπως

278 886 417 930 τοῦτο
444 880 518 931 διὰ
555 879 637 931 τὸν
663 883 1004 949 ἀρρωστοῦντα
1037 889 1274 934 ποιοῦσαι.
1330 885 1576 934 ἐπίστευον
1601 883 1708 949 γὰρ,
1737 886 1798 937 ὡς
1827 887 1866 934 εἰ

238 977 260 1004 0
279 963 446 1029 φανείη
473 963 618 1026 μόνον
641 964 665 1013 ὁ
693 963 921 1030 Χριστὸς,
949 965 1284 1029 ἀπηλλάττετο
1312 969 1395 1028 τῆς
1421 965 1566 1017 νόσου
1594 967 1618 1016 ὁ
1645 966 1863 1029 κείμενος.

279 1045 696 1108 ὑπομιμνήσκουσι
725 1045 773 1096 δὲ
799 1049 881 1109 τῆς
908 1045 1096 1111 ἀγάπης
1130 1047 1184 1112 ἧς
1218 1045 1310 1114 εἶχε
1345 1047 1462 1113 πρὸς
1497 1046 1580 1098 τὸν
1607 1053 1862 1109 νοσοῦντα,

277 1124 494 1179 ἕλκοντες
533 1125 676 1177 αὐτὸν
710 1127 927 1191 μάλιστα
966 1127 1042 1178 διὰ
1079 1129 1247 1180 τούτου
1280 1131 1385 1180 ἐκεΐ’
1430 1128 1626 1197 ᾔδεισαν
1663 1128 1756 1195 γὰρ
1795 1128 1865 1180 ὅτι
1889 1150 1937 1176 10

276 1208 516 1275 ἐφρόντιζε
555 1209 738 1261 τούτου·
784 1213 861 1261 καὶ
900 1210 1103 1275 ἠδύνατο
1142 1211 1227 1275 μὲν
1259 1214 1334 1262 καὶ
1375 1210 1508 1263 ἀπὼν
1540 1214 1602 1265 ὡς
1635 1211 1756 1265 Θεὸς
1791 1212 1866 1262 καὶ

276 1289 335 1340 τὰ
361 1289 518 1341 πάντα
542 1294 791 1358 περιέπων,
819 1297 1108 1358 θεραπεῦσαι
1135 1293 1294 1344 αὐτόν·
1341 1294 1467 1358 ὅμως
1499 1293 1706 1360 ἐνόμιζον
1733 1293 1803 1344 ὅτι
1829 1297 1867 1344 εὶ

275 1374 603 1439 παραγένοιτο,
639 1376 715 1424 καὶ
754 1379 888 1442 χεῖρα
929 1376 1078 1444 ὀρέξει
1117 1378 1191 1426 καὶ
1230 1378 1391 1442 ἐγερεῖ·
1435 1377 1564 1427 οὔπω
1599 1375 1651 1426 τὸ
1687 1375 1867 1426 τέλειον

275 1457 357 1518 τῆς
383 1456 591 1509 πίστεως
618 1458 716 1507 οὐδ’
740 1457 877 1507 αῦται
904 1457 1115 1525 ἔχουσαι·
1151 1458 1226 1509 διὰ
1253 1464 1392 1509 τοῦτο
1418 1461 1494 1508 καὶ
1521 1461 1866 1525 δυσφοροῦσιν,

277 1539 339 1591 ὡς
379 1536 511 1600 εἰκὸς,
545 1537 749 1601 οἰόμεναι
787 1538 905 1603 μηδὲ
945 1541 1256 1606 ἀῤῥωστῆσαι
1296 1540 1418 1594 ὅλως
1457 1540 1540 1591 τὸν
1567 1539 1798 1606 Λάζαρον,
1830 1543 1866 1590 εἰ
1890 1558 1935 1596 15

277 1616 342 1682 μὴ
377 1617 622 1684 ἠμέλησεν
646 1621 790 1671 αὐτοῦ
824 1622 848 1671 ὁ
874 1621 1103 1687 Χριστός·
1145 1621 1302 1674 πάντα
1338 1622 1443 1688 γὰρ,
1472 1625 1637 1690 φασὶν,
1665 1621 1869 1689 ἐχόντων

278 1700 338 1751 τὰ
377 1701 536 1767 ἀγαθὰ
576 1707 670 1753 τῶν
709 1704 1035 1769 ἀγαπωμένων
1074 1705 1204 1770 παρὰ
1245 1708 1383 1766 Θεοῦ,
1424 1704 1499 1755 διὰ
1538 1705 1679 1755 ποίαν
1717 1705 1869 1755 αἰτίαν

235 1789 262 1829 d
280 1783 418 1837 αὐτὸς
444 1785 485 1836 ‘bv
512 1788 678 1853 φιλεῖς,
705 1784 896 1846 ἀσθενεῖς
932 1784 960 1850 ’ἦ
989 1789 1063 1837 καὶ
1089 1792 1226 1837 τοῦτο
1253 1787 1375 1854 τάχα
1401 1786 1530 1854 φασί
1553 1783 1760 1851 Μεγάλη
1786 1789 1869 1850 τῆς

281 1863 428 1917 νόσου
470 1866 498 1930 ἡ
539 1866 797 1933 θρασύτης,
838 1867 910 1918 ὅτι
955 1868 1313 1932 κατετόλμησεν
1355 1868 1599 1919 ἐπιθέσθαι
1640 1873 1734 1921 τοῖς
1778 1867 1868 1919 ὑπὸ

281 1951 407 1998 Θεοῦ
433 1949 777 2014 ἀγαπωμένοις.
831 1950 947 2004 ἴσως
984 1951 1030 2001 δέ
1065 1953 1139 2001 καὶ
1171 1951 1381 2001 τοιοῦτόν
1407 1974 1451 2001 τι
1486 1953 1680 2001 δοκοῦσι
1714 1948 1868 2016 λέγειν
1888 1969 1938 1994 20

278 2029 474 2095 Ἐπειδὴ
522 2033 599 2081 καὶ
639 2031 748 2086 τοὺς
793 2033 988 2100 ἐχθροὺς
1028 2035 1217 2102 ἀγαπᾷς
1260 2035 1335 2084 καὶ
1378 2033 1657 2099 θεραπεύεις,
1696 2037 1869 2102 πολλῷ

277 2117 470 2175 μᾶλλον
510 2118 764 2180 χρεωστεῖς
803 2118 866 2168 εἰς
903 2114 1013 2168 τοὺς
1051 2115 1336 2181 ἀγαπῶντάς
1375 2138 1432 2166 σε
1476 2121 1615 2165 τοῦτο
1656 2115 1865 2183 ἐνδείξα-

279 2198 409 2246 σθαι.
485 2195 688 2246 δυνάσαι
733 2195 827 2262 γὰρ
873 2198 921 2247 ἐν
964 2196 1094 2266 μόνῳ
1138 2202 1204 2266 τῷ
1249 2196 1407 2248 θέλειν
1451 2197 1606 2248 πάντα
1650 2199 1864 2261 ποιῆσαι.

280 2345 381 2379 Harl.
399 2344 467 2379 Ed.
518 2345 603 2379 Post
620 2346 656 2380 h.
667 2358 698 2380 v
717 2347 802 2391 πρὸς
825 2347 1262 2391 ἑαυτὴν-ἀπερισπάστως
1282 2359 1330 2381 ιιι
1350 2347 1537 2391 θερμοτέρα
1563 2347 1598 2380 δέ
1624 2346 1642 2390 ἡ
1670 2347 1795 2390 Μαρία,
1813 2347 1869 2380 διὰ

278 2394 339 2425 τοῦ
363 2391 608 2436 προσεδρεύειν
632 2393 898 2437 ἀπερισπάστως
918 2393 1201 2437 (ἀπερισπάστως
1225 2395 1468 2439 προσεδρευειν
1486 2394 1537 2437 k.)
1561 2396 1607 2440 τῷ
1634 2396 1772 2449 Χριστῷ
1798 2405 1827 2427 a.
1832 2394 1867 2428 k.

281 2438 358 2472 Cat.
381 2438 480 2472 Harl.
501 2438 567 2472 Ed.
692 2450 726 2484 3,
744 2453 778 2482 4.
808 2440 903 2473 Haec
923 2440 1079 2474 dederur
1083 2447 1096 2474 t
1113 2441 1147 2474 k
1167 2441 1306 2474 favente
1324 2453 1354 2474 a.
1481 2450 1514 2484 5.
1539 2429 1870 2474 Ἀποστέλλουσι-

280 2484 422 2530 Κυριον]
442 2484 742 2520 Ἀποστέλλουσιν
765 2485 822 2520 οῦν
844 2488 929 2530 πρὸς
955 2486 1078 2532 Κύριον
1100 2489 1133 2521 αἱ
1158 2490 1217 2520 τοῦ
1236 2489 1390 2531 Λαζάρου
1416 2487 1564 2531 ἀδελφαὶ
1584 2500 1630 2521 ιιι.
1703 2488 1788 2531 πρὸς
1812 2488 1871 2520 τὸν

279 2531 405 2576 Κυριον
422 2533 455 2565 αἱ
472 2534 625 2576 γυναῖκες
642 2533 781 2566 inverso
799 2533 920 2567 ordine
939 2546 966 2567 a.
971 2535 1006 2567 k.
1173 2534 1205 2568 6.
1233 2533 1432 2568 θέλουσαι”
1414 2549 1505 2578 εχειν
1521 2534 1702 2577 πλησίον’
1686 2535 1805 2567 εαυτὸν
1822 2545 1869 2568 ιιι.

281 2587 314 2623 7.
339 2581 440 2612 τοῦτο
458 2585 539 2623 post
556 2579 799 2624 ἀρρωστοῦντα
818 2587 866 2613 tro
862 2592 893 2613 A}
899 2581 1015 2624 sponlt
1032 2592 1080 2614 m.
1203 2582 1236 2615 8.
1262 2581 1498 2624 ἀπηλλάττετο
1516 2593 1545 2614 a.
1550 2581 1585 2613 k.
1590 2593 1637 2614 m.
1655 2580 1869 2624 ἀπαλλαγείη

282 2624 358 2659 Cat.
382 2625 480 2659 Harl.
502 2625 567 2660 Ed.
762 2638 814 2661 10.
837 2627 996 2662 ἕλκοντες
1013 2639 1043 2660 a.
1048 2628 1083 2661 k.
1087 2639 1133 2661 m.
1150 2627 1316 2662 ἕλκουσαι
1337 2628 1413 2661 Cat.
1435 2628 1534 2661 Harl.
1554 2627 1622 2661 Ed.
1717 2628 1871 2670 μάλιστα

280 2678 504 2716 assumptum
523 2684 564 2706 ex
583 2684 629 2706 m.
763 2684 815 2707 11.
842 2673 978 2708 δύναται
996 2686 1044 2708 m.
1178 2686 1230 2719 13,
1253 2685 1305 2716 14.
1331 2688 1556 2719 παραγενοιτο
1574 2688 1627 2707 και
1644 2675 1742 2717 χεῖρα
1760 2673 1871 2717 ὀρεξει

283 2717 419 2763 [χεῖραν
436 2718 547 2762 ὀρεξει
566 2719 647 2763 (sic)
665 2719 741 2753 Cod
746 2718 1066 2765 .]-δυσφορουσιν
1082 2733 1130 2754 m.
1148 2723 1270 2765 παρῆν,
1288 2723 1387 2766 χεῖρα
1405 2721 1444 2754 ἂν
1461 2720 1590 2764 ὀρέξας
1609 2723 1740 2777 η’γειρεν
1757 2720 1870 2753 αυτόν.

281 2765 505 2810 δυσφοροῦσι
522 2766 557 2799 δέ
577 2766 662 2799 Nik.
682 2766 750 2801 Ed.
817 2767 977 2801 Statim
961 2782 1005 2802 ως
1022 2768 1109 2802 εἰκὸς
1126 2779 1195 2802 om.
1215 2780 1262 2802 m.
1440 2778 1492 2811 15.
1517 2766 1683 2811 οἰόμεναι]
1704 2765 1815 2809 οἴομαι
1833 2766 1870 2799 δὲ

282 2811 377 2845 Aub.
523 2812 576 2847 16.
603 2814 713 2858 φησὶν
730 2825 760 2847 ιι.
763 2814 798 2846 k.
803 2826 851 2848 m.
989 2824 1041 2859 17.
1069 2817 1143 2848 Θεῶ
1162 2827 1208 2849 ιιι.
1355 2814 1408 2848 18.
1434 2814 1534 2848 αὐτὸς
1551 2825 1621 2847 οιιι.
1640 2825 1669 2846 a.
1674 2825 1720 2846 m.
1739 2812 1871 2846 habent

282 2857 318 2890 k.
340 2857 417 2891 Cat.
441 2857 540 2892 Harl.
620 2861 708 2905 τάχα
726 2866 897 2904 assumpt
894 2872 952 2894 un
970 2872 1012 2894 ex
1030 2873 1076 2894 m.
1157 2861 1249 2905 φασι
1266 2860 1398 2895 habent
1415 2861 1450 2894 k.
1453 2872 1500 2894 m.
1581 2859 1599 2901 ἡ
1618 2861 1676 2902 τῆς
1693 2860 1798 2893 νόσου
1814 2859 1868 2892 in-

282 2915 384 2937 verso
402 2904 524 2938 ordine
543 2917 590 2940 ιιι.
769 2917 824 2940 20.
850 2906 935 2942 ἴσως
952 2919 1000 2940 ιιι.
1019 2908 1106 2953 τάχα
1125 2907 1209 2942 Nik.
1228 2907 1295 2943 Ed.
1463 2917 1518 2940 21.
1544 2907 1598 2940 καὶ
1616 2906 1713 2950 prius
1731 2917 1802 2940 om.
1820 2916 1868 2940 m.

282 2950 373 2984 πολὺ
391 2950 461 2984 a.k.
478 2952 601 2998 πολλῷ
619 2951 752 2987 habent
770 2965 816 2988 ιιι.
836 2953 914 2989 Cat.
936 2954 1036 2988 Harl.
