2016 3246
299 145 381 185 111«
699 148 748 188 Β.
784 145 1061 187 CYRILLI
1104 141 1485 184 ALEXANDR.
1712 135 1885 185 viii.51.

298 255 419 321 ζωὴν
463 255 651 307 διδόντα
695 255 782 320 τὴν
828 254 1015 305 αἰώνιον
1067 257 1161 307 τοῖς
1204 250 1426 302 ἐθέλουσι
1469 252 1607 318 τηρεῖν
1646 247 1711 297 τὸν
1756 244 1888 308 λόγον

301 338 457 388 αὐτοῦ.
500 336 529 402 ὴ
557 338 651 405 γὰρ
679 338 781 405 οὐχὶ
809 336 929 387 κατὰ
957 335 1106 404 φύσιν
1129 333 1354 400 ὑπάρχων
1375 331 1496 385 Θεὸς
1522 331 1596 381 καὶ
1623 327 1697 379 διὰ
1723 324 1890 377 τούτου

299 419 635 485 γνωσθήσεται
653 442 666 482 ;
711 420 800 469 τίνι
833 417 926 484 γὰρ
960 416 1017 468 ἂν
1043 416 1184 485 ἑτέρῳ
1215 414 1385 482 πρέποι
1420 412 1473 464 τὸ
1511 411 1743 462 δύνασθαι
1769 407 1887 474 ζωο-

300 506 448 553 ποιεῖν
473 504 620 552 εἰσαεὶ
644 500 752 554 τους
777 505 871 552 τῶν
897 500 1008 565 παρ’
1038 500 1180 549 αὐτοῦ
1208 495 1528 564 ἀκροωμένους
1555 492 1729 557 λόγων,
1757 493 1794 539 εἰ
1827 486 1891 551 μὴ

303 667 357 716 οὐ
382 664 761 732 παραβαίνοντάς
787 686 911 717 τινος
943 661 1029 726 τὴν
1056 662 1185 713 θείαν
1211 659 1423 724 ἐντολὴν,
1451 659 1560 709 ἀλλ’
1590 653 1894 717 ἐνισταμένου

303 749 379 798 καὶ
418 749 623 813 δρῶντος
661 748 895 810 ἀμελλητὶ
934 743 988 795 τὸ
1029 742 1409 805 κεκελευσμένον,
1446 742 1521 792 καὶ
1561 737 1680 789 κατὰ
1718 734 1895 800 μηδένα

304 829 481 894 τρόπον
519 829 586 880 ἐπ’
625 829 768 897 ἀργίᾳ
806 832 901 878 τῶν
939 827 1073 877 θείων
1112 824 1520 891 κατηγορουμένου
1561 821 1730 883 νόμων.
1790 818 1892 868 ε’πι-

305 911 431 977 τήρει
471 910 519 961 δὲ
557 910 705 962 πάλιν
743 910 864 974 ὅσην
904 911 928 960 ὁ
968 908 1115 974 λόγος
1153 908 1247 975 ἔχει
1286 905 1370 970 τὴν
1409 906 1665 972 ἀκρίβειαν·
1711 901 1764 951 οὐ
1803 898 1897 964 γὰρ

305 993 533 1060 ἠνέσχετο
565 992 718 1057 λέγειν
743 991 862 1042 Ἐάν
889 1014 957 1044 τις
994 991 1076 1041 τὸν
1102 989 1215 1054 ἐμὸν
1241 988 1425 1056 ἀκούσῃ
1463 986 1627 1051 λόγον,
1654 984 1764 1034 ἀλλ’
1792 980 1898 1031 Ἐάν

308 1099 371 1129 τις
407 1075 473 1126 τὶν
500 1074 598 1142 ἐμὶν
624 1076 758 1140 λόγον
782 1077 950 1146 τηρήσῃ.
1006 1073 1220 1139 δέχονται
1255 1071 1339 1135 μὲν
1370 1069 1463 1136 γὰρ
1498 1073 1559 1122 εἰς
1596 1068 1675 1121 οὖς
1709 1063 1791 1116 τὸν
1816 1068 1900 1113 τοῦ

308 1161 434 1208 Θεοῦ
462 1156 625 1221 λόγον,
654 1157 737 1207 οὐκ
772 1156 1012 1221 ἄνθρωποι
1043 1154 1188 1217 μόνον
1215 1153 1444 1219 ἁμαρτίας
1475 1151 1640 1218 ἔνοχοι,
1670 1146 1800 1199 ἀλλὰ
1825 1146 1901 1195 καὶ

308 1238 422 1290 αὐτὸ
457 1243 551 1290 τῶν
579 1238 814 1302 δαιμόνων
838 1237 892 1289 τὸ
928 1235 1125 1288 ἀνόσιον
1151 1240 1342 1302 στῖφος·
1388 1235 1463 1286 καὶ
1499 1239 1614 1298 γοῦν
1647 1233 1672 1282 ὁ
1707 1227 1901 1281 πάντων

85 1335 169 1370 573
184 1333 233 1367 A·
271 1320 568 1387 αὴγούμενος
605 1325 835 1382 Σατανᾶς,
869 1319 944 1370 ὅτε
984 1317 1067 1369 τὸν
1096 1318 1275 1383 Κύριον
1310 1317 1442 1381 ἡμῶν
1468 1317 1658 1376 Ἰησοῦν
1683 1308 1902 1379 Χριστὸν

86 1418 177 1448 Aeta
193 1416 249 1447 SS
309 1402 540 1469 πειράζειν
571 1401 751 1466 ἐτόλμα
785 1401 905 1453 κατὰ
935 1400 1020 1466 τὴν
1052 1401 1239 1467 ἔρημον,
1268 1399 1500 1465 λακτίζων
1525 1402 1587 1451 εἷς
1621 1396 1789 1461 κε’ντρα
1826 1390 1902 1443 διὰ

84 1461 152 1501 Ap.
160 1460 249 1491 xxvi.

90 1513 140 1544 14.

89 1580 122 1612 S.
136 1581 217 1611 Luc.

88 1625 129 1654 iv.
146 1633 193 1654 10.

90 1667 145 1698 Ps.
162 1678 213 1698 xc.

93 1720 106 1741 1
116 1719 142 1742 1.

310 1484 503 1548 πολλὴν
541 1485 671 1548 ἠθῶν
709 1483 980 1549 ἀγριότητα,
1021 1485 1096 1533 καὶ
1141 1486 1264 1532 θεῖον
1303 1481 1429 1549 αὐτῷ
1472 1478 1709 1545 παρετίθει
1754 1474 1902 1540 λόγον

313 1574 339 1596 “
367 1567 640 1633 Γέγραπται
667 1565 831 1635 φήσας
858 1565 929 1616 ὅτι
964 1570 1060 1618 τοῖς
1095 1562 1318 1629 ἀγγέλοις
1352 1563 1496 1612 αὐτοῦ
1521 1563 1771 1612 ἐντελεῖται
1796 1558 1902 1623 περὶ

314 1657 341 1679 “
367 1655 459 1700 σοῦ
484 1655 566 1700 τοῦ
595 1647 889 1716 διαφυλάξαι
915 1669 973 1697 σε
1001 1648 1048 1697 ἐν
1073 1644 1253 1698 πάσαις
1279 1650 1380 1697 ταῖς
1407 1645 1529 1697 ὁδοῖς
1556 1643 1693 1694 σου.”
1735 1641 1903 1692 οὐκοῦν

314 1732 397 1782 οὐκ
423 1732 471 1782 ἐν
497 1728 721 1796 ἀκροάσει
757 1733 884 1798 ψιλῇ
924 1731 1007 1792 τῆς
1044 1727 1284 1794 σωτηρίας
1321 1728 1345 1777 ὁ
1382 1726 1542 1791 λόγος,
1569 1723 1673 1775 οὐδὲ
1699 1725 1749 1774 ἐν
1774 1722 1903 1792 μόνῳ

313 1815 380 1882 τῷ
424 1817 590 1876 μαθεῖν
631 1812 659 1875 ἡ
705 1810 812 1878 ζωὴ,
851 1809 963 1860 ἀλλ’
1003 1811 1051 1861 ἐν
1089 1813 1156 1878 τῷ
1197 1811 1404 1875 τηρῆσαι
1444 1806 1499 1858 τὸ
1541 1804 1789 1868 ἀκουσθέν,
1828 1806 1903 1855 καὶ

315 1893 481 1960 ὥσπερ
520 1893 625 1945 τινὰ
664 1893 835 1944 κανόνα
875 1894 951 1943 καὶ
990 1889 1188 1958 ὁριστὴν
1227 1896 1309 1942 τοῦ
1350 1891 1471 1951 βίου,
1506 1887 1588 1939 τὸν
1621 1892 1744 1939 θεῖον
1778 1887 1904 1954 αὐτῷ

476 1978 483 1993 Ι
631 1975 640 1990 Ι
910 1976 923 1991 X
989 1973 1000 1991 Χ
1029 1973 1050 1990 (Ψ
1168 1972 1176 1985 Ι
1360 1976 1368 1987 ³
1444 1969 1459 1985 Χ
1492 1972 1514 1987 ’l
1611 1975 1619 1986 ἢ
1695 1968 1710 1985 Χ
1805 1967 1853 1984 ’Ν

315 1980 553 2043 παρετιθει
583 1983 745 2039 λογον.
802 1979 925 2043 φησι
953 1977 1000 2025 δε
1027 1996 1098 2024 οτι
1125 1972 1302 2024 &amm
1331 1997 1374 2023 ου
1404 1997 1465 2037 μη
1493 1968 1557 2045 ιδῃ
1587 1994 1644 2025 εις
1671 1994 1739 2020 τον
1765 1991 1904 2019 amm

273 2065 300 2106 b
318 2063 412 2109 τῶν
439 2058 581 2108 αὐτοῦ
615 2056 837 2124 ῥημάτων
865 2058 889 2106 ὁ
914 2055 1107 2117 βέβαιος
1134 2054 1314 2123 φύλαξ,
1342 2054 1444 2120 οὐχὶ
1479 2051 1668 2105 πάντως
1703 2053 1906 2116 ἀναιρῶν

317 2139 372 2191 τὸ
411 2139 628 2190 τεθνάναι
667 2141 825 2205 σαρκὶ,
862 2138 972 2188 ἀλλ’
1011 2137 1039 2202 ὴ
1079 2137 1162 2188 τὸν
1201 2135 1406 2188 θάνατον
1444 2133 1558 2186 εἶναι
1597 2132 1802 2185 θάνατον
1841 2130 1906 2195 μὴ

317 2221 620 2287 λογιζόμενος
667 2223 728 2273 ὡς
773 2218 912 2272 &⁶69-
978 2218 1110 2270 οὐδὲν
1155 2217 1249 2284 γὰρ
1296 2218 1422 2286 αὐτῷ
1469 2216 1523 2267 τὸ
1569 2214 1746 2282 νεκρὸν,
1790 2211 1906 2265 καθὸ

317 2303 497 2370 πέφυκε
543 2305 619 2352 καὶ
664 2301 718 2352 τὸ
763 2300 827 2365 μὴ
881 2298 934 2351 ὂν
979 2300 1111 2365 ἄγειν
1156 2304 1218 2353 εἷς
1263 2298 1462 2365 γένεσιν,
1505 2299 1580 2348 καὶ
1624 2296 1678 2348 τὸ
1723 2295 1908 2364 ἐνεχθὲν

320 2384 706 2453 κατεφθαρμένον
745 2382 950 2435 εὐκόλως
989 2381 1241 2447 ζωοποιεῖν·
1289 2379 1318 2445 ὴ
1358 2377 1535 2431 θάνατον
1573 2379 1656 2429 οὐκ
1695 2378 1908 2447 ὄψεσθαι

320 2465 428 2520 τοὺς
455 2465 614 2532 ἁγίους
643 2466 793 2532 φησὶν
822 2470 879 2519 εἷς
908 2464 1045 2515 οιὶῶνοι
1071 2463 1154 2514 τὸν
1179 2461 1442 2527 μέλλοντα,
1469 2460 1518 2515 ’ὸς
1545 2460 1602 2525 δὴ
1634 2463 1710 2511 καὶ
1741 2461 1909 2526 κυρίως

319 2571 369 2599 τε
410 2549 485 2599 καὶ
525 2546 851 2613 ἀληθέστερον
891 2544 1005 2596 αἰὼν
1044 2544 1229 2598 εἰκότως
1277 2548 1429 2594 νοοῖτο
1469 2542 1613 2609 πέρας
1652 2543 1736 2593 οὐκ
1773 2541 1907 2610 ἔχων,

373 2682 402 2705 Ῑ.
429 2670 589 2705 ἐθέλουσι
608 2669 650 2704 Β.
669 2668 809 2703 θέλουσι
828 2667 896 2702 Ed.
1168 2675 1199 2712 7.
1225 2665 1391 2709 ἀμελλητὶ
1410 2665 1452 2699 Β.
1473 2664 1608 2710 Migne.
1626 2663 1769 2708 ἀμελητὶ
1788 2662 1908 2698 Holst.

324 2717 391 2751 Ed.
554 2718 587 2751 8.
612 2720 679 2750 τῶν
696 2716 795 2750 θείων
812 2713 1102 2759 κατηγορουμένου
1121 2716 1230 2757 νόμων
1250 2713 1291 2747 Β.
1309 2715 1369 2746 τοῦ
1386 2712 1478 2746 θείου
1497 2710 1787 2756 κατηγορουμένου
1805 2711 1908 2753 νόμου

324 2764 392 2797 Ed.
648 2773 701 2797 10.
726 2765 792 2796 τῶν
810 2762 898 2805 ε’μῶν
914 2760 1042 2804 ἀκούσῃ
1061 2762 1168 2805 λόγον
1186 2760 1266 2803 (sic)
1288 2759 1329 2793 B.
1348 2759 1406 2793 τὸν
1424 2759 1503 2801 ἐμὸν
1520 2757 1648 2801 ἀκούσῃ
1667 2759 1773 2800 λόγον
1788 2767 1906 2790 emen-

324 2809 419 2842 davit
438 2810 502 2843 Ht.
689 2820 744 2842 21.
772 2809 870 2842 θείων
886 2808 995 2842 αὐτῶν
1011 2807 1184 2850 παρετίθει
1201 2808 1315 2850 λόγων
1334 2805 1376 2839 Β.
1395 2805 1486 2839 θεῖον
1501 2805 1590 2850 αὐτῷ
1611 2803 1783 2848 παρετίθει
1802 2804 1909 2847 λόγον

323 2855 522 2889 emendavit
542 2855 605 2889 Ht.
624 2861 658 2889 et
678 2856 726 2889 sic
749 2854 854 2889 edidi.
878 2854 969 2888 θεῖον
987 2853 1200 2897 ποιήσασθαι
1225 2854 1331 2897 λόγον
1352 2851 1446 2885 unde
1472 2851 1650 2894 corrigens
1678 2850 1793 2883 nescio
1810 2849 1906 2882 Aub.

325 2901 434 2934 Deest
452 2903 608 2935 clausula
626 2902 661 2935 in
679 2913 709 2935 a.
871 2902 926 2935 28.
953 2899 1016 2945 εἷς]
1044 2906 1075 2938 -4-
1099 2901 1158 2934 τὸν
1175 2912 1204 2933 a.
1294 2899 1338 2934 ὡς
1357 2897 1546 2940 δὴ-αἷῶνα
1566 2896 1607 2930 Β.
1628 2896 1691 2930 Ht.
1710 2895 1909 2930 emendavit

323 2958 341 2981 e
363 2946 440 2982 Cat.
462 2947 560 2981 Harl.
582 2952 620 2982 ut
638 2947 708 2981 vid.
727 2947 822 2982 Aub.
892 2947 1018 2981 Statim
1036 2947 1172 2981 εἰκότως
1190 2947 1301 2980 νοοῖτο
1321 2945 1362 2979 Β.
1385 2944 1446 2978 Ht.
1465 2944 1589 2978 νοεῖται
1606 2942 1702 2976 Aub.

264 597 286 624 θ
303 587 370 652 τῷ
395 607 451 649 γε
477 583 576 634 ὅντι
603 582 723 634 κατὰ
749 583 899 651 φύσιν
917 585 1055 650 Θεῷ,
1088 585 1293 646 τηρεῖται
1320 577 1470 644 γεμὴν
1492 577 1515 626 ὁ
1542 574 1687 640 λόγος
1713 574 1737 623 ὁ
1759 576 1890 632 θεῖος,
1913 586 1935 623 5

1922 1002 1969 1026 10

1926 1826 1976 1852 20
