2037 3266
334 127 420 168 346
738 127 788 169 B.
822 127 1099 170 CYRILLI
1139 126 1523 169 ALEXANDR.
1718 125 1807 168 xiii.
1822 125 1919 166 6-8.

333 236 626 304 συνεδρεύων
663 237 884 303 δηλονότι
922 241 989 307 τῷ
1028 237 1128 306 ἰδίῳ
1165 236 1425 303 γεννήτορι,
1461 235 1702 300 τοσαύτην
1740 235 1923 298 ὑπέστη

334 318 420 383 τὴν
446 321 746 383 ταπείνωσιν,
767 322 830 373 ὡς
856 322 1008 389 λεντίῳ
1034 318 1119 382 μὲν
1145 318 1486 385 διαζώσασθαι,
1505 322 1600 368 τῶν
1627 316 1676 368 δὲ
1701 320 1925 380 μαθητῶν

336 400 570 467 ἀπονίζειν
598 401 693 457 τοὺς
733 399 898 457 πόθοις.
954 401 1139 468 ἔχοντες
1178 401 1334 451 τοίνυν
1369 401 1580 451 ἐντεῦθεν
1614 400 1812 465 ἄριστον
1842 400 1925 461 τῆς

297 483 582 544 εεύλαβείας
611 481 939 549 ὑπογραμμὸν,
966 484 1043 533 καὶ
1077 484 1161 545 τῆς
1197 485 1260 535 εἰς
1294 480 1542 545 ἀλλήλους
1576 481 1764 546 ἀγάπης
1788 501 1919 544 περι-

336 564 641 633 φανεστάτην
682 563 849 626 εἰκόνα,
884 563 1049 630 μέτρια
1086 562 1171 626 μὲν
1208 568 1472 631 φρονῶμεν,
1507 565 1758 629 ἀγαπητοὶ,
1790 561 1920 627 ἡγώ·
1945 569 1968 608 5

333 651 456 712 μεθα
499 646 548 698 δὲ
587 646 696 700 τοὺς
737 644 977 714 ἀδελφοὺς
1014 644 1074 697 τὰ
1113 644 1253 710 μείζω
1297 648 1556 709 κεκτῆσθαι
1596 649 1691 696 τῶν
1730 645 1779 694 ἐν
1816 644 1925 708 ἡμῖν

333 727 774 793 πλεονεκτημάτων,
808 726 896 778 κᾶν
932 726 1219 795 ὑπάρχωμεν
1253 728 1439 793 ἀγαθοί.
1495 732 1634 778 τοῦτο
1672 726 1766 793 γὰρ
1805 727 1926 790 ἡμᾶς

335 811 360 861 ὁ
397 810 546 876 μέγας
586 811 721 865 οὗτος
760 808 1072 876 ὑπογραμμὸς
1108 810 1347 861 ἀναπείθει
1387 813 1578 878 φρονεῖν
1609 832 1657 860 τε
1698 810 1772 859 καὶ
1811 808 1925 870 βού-

335 896 522 944 λεσθαι.

293 1070 531 1133 6Ἔρχεται
566 1073 640 1117 οὖν
668 1074 727 1117 εἷς
761 1075 938 1124 Σίμωνα
970 1076 1149 1133 Πέτρον·
1196 1076 1265 1117 καὶ
1299 1076 1413 1123 λέτει
1447 1076 1565 1130 αὐτῷ
1598 1074 1735 1132 Κύριε,
1762 1075 1810 1117 σύ
1844 1088 1924 1123 μου
1948 1082 1998 1108 10

113 1197 249 1235 722A
295 1150 319 1232 Ξ
403 1158 564 1201 νίπτεις
612 1159 712 1200 τοὺς
761 1159 926 1211 Πόὸαε;
979 1158 1190 1216 ἀπεκρίθΗ
1227 1159 1397 1201 ἸΗσοῡε
1442 1158 1511 1199 καὶ
1553 1154 1671 1199 εἶπεν
1715 1158 1834 1212 αὐτῷ
1868 1157 1924 1198 ιιΟ

293 1252 316 1288 8
402 1241 489 1289 (esd)
527 1242 641 1283 Ποιώ
682 1242 729 1284 σὺ
770 1242 846 1283 οὐκ
885 1238 1007 1284 οἶδας
1045 1243 1156 1300 ἄρτι,
1196 1241 1337 1300 Γνώσῌ
1377 1242 1422 1283 δὲ
1460 1242 1566 1291 μετὰ
1603 1245 1753 1283 ταῦτα.
1812 1241 1925 1288 λεΤει

401 1325 520 1380 αὐτῷ
552 1326 716 1383 Πέτρος
749 1325 808 1367 Οὐ
841 1325 897 1375 μή
933 1324 1055 1383 νίψῌε
1087 1340 1167 1373 μου
1200 1325 1299 1367 τοὺς
1333 1324 1470 1367 Πόὸαο
1503 1323 1563 1366 εἷς
1600 1325 1671 1366 τὸν
1705 1322 1857 1365 αἰῶνα.

408 1438 711 1505 Θερμότερόν
745 1463 846 1493 πως
891 1441 960 1490 ἀεὶ
1006 1445 1088 1490 τοῦ
1129 1438 1314 1505 Πέτρου
1354 1439 1409 1490 τὸ
1449 1439 1639 1503 κίνημα,
1682 1440 1757 1489 καὶ
1797 1437 1924 1490 πολὺ

333 1521 621 1587 γοργότερον
668 1525 731 1574 εἰς
775 1519 1039 1583 εὐλάβειαν,
1083 1520 1322 1588 θεωρήσαι
1367 1545 1437 1575 τις
1483 1521 1540 1572 ἂν
1585 1523 1633 1571 ἐν
1677 1520 1820 1583 ὅλοις,
1862 1522 1923 1574 ὡς
1948 1538 1995 1578 15

334 1603 446 1656 ἔπος
484 1606 641 1665 εἰπεῖν,
673 1607 770 1656 τοῖς
809 1602 1181 1669 συγγράμμασι.
1235 1603 1473 1670 τοιγάρτοι
1509 1605 1585 1654 καὶ
1622 1608 1704 1654 νῦν
1734 1602 1824 1653 ἔθει
1859 1606 1925 1672 τῷ

336 1685 436 1754 ἰδίῳ
474 1684 899 1749 κατακολουθήσας
938 1687 1014 1736 καὶ
1051 1684 1228 1755 τρόπῳ,
1259 1685 1313 1736 τὸ
1349 1684 1662 1748 σεσωσμένον
1692 1683 1748 1748 δὴ
1787 1690 1926 1735 τοῦτο

292 1770 420 1830 ϋτῆς
469 1769 531 1820 εἰς
582 1767 727 1833 ὀίκρον
771 1767 979 1831 ἡκούσης
1023 1767 1462 1836 ταπεινοφροσύνης
1512 1791 1562 1818 τε
1612 1770 1688 1817 καὶ
1738 1764 1927 1832 ἀγάπης

335 1853 622 1915 παρωθεῖται
656 1849 866 1913 μάθημα,
893 1850 962 1903 τίς
998 1849 1083 1913 μὲν
1117 1850 1256 1903 αὐτὸς
1294 1850 1362 1914 ε’ίη
1402 1848 1522 1900 κατὰ
1560 1848 1711 1917 φύσιν
1741 1850 1925 1911 ἐννοῶν,

334 1931 404 1984 τίς
440 1930 487 1982 δ’
515 1932 573 1981 αὖ
608 1930 759 1982 πάλιν
786 1933 810 1982 ὁ
848 1929 931 1982 τὸν
961 1935 1164 1998 νιπτῆρα
1198 1931 1532 1998 παρακομίζων
1559 1932 1700 2000 αὐτῷ,
1727 1933 1803 1981 καὶ
1839 1930 1925 1994 τὴν
1946 1955 1997 1981 20

336 2011 514 2063 οἰκέτου
550 2014 712 2080 χρείαν
739 2015 1053 2080 ἀποπληροῦν
1079 2015 1132 2064 οὐ
1166 2013 1556 2080 παραιτούμενος.
1612 2017 1808 2079 θορυβεῖ
1832 2011 1926 2079 γὰρ

334 2094 388 2144 οὐ
423 2094 620 2160 μετρίως
657 2093 800 2145 αὐτὸν
826 2094 1152 2160 ἀπαράδεκτόν
1186 2119 1285 2148 πως
1325 2099 1388 2148 εἰς
1425 2096 1591 2146 πίστιν
1626 2094 1839 2161 ὑπάρχον
1872 2093 1925 2144 τὸ

333 2180 548 2241 πρᾶγμα,
575 2178 650 2226 καὶ
677 2180 714 2227 εἰ
739 2181 942 2229 πολλοῖς
970 2177 1120 2245 ὁρῷτο
1146 2177 1291 2244 τυχὸν
1317 2178 1602 2244 ὀφθαλμοῖς.
1655 2179 1723 2230 τίς
1749 2176 1842 2242 γὰρ
1868 2175 1926 2226 ἂν

335 2258 419 2307 οὐκ
457 2258 620 2326 ε”φριξε
657 2257 836 2321 μαθὼν,
866 2260 927 2310 ὡς
964 2259 988 2307 ὁ
1028 2262 1123 2308 τῶν
1156 2258 1284 2309 ὅλων
1315 2257 1433 2322 μετὰ
1469 2257 1661 2324 Πατρός
1700 2257 1926 2324 ὑπάρχων

298 2338 530 2405 ΟΚύριος,
568 2338 874 2405 οἰκτροτάτην
913 2340 1035 2390 οὕτω
1074 2338 1158 2403 τὴν
1198 2340 1414 2390 δουλείαν
1451 2339 1571 2405 πρὸς
1614 2338 1722 2393 τοὺς
1760 2341 1924 2390 ἑαυτοῦ
1946 2359 1994 2398 25

336 2419 551 2485 μαθητὰς
593 2420 874 2489 ἐπεδείξατο,
919 2423 981 2474 ὡς
1029 2423 1106 2471 καὶ
1152 2421 1267 2487 ὅπερ
1315 2419 1429 2472 εἶναι
1479 2423 1608 2472 δοκεῖ
1649 2420 1780 2487 παρὰ
1829 2426 1925 2476 τοῖς

336 2502 534 2555 οἰκέταις
571 2501 658 2566 τὴν
696 2502 906 2570 ἐσχάτην
945 2503 1113 2571 ἐπέχον
1150 2502 1301 2572 τάξιν,
1337 2508 1476 2554 τοῦτο
1515 2505 1590 2553 καὶ
1629 2503 1763 2566 μάλα
1801 2525 1919 2568 προ-

336 2583 496 2648 θύμως
541 2586 768 2648 ἐθελῆσαι
820 2587 937 2651 δρᾶν
980 2584 1136 2648 αὑτὸν,
1183 2589 1244 2639 εἰς
1297 2584 1612 2651 ὑπογραμμὸν
1654 2586 1731 2636 καὶ
1775 2584 1926 2636 τύπον

336 2666 526 2733 μετρίου
558 2665 891 2735 φρονήματος;
934 2666 1051 2718 δέδιε
1088 2673 1339 2734 τοιγαροῦν
1365 2669 1389 2718 ὁ
1427 2666 1682 2721 θεσπέσιος
1713 2665 1925 2731 μαθητὴς

389 2843 418 2865 1.
446 2832 682 2875 συνεδρεὺσων
699 2844 729 2866 a.
747 2832 881 2876 ἀνίησιν
899 2838 931 2866 et
950 2832 1162 2877 συνεδρεύων
1179 2833 1311 2868 habent
1329 2845 1359 2867 c.
1381 2832 1489 2867 Cord.
1585 2843 1618 2877 3.
1643 2832 1789 2866 ἀπονιπτ
1807 2846 1824 2865 ν
1842 2831 1923 2876 (sic)

337 2889 368 2912 C.
387 2878 554 2921 ἀπονίζειν
571 2879 677 2913 habet
696 2878 803 2913 Cord.
876 2880 1017 2924 ἔχοντας
1035 2880 1131 2915 Aub.
1276 2891 1330 2925 13.
1356 2894 1421 2925 μου
1438 2879 1516 2915 τοὺς
1532 2880 1640 2914 πόδας
1656 2879 1723 2914 hoe
1740 2878 1861 2913 ordine
1880 2879 1923 2914 E.

338 2924 457 2969 αἰῶνα]
482 2930 517 2965 -4-
539 2925 702 2969 ἀπεκρίθη
721 2926 809 2972 αὐτῷ
829 2928 846 2959 ὁ
864 2925 998 2971 Ἰησοῦς
1017 2926 1084 2960 Ed.
