2037 3266
340 141 425 180 426
744 143 794 184 B.
829 144 1102 186 CYRILLI
1144 147 1529 189 ALEXANDR.
1786 147 1869 187 xiv.
1889 161 1928 202 9.

296 250 643 317 Ιοδημιουργὸς,
695 252 755 304 τὰ
805 255 887 305 οὐκ
940 254 1054 306 ὄντα
1103 256 1216 307 ποτὲ
1273 261 1435 308 καλῶν
1486 260 1547 310 εἷς
1598 257 1801 323 γε’νεσιν,
1851 259 1928 308 καὶ

340 332 555 400 συνέχων
581 338 643 388 εἷς
675 334 730 386 τὸ
765 334 880 388 εἶναι
915 336 975 387 τὰ
1008 336 1179 401 πάντα,
1206 339 1282 389 καὶ
1318 338 1576 405 ζωογονῶν,
1604 338 1742 393 αὐτὸς
1773 340 1927 408 σοφία

339 414 416 464 καὶ
443 416 649 480 δύναμις,
676 418 887 484 χρηστὸς
913 421 989 469 καὶ
1016 420 1268 486 οἰκτίρμων
1294 423 1369 471 καὶ
1396 421 1620 485 ἐλεήμων.
1673 420 1852 472 τούτων
1878 420 1926 472 δὲ

338 495 392 547 τὸ
416 498 644 563 παράπαν
671 499 802 550 οὐδὲν
827 501 874 550 ἐν
900 502 1028 565 πυρί.
1081 503 1134 551 οὐ
1161 501 1254 567 γὰρ
1281 501 1339 553 ἂν
1367 503 1508 554 οἴοιτό
1543 526 1626 565 τις,
1653 503 1695 553 εἴ
1724 526 1779 568 γε
1815 509 1926 554 νοῦν

337 578 447 646 ἔχοι,
474 579 688 647 χρηστὸν
721 583 797 631 καὶ
837 582 1183 648 φιλάνθρωπον
1213 582 1327 635 εἶναι
1361 584 1415 636 τὸ
1450 591 1559 651 πῦρ,
1587 584 1691 636 οὐδὲ
1729 587 1823 651 ε’ρεῖ
1855 607 1924 638 τις

337 666 619 730 σωφρονῶν,
647 665 708 716 ὡς
732 663 800 727 εἰἠ
827 662 913 726 μὲν
941 666 1287 731 δημιουργικὸν,
1316 666 1475 735 σοφόν
1500 691 1549 719 τε
1576 669 1650 718 καὶ
1678 667 1924 733 ζωογόνον.

337 741 434 794 εἶτα
469 749 568 797 πῶς
604 745 662 795 ἄν
688 768 769 807 τις,
798 746 906 796 εἰπέ
928 769 1023 810 μοι,
1050 746 1125 797 διὰ
1157 746 1305 814 πυρὸς
1341 748 1425 803 τὰς
1460 751 1565 816 περὶ
1599 752 1682 813 τῆς
1716 751 1925 813 ἀληθοῦς

337 826 559 890 θεότητος
596 828 774 881 ἐννοίας
812 828 1125 897 συλλέξειενς
1182 829 1210 894 ἢ
1249 835 1351 885 πῶς
1396 829 1452 882 ἂν
1493 833 1542 882 ἐν
1585 831 1804 900 ἐσόπτρῳ
1847 832 1923 882 καὶ

297 911 576 975 οαῖνίγματι
621 909 878 976 θεωρήσειέ
915 934 959 961 τι
1003 916 1099 962 τῶν
1140 912 1479 980 ἐμπεφυκότων
1520 914 1670 981 αὐτῇς
1729 915 1798 966 τίς
1841 913 1924 964 οῦν

337 991 443 1058 ἄρα,
471 994 637 1061 φησὶν,
665 993 689 1042 ὁ
722 992 881 1056 λόγος,
909 990 937 1056 ἢ
965 994 1078 1044 ποία
1102 994 1265 1059 γέγονε
1293 995 1542 1062 πρόφασις
1576 999 1637 1048 εἷς
1673 1001 1769 1061 πῦρ
1805 997 1918 1045 ἀνα-

333 1075 567 1125 πείθουσα
592 1075 963 1141 χρηματίζεσθαι
987 1074 1070 1126 τὸν
1099 1077 1223 1127 Θεὸν
1251 1078 1299 1128 ἐν
1325 1081 1392 1146 τῷ
1418 1077 1511 1143 ὅρει
1540 1081 1686 1146 Σινᾷς
1731 1078 1923 1142 ἐροῦμεν

334 1156 404 1207 ὅτι
449 1156 723 1223 ἀρχομένων
767 1161 862 1207 τῶν
908 1158 964 1226 ἐξ
1004 1157 1208 1225 Ἰσραὴλ
1261 1161 1360 1210 κατ’
1409 1161 1554 1210 ἐκεῖνο
1605 1159 1661 1223 δὴ
1707 1160 1922 1221 μάλιστα

332 1244 496 1305 καιροῦ
547 1242 630 1303 τῆς
679 1243 741 1293 εἰς
793 1240 1036 1300 εὐσέβειαν
1084 1244 1424 1308 παιδαγωγίας,
1476 1243 1551 1292 καὶ
1604 1239 1767 1306 ὥσπερ
1819 1239 1923 1292 τινὰ

331 1321 507 1372 κανόνα
543 1326 782 1372 ποιεῖσθαι
819 1323 1097 1385 μελλόντων
1127 1327 1210 1387 τῆς
1249 1325 1416 1378 οἰκείας
1455 1324 1572 1390 ζωῆς
1605 1322 1688 1374 τὸν
1720 1322 1915 1388 διορθώ-

330 1408 516 1455 σασθαι
554 1401 798 1466 με’λλοντα
835 1403 992 1467 νόμον,
1039 1405 1128 1455 ε”δει
1172 1404 1276 1456 τότε
1322 1406 1378 1470 δὴ
1419 1406 1636 1468 μάλιστα
1673 1405 1921 1469 κολαστήν

329 1509 434 1537 τινα
482 1488 557 1537 καὶ
601 1485 810 1554 φοβερὸν
851 1488 1007 1540 αὐτοῖς
1053 1487 1310 1554 φαίνεσθαι
1357 1488 1441 1538 τὸν
1480 1486 1618 1550 Θεὸν,
1657 1488 1711 1538 ἵν’
1755 1488 1918 1538 εἰδέναι

329 1567 478 1636 ἔχοιεν
504 1571 545 1619 οἱ
570 1570 957 1634 παραβαίνοντες,
987 1569 1056 1619 ὅτι
1091 1569 1209 1636 πρὸς
1244 1576 1339 1637 πῦρ
1376 1572 1400 1621 ὁ
1436 1570 1582 1635 λόγος
1616 1570 1786 1622 αὐτοῖς.
1842 1569 1918 1619 διὰ

328 1649 422 1716 γάρ
450 1673 519 1701 τοι
547 1656 686 1701 τοῦτο
713 1653 787 1701 καὶ
815 1653 839 1701 ὁ
867 1651 1013 1716 με’γας
1043 1655 1259 1716 Μωυσῆς
1295 1657 1390 1706 τοῖς
1427 1652 1483 1720 ἐξ
1504 1650 1708 1716 Ἰσραὴλ
1732 1674 1912 1715 προσε-

105 1732 194 1763 Hel).
214 1732 268 1762 xii.
285 1736 310 1776 d
331 1732 475 1801 φώνει
510 1733 665 1798 λέγων
691 1741 717 1762 “
737 1734 798 1783 Ὁ
828 1733 949 1786 Θεὸς
988 1733 1120 1797 ἡμῶν
1146 1740 1241 1800 πῦρ
1276 1735 1629 1784 καταναλίσκον
1656 1734 1800 1785 ε’στί.”
1841 1737 1917 1784 καὶ

110 1786 148 1817 29
166 1787 182 1806 e

106 1820 206 1850 Dssuss·
222 1820 266 1851 iv.
330 1816 384 1865 οὐ
420 1815 571 1880 δήπου
606 1816 811 1883 φαίημεν
838 1815 894 1866 ἂν
923 1816 993 1866 ὅτι
1027 1815 1113 1880 τὴν
1138 1822 1220 1867 τοῦ
1248 1821 1373 1867 Θεοῦ
1410 1816 1559 1885 φύσιν
1586 1815 1913 1884 ἐξηγούμενος,

107 1873 157 1902 24.

327 1899 439 1963 πυρὶ
465 1897 738 1963 παρείκαζεν
765 1898 910 1962 αὐτὴν
935 1900 958 1949 ὁ
991 1900 1111 1949 οὕτω
1144 1898 1440 1967 σοφώτατος,
1470 1897 1675 1963 ὠνόμαζε
1712 1898 1759 1948 δὲ
1795 1900 1916 1949 οὕτω

326 1979 409 2031 τὸν
445 1980 582 2042 Θεὸν,
623 1983 685 2034 ὡς
723 1982 772 2031 ἐκ
810 1984 1000 2045 πολλῆς
1040 1982 1164 2046 ἄγαν
1203 1981 1560 2046 μισοπονηρίας,
1593 1978 1741 2045 πυρὸς
1786 1980 1917 2044 δίκην

326 2068 411 2113 τοῦ
435 2066 705 2130 παμφαγου
732 2066 947 2114 δαπανᾶν
974 2086 1023 2114 τε
1051 2065 1125 2113 καὶ
1152 2064 1430 2113 ἀναλίσκειν
1456 2064 1509 2113 οῦ
1542 2061 1917 2127 παραιτουμένου

324 2144 432 2198 τοῦς
471 2149 888 2213 καταφρονοῦντας
928 2146 1088 2196 αὐτοῦ.
1151 2146 1320 2196 οὐκοῦν
1350 2146 1432 2196 οὐκ
1471 2145 1528 2213 ἐξ
1559 2143 1624 2194 ὧν
1659 2144 1762 2194 ε”στι
1797 2143 1916 2195 κατὰ

325 2227 490 2295 φύσιν,
518 2227 640 2280 Θεὸς
676 2226 751 2277 διὰ
786 2227 934 2293 πυρὸς
966 2226 1254 2292 γνωρίζεται·
1299 2227 1352 2277 τὸ
1384 2226 1431 2277 δὲ
1463 2228 1611 2279 οὕτως
1637 2225 1915 2288 ὠνομάσθαι

325 2310 401 2358 καὶ
430 2306 588 2374 ὦφθαι
615 2308 720 2359 τότε
747 2309 866 2374 πρὸς
893 2308 947 2359 τὸ
974 2314 1070 2361 τοῖς
1097 2309 1408 2373 ἀκροωμένοις
1435 2308 1624 2375 ἐλήφθη
1650 2306 1912 2359 λυσιτελές.

288 2390 466 2452 θ’ίωμεν
511 2389 568 2453 δὴ
619 2389 789 2441 λοιπὸν
838 2392 912 2441 ἐπὶ
963 2389 1048 2454 τὴν
1100 2392 1257 2454 ἀληθῆ
1308 2393 1383 2440 καὶ
1433 2388 1782 2455 ἀκριβεστάτην
1830 2394 1914 2438 τοῦ

326 2472 520 2539 Πατρὸς
571 2472 781 2538 θεωρίαν,
823 2471 1038 2523 τουτέστι
1089 2471 1172 2522 τὸν
1213 2471 1347 2523 Υἱόν.
1422 2471 1576 2522 εἰκόνα
1626 2470 1720 2536 γὰρ
1770 2471 1912 2521 αὐτὸν

323 2554 545 2623 ὀψόμεθα
588 2560 672 2605 τοῦ
717 2553 1051 2620 γεννήσαντος,
1090 2559 1187 2608 τοῖς
1226 2556 1414 2605 ε’νοῦσιν
1453 2555 1578 2622 αὐτῷ
1619 2552 1907 2616 πλεονεκτή-

1945 602 1967 640 5

1946 1017 1994 1043 10

1943 1430 1990 1468 15

1938 1841 1987 1865 20

321 2660 442 2700 μασι
495 2635 577 2687 τὸν
627 2639 709 2699 τῆς
761 2636 966 2689 διανοίας
1017 2637 1332 2701 ἐνερείσαντες
1381 2634 1653 2704 ὀφθαλμόν.
1731 2633 1909 2700 ἀγαθὸς
1929 2655 1979 2691 30

321 2724 572 2784 τοιγαροῦν
611 2719 634 2768 ὁ
675 2718 797 2771 Θεὸς
836 2720 911 2768 καὶ
951 2717 1121 2784 Πατὴρ
1165 2718 1284 2768 κατὰ
1331 2718 1501 2786 φύσιν,
1547 2722 1758 2768 τοιοῦτον
1795 2716 1909 2767 ὅντα

369 2868 401 2901 5.
428 2860 500 2903 ἔχοι
520 2859 560 2892 Ε.
579 2859 650 2902 ἔχει
668 2857 734 2892 Ed.
929 2869 982 2891 ΙΙ.
1008 2857 1278 2901 χρηματίζεσθαι
1297 2857 1365 2891 Ed.
1382 2871 1437 2902 γρ.
1457 2856 1730 2903 σχηματίζεσθαι
1748 2855 1814 2890 Ed.
1834 2868 1906 2899 mg.

326 2917 377 2947 14.
405 2905 660 2947 διορθώσασθαι
680 2905 720 2938 Ε.
739 2904 992 2948 διορθώσεσθαι
1011 2904 1077 2938 Ed.
1199 2904 1252 2939 16.
1278 2902 1318 2939 ἵν’
1337 2904 1379 2939 Ε.
1397 2903 1449 2938 ἵνα
1468 2903 1533 2938 Ed.
1660 2914 1716 2937 21.
1742 2902 1845 2947 αὐτὴν
1863 2903 1905 2937 Ε.

321 2953 421 2985 αὐτὸν
440 2952 506 2985 Ed.
652 2963 706 2993 24.
732 2951 852 2985 οὐκοῦν
869 2956 1093 2995 assumptum
1111 2962 1152 2985 ex
1172 2951 1213 2985 E.
