2037 3266
327 150 410 189 552
728 151 779 191 Β.
813 150 1083 193 CYRILLI
1124 153 1508 195 ALEXANDR.
1785 170 1853 196 xv.
1874 167 1911 197 2.

325 257 412 320 μὲν
438 259 491 309 οὐ
525 260 774 324 δεδεημένα
807 264 967 326 τομῆς,
994 262 1289 326 ἀπομένοντα
1327 263 1375 314 δὲ
1414 266 1463 315 ἐν
1493 268 1551 332 τῇ
1590 264 1804 334 ἀμπέλῳ,
1837 266 1913 315 καὶ

326 342 384 408 τῇ
437 342 538 411 θείᾳ
589 344 804 411 φροντίδι
856 345 1242 411 διακαθαίρεσθαι
1292 344 1551 409 μέλλοντα,
1603 347 1710 400 τούς
1759 369 1810 397 τε
1859 346 1916 415 ἐξ

106 434 194 471 870
209 434 258 470 A.
287 424 481 474 ααύτῶν
520 423 895 479 πεπιστευκότας
933 431 1027 477 τῶν
1065 425 1317 490 Ἰουδαίων,
1357 430 1434 478 καὶ
1472 428 1579 482 τοὺς
1617 429 1685 480 ἐπ’
1726 429 1911 482 ἐκείνοις

326 506 702 573 ἐπιστρέφοντας
736 507 793 575 ἐξ
825 509 983 570 ἐθνῶν,
1009 507 1076 562 οἷς
1109 510 1193 572 μία
1216 509 1353 574 μὲνὴ
1385 509 1632 577 κάθαρσις·
1676 511 1724 561 ἐν
1753 510 1907 561 Πνεύ-

324 611 437 652 ματι
476 588 570 654 γὰρ
609 595 811 640 τελεῖται
856 592 921 659 τῷ
958 590 1123 660 Ἀγίῳ,
1163 590 1282 642 κατὰ
1322 591 1405 646 τὰς
1447 592 1654 661 γραφάς·
1714 593 1954 657 ἑτεροῖος5

325 668 476 735 γεμὴν
534 673 610 721 καὶ
666 672 1069 738 παρηλλαγμένος
1127 674 1152 723 ὁ
1209 679 1292 724 τοῦ
1347 675 1656 740 καθαίρεσθαι
1718 672 1906 741 τρόπος.

325 751 633 816 ἀποτέμνεται
671 753 766 819 γὰρ
804 758 900 804 τῶν
937 754 995 822 ἐξ
1028 753 1233 821 Ἰσραὴλ
1272 755 1325 805 τὸ
1366 755 1486 806 κατὰ
1528 755 1672 819 νόμον
1712 756 1778 807 ε”τι
1819 756 1905 807 τὸν

327 835 622 885 Μωυσαϊκὸν
662 834 827 901 διαζῆν
866 836 1044 887 ἐθέλειν
1084 839 1160 887 καὶ
1203 837 1556 898 πολιτεύεσθαι,
1597 841 1680 902 τῆς
1725 838 1774 889 δὲ
1817 843 1912 889 τῶν

325 917 799 983 εἷδωλολατρούντων
826 919 1016 984 καρδίας
1050 924 1343 985 παραιρεῖται
1379 923 1462 983 τῆς
1496 921 1693 988 ἀρχαίας
1729 919 1912 985 ἀπάτης

325 998 350 1046 ὁ
370 998 565 1061 σκοπὸς,
587 1001 663 1050 καὶ
685 1002 768 1063 τῆς
788 1004 882 1050 τῶν
904 1001 1147 1051 ἀσυνέτων
1166 1003 1284 1052 ἐθῶν
1300 1002 1595 1067 ἀκαθαρσίας
1615 1003 1640 1052 ὁ
1660 1001 1910 1071 συρφετὸς,
1935 1025 1985 1051 ιο

323 1079 399 1130 ἵνα
433 1081 660 1132 δύνωνται
697 1082 855 1151 φέρειν
889 1086 972 1147 τῆς
1011 1083 1136 1137 θείας
1175 1106 1223 1135 τε
1264 1086 1340 1135 καὶ
1374 1085 1681 1149 εὐαγγελικῆς
1715 1083 1909 1135 παιδεύ-

276 1169 302 1210 b
324 1184 446 1216 σεως
471 1161 554 1214 τὸν
578 1164 804 1227 ἐδώδιμον
830 1163 995 1231 ὥσπερ
1021 1169 1088 1234 τῷ
1114 1169 1223 1235 Θεῷ
1258 1169 1331 1216 καὶ
1368 1167 1513 1234 φίλον
1540 1164 1684 1220 ὅντως
1710 1166 1908 1234 καρπόν.

323 1243 394 1294 ὅτι
434 1243 481 1295 δὲ
520 1245 669 1296 πάλιν
706 1247 816 1310 ἡμῖν
855 1247 1028 1311 ἀληθὲς
1067 1248 1281 1316 φαίνεται
1317 1248 1371 1298 τὸ
1411 1247 1665 1314 εἰρημένον,
1700 1249 1913 1316 χαλεπὸν

323 1325 456 1377 οὐδὲν
505 1332 881 1396 πληροφορῆσαι
938 1330 994 1398 ἐξ
1048 1331 1201 1381 αὐτῶν
1258 1334 1353 1381 τῶν
1410 1331 1546 1381 θείων
1599 1331 1907 1397 γραμμάτων.

323 1408 595 1461 ἐπιστέλλει
632 1410 724 1477 γὰρ
761 1413 785 1461 ὁ
822 1411 1075 1465 θεσπέσιος
1110 1416 1304 1467 Παῦλος
1343 1418 1437 1466 τοῖς
1476 1411 1562 1476 μὲν
1589 1413 1646 1482 ἐξ
1675 1414 1913 1464 Ἰουδαίων
1936 1435 1982 1473 15

322 1492 707 1555 πεπιστευκόσιν,
749 1493 824 1544 ὅτε
871 1498 965 1544 τῶν
1006 1495 1327 1559 εὐαγγελικῶν
1375 1493 1627 1560 δογμάτων
1672 1495 1908 1562 ὀλιγωρή-

325 1595 510 1635 σαντες,
553 1575 709 1625 ὀπίσω
756 1575 905 1627 πάλιν
948 1574 1132 1645 ᾤχοντο
1175 1576 1258 1630 τὰς
1302 1582 1384 1627 τοῦ
1430 1578 1575 1639 νόμου
1618 1577 1913 1641 τετιμηκότες

101 1666 262 1705 Ga1.v.4.
325 1654 463 1708 σκιάς
500 1663 527 1684 “
554 1656 1007 1724 Ἀπηλλοτριώθητε
1053 1657 1147 1708 ἀπὸ
1189 1662 1408 1724 Χριστοῦ
1451 1659 1498 1709 οἵ
1535 1682 1654 1712 τινες
1698 1661 1747 1709 ἐν
1785 1658 1913 1729 νόμῳ

99 1744 150 1775 Ib.
167 1755 194 1776 2.
324 1742 350 1764 ‘⁶
379 1739 664 1801 δικαιοῦσθε,
705 1743 787 1803 τῆς
830 1739 1022 1807 χάριτος
1073 1740 1368 1809 ἐξεπε’σατε,”
1411 1741 1487 1790 καὶ
1537 1740 1685 1791 πάλιν
1727 1742 1912 1807 “Λε’γω

324 1825 351 1847 “
376 1817 470 1885 γὰρ
527 1822 634 1884 ὑμῖν
686 1821 756 1872 ὅτι
813 1822 893 1872 ἐὰν
942 1822 1284 1888 περιτέμνησθε
1334 1821 1550 1888 Χριστὸς
1608 1824 1726 1886 ὑμᾶς
1781 1823 1913 1874 οὐδὲν
1933 1849 1983 1875 20

324 1907 350 1929 “
377 1901 668 1969 ὠφελήσει.”
728 1907 764 1954 εἰ
812 1903 860 1955 δὲ
907 1904 960 1955 τὸ
1009 1905 1275 1966 βούλεσθαι
1327 1907 1623 1955 δικαιοῦσθαι
1668 1903 1787 1955 κατὰ
1830 1904 1913 1956 τὸν

283 2001 304 2028 0
325 1981 468 2044 νόμον
493 1985 777 2051 ἀλλοτρίους
812 1986 979 2041 αὐτοὺς
1015 1986 1265 2053 ἀποφαίνει
1298 1992 1382 2037 τοῦ
1408 1990 1646 2051 Χριστοῦ,
1676 1991 1777 2040 πῶς
1810 1987 1913 2054 οὐχὶ

322 2065 511 2119 πάντως
560 2068 907 2136 ἀναμφίλογον,
960 2069 1031 2119 ὅτι
1083 2071 1165 2132 τῆς
1218 2067 1337 2119 κατὰ
1394 2068 1538 2132 νόμον
1588 2068 1829 2123 πολιτείας
1884 2069 1912 2133 ἡ

324 2145 552 2202 ἀπόθεσις
579 2152 662 2213 τῆς
689 2154 753 2204 εἷς
778 2150 996 2217 Χριστὸν
1021 2151 1282 2218 συναφείας
1316 2151 1538 2219 προξενεῖ
1567 2149 1659 2214 τὴν1
1680 2151 1906 2215 δύναμιν;

322 2230 643 2293 περιτέμνεται
682 2232 838 2282 τοίνυν
877 2234 998 2283 οὕτω
1037 2231 1123 2295 μὲν
1162 2233 1186 2281 ὁ
1224 2231 1439 2298 Ἰσραὴλ,
1479 2232 1825 2297 διακαθαίρεται
1863 2231 1912 2283 δὲ
1932 2257 1980 2295 25

323 2315 514 2372 μᾶλλον
540 2314 615 2362 καὶ
642 2314 666 2363 ὁ
691 2312 805 2364 ποτὲ
832 2318 889 2381 τῇ
917 2315 1065 2364 κτίσει
1092 2311 1361 2378 λατρεύσας
1386 2312 1517 2379 παρὰ
1547 2312 1630 2363 τὸν
1657 2314 1906 2374 κτίσαντα,

322 2390 409 2455 τὴν
459 2394 659 2460 ἀρχαίαν
711 2394 857 2445 νόσον
907 2394 1186 2454 ἀποβαλών.
1264 2395 1313 2445 τί
1356 2393 1450 2460 γὰρ
1500 2393 1618 2459 πρὸς
1669 2393 1835 2449 αὐτοὺς
1885 2397 1910 2445 ὁ

99 2477 237 2509 Rom.v.
324 2475 520 2529 Παῦλός
561 2480 744 2544 φησιν;
795 2484 820 2506 “
843 2480 901 2528 Εἰ
940 2477 1033 2543 γὰρ
1072 2478 1229 2544 ἐχθροὶ
1269 2475 1397 2530 ὅντες
1437 2476 1807 2542 κατηλλάγημεν
1845 2480 1912 2546 τῷ

102 2529 151 2551 10.

323 2563 350 2585 ‘⁶
377 2560 484 2625 Θεῷ
529 2556 605 2608 διὰ
647 2563 730 2609 τοῦ
774 2559 979 2609 θανάτου
1022 2565 1105 2610 τοῦ
1143 2562 1263 2609 Υὶοῦ
1307 2559 1464 2620 αὐτοῦ,
1504 2562 1678 2627 πολλῷ
1719 2563 1910 2622 μᾶλλον

1592 2639 1662 2656 Αἱ,

323 2645 350 2667 “
376 2639 755 2706 καταλλαγέντες
794 2639 1119 2705 σωθησόμεθα
1156 2641 1204 2690 ἐν
1242 2644 1300 2708 τῇ
1340 2640 1432 2707 ζωῇ
1470 2640 1630 2691 αὐτου·
1709 2644 1909 2691 αἰτιᾶται
1930 2662 1980 2699 30

98 2730 257 2772 Ga1.iv.9.
277 2731 304 2772 d
324 2719 373 2770 δὲ
407 2722 488 2771 καί
519 2726 671 2790 φησιν
696 2724 744 2772 ἐν
770 2722 939 2788 ἑτέροις
966 2730 994 2751 “
1016 2725 1137 2773 Νυνὶ
1173 2721 1222 2772 δὲ
1257 2721 1448 2788 γνόντες
1475 2720 1615 2780 Θεὸν,
1643 2727 1835 2785 μᾶλλον
1860 2720 1909 2773 δὲ

368 2906 401 2940 9.
426 2898 637 2941 παραιρεῖται
656 2897 740 2931 E.F.
756 2899 968 2942 παραιτεῖται
987 2896 1054 2931 Ed.
1071 2895 1121 2930 ἰ’σ.
1139 2897 1348 2942 παραφεῖται
1368 2895 1435 2929 Ed.
1453 2907 1526 2940 mg.
1670 2907 1724 2931 10.
1750 2896 1834 2931 ἐθῶν
1851 2907 1905 2931 as-

321 2948 503 2986 sumptum
522 2956 564 2976 ex
585 2944 626 2977 E.
776 2955 827 2988 15.
855 2942 939 2989 γὰρ]
959 2944 1019 2987 μὲν
1036 2945 1101 2988 γὰρ
1124 2943 1163 2977 Ε.
1310 2942 1363 2976 16.
1391 2942 1658 2987 ὀλιγωρίσαντες
1678 2942 1718 2976 Ε.
