2022 3272
81 138 162 179 xiv.
185 152 250 183 20.
325 140 396 180 IN
440 140 481 180 S.
516 139 855 180 JOANNEM.
921 138 1043 178 [2113.
1080 138 1155 177 lx.
1220 137 1354 176 (tAl'.
1393 136 1424 175 Ι.
1584 135 1659 172 2181

81 271 232 311 μενος,
261 254 341 299 νῦν
374 249 540 312 ἴδωμεν
565 252 647 312 τῆς
685 254 768 299 τοῦ
808 252 1111 312 Μονογενοῦς
1149 243 1547 310 ε’νανθρωπήσεως
1586 240 1668 290 τὸν

84 329 283 382 σκοπόν·
327 331 438 397 φέρε
477 330 809 394 δοκιμάσωμεν
836 329 921 394 τὴν
947 330 1112 391 αἰτίαν,
1140 329 1194 378 δι’
1225 326 1281 391 ἢν
1308 328 1355 376 ἐν
1383 328 1547 390 μορφῇ
1585 328 1668 373 τοῦ

84 416 209 463 Θεοῦ
235 415 308 463 καὶ
333 414 523 480 Πατρός
551 413 774 480 ὑπάρχων
798 416 860 467 ὡς
880 412 1013 474 Θεὸς,
1024 420 1049 441 “
1065 413 1151 478 οὐχ
1177 408 1430 476 ἁρπαγμὸν
1452 407 1667 472 ἡγήσατο

85 500 111 522 “
138 493 192 544 τὸ
227 492 341 545 εἶναι
382 495 465 546 ἰ’σα
505 500 626 565 Θεῷ,
666 495 777 546 ἀλλ’
818 493 982 546 ἑαυτὸν
1021 494 1217 544 ἐκένωσε
1258 488 1451 559 μορφὴν
1495 489 1668 539 δούλου

42 582 111 627 5“
139 575 320 640 λαβὼν,
356 579 430 628 καὶ
474 578 680 641 ὑπέμεινε
725 577 936 644 σταυρὸν
981 575 1211 643 αἰσχύνης
1254 570 1666 639 καταψρονήσας.”

85 658 220 709 ἔσται
246 659 338 725 γὰρ
366 661 485 710 οὕτω
511 663 587 711 καὶ
612 660 751 724 μόλις
778 660 1080 720 εὐσύνοπτον,
1109 656 1228 709 κατά
1255 680 1308 722 γε
1335 654 1389 706 τὸ
1416 656 1671 721 ἐγχωροῦν,

85 745 180 791 τῶν
205 741 521 808 προκειμένων
547 742 600 793 τὸ
627 742 792 802 βάθος.
845 740 1131 807 γνωσόμεθα
1169 742 1216 790 δὲ
1252 742 1351 791 πῶς
1376 736 1460 800 μέν
1488 738 1619 786 ἐστιν
1648 735 1672 783 ὁ

86 823 200 876 Υἱὸς
232 825 280 874 ἐν
309 827 478 891 Πατρῖ,
506 829 720 893 φυσικῶς
748 822 968 888 δηλονότι
995 825 1070 874 καὶ
1097 823 1149 873 οὐ
1177 820 1295 872 κατά
1322 843 1374 885 γε
1403 818 1487 881 τὴν
1515 819 1563 867 ἐκ
1590 821 1673 866 τοῦ

87 908 366 971 ἀγαπᾶσθαι
405 910 480 957 καὶ
519 909 712 972 ἀγαπᾶν
746 909 1074 971 ἐπινοηθεῖσαν
1108 904 1282 972 σχέσιν
1318 899 1449 966 παρὰ
1488 904 1581 950 τῶν
1616 899 1671 948 δι’

22 1008 69 1032 10
88 990 310 1043 ἐναντίας·
352 990 481 1053 ἡμεῖς
520 989 567 1040 δὲ
599 990 657 1040 αὖ
692 988 841 1040 πάλιν
868 991 916 1039 ἐν
943 989 1068 1057 αὐτῷ
1105 984 1225 1038 κατὰ
1259 984 1341 1035 τὸν
1366 983 1473 1034 ἰ’σον
1498 980 1674 1047 τρόπον

88 1074 163 1122 καὶ
203 1071 341 1125 αὐτὸς
379 1073 427 1122 ἐν
462 1073 585 1136 ἡμῖν.
638 1072 804 1122 οὐκοῦν
843 1071 953 1134 μίαν
991 1069 1075 1134 μὲν
1114 1068 1276 1133 ὥσπερ
1316 1068 1471 1129 ἀληθῆ
1511 1086 1559 1114 τε
1600 1064 1676 1112 καὶ

87 1152 403 1220 γενικωτάτην
441 1155 592 1205 αἰτίαν
632 1157 713 1218 τῆς
748 1152 1146 1219 ἐνανθρωπήσεως
1185 1156 1268 1201 τοῦ
1310 1151 1612 1213 Μονογενοῦς
1653 1145 1677 1194 ὁ

88 1235 245 1304 σοφὸς
279 1236 388 1300 ἡμῖν
419 1237 731 1305 ἐξηγούμενος
760 1240 957 1288 Παῦλος
993 1234 1219 1302 ἔφασκεν·
1263 1230 1485 1295 εὐδόκησε
1522 1227 1615 1295 γὰρ
1652 1229 1675 1278 ό

90 1319 212 1373 Θεὸς
258 1321 333 1370 καὶ
379 1318 549 1385 Πατὴρ
590 1326 617 1348 “
639 1317 1161 1387 ἀνακεφαλαιώσασθαι
1212 1314 1271 1366 τὰ
1316 1313 1472 1365 πάντα
1517 1314 1565 1362 ἐν
1609 1314 1676 1379 τῷ

23 1416 70 1455 ¹5
92 1408 118 1431 ‘⁶
145 1400 384 1471 Χριστῷ,”
413 1403 487 1452 καὶ
527 1400 598 1452 ὅτι
632 1399 686 1452 τὸ
722 1403 805 1464 τῆς
840 1397 1300 1467 ἀνακεφαλαιώσεως
1335 1393 1484 1458 ὄνομά
1517 1417 1566 1444 τε
1603 1395 1678 1443 καὶ

89 1489 290 1550 πρᾶγμα
321 1487 464 1548 δηλοῖ
492 1483 546 1534 τὸ
582 1480 866 1546 ἀνακομίσαι
901 1480 1049 1532 πάλιν
1077 1482 1152 1531 καὶ
1188 1481 1445 1538 ἀναλαβεῖν
1472 1480 1534 1529 εἷς
1564 1475 1680 1541 ὅπερ

89 1565 148 1630 ἧν
173 1568 220 1617 ἐν
247 1568 370 1634 ἀρχῇ
401 1566 462 1616 τὰ
494 1563 614 1632 πρὸς
649 1565 868 1628 ἀνόμοιον
894 1560 1226 1614 ἐκπεπτωκότα
1252 1560 1403 1614 τέλος·
1447 1556 1547 1609 εἶτα
1572 1556 1680 1610 τοὺς

90 1651 173 1712 τῆς
199 1648 658 1717 ἀνακεφαλαιώσεως
684 1646 887 1714 τρόπους
913 1645 1001 1696 ἀνὰ
1026 1646 1166 1711 με’ρος
1189 1645 1299 1708 ἡμῖν
1326 1640 1678 1693 ἀπολευκαίνειν

91 1731 282 1793 ἐθέλων,
309 1729 422 1782 ποτὲ
459 1729 544 1794 μὲν
574 1731 755 1798 ἔφασκε
782 1736 810 1758 “
829 1728 901 1780 Τὸ
936 1727 1030 1794 γὰρ
1065 1727 1295 1778 ἀδύνατον
1327 1730 1409 1775 τοῦ
1445 1722 1604 1786 νόμου,
1631 1724 1678 1772 ἐν

26 1838 74 1864 20
94 1820 121 1843 ‘⁶
147 1811 184 1883 ᾧ
211 1814 397 1878 ἠσθένει
423 1812 499 1863 διὰ
524 1814 607 1876 τῆς
634 1810 825 1878 σαρκὸς,
854 1813 878 1862 ὁ
907 1810 1028 1864 Θεὸς
1052 1809 1134 1860 τὸν
1161 1810 1324 1860 ἑαυτοῦ
1341 1805 1458 1857 Υἱὸν
1483 1804 1679 1873 πέμψας

94 1902 122 1924 “
147 1897 195 1946 ἐν
223 1894 478 1958 ὁμοιώματι
503 1893 680 1960 σαρκὸς
706 1894 934 1960 ἁμαρτίας
962 1893 1037 1942 καὶ
1061 1892 1166 1957 περὶ
1193 1890 1422 1955 ἁμαρτίας
1447 1886 1680 1953 κατέκρινε

96 1985 122 2008 “
149 1976 236 2040 τὴν
274 1976 506 2043 ἁμαρτίαν
545 1977 592 2026 ἐν
630 1979 688 2043 τῇ
733 1977 888 2040 σαρκὶ,
931 1974 1006 2025 ἵνα
1050 1972 1103 2023 τὸ
1146 1971 1373 2034 δικαίωμα
1413 1973 1496 2019 τοῦ
1537 1966 1681 2030 νόμου

96 2067 123 2089 “
149 2062 382 2126 πληρωθῇ
411 2059 459 2109 ἐν
485 2058 594 2122 ἡμῖν
619 2062 715 2111 τοῖς
746 2056 810 2120 μὴ
838 2055 958 2107 κατὰ
984 2054 1141 2121 σάρκα
1167 2057 1522 2119 περιπατοῦσιν,
1549 2048 1680 2100 ἀλλά

97 2149 124 2172 “
151 2140 271 2192 κατὰ
307 2140 536 2204 πνεῦμα·”
585 2138 700 2191 ποτὲ
739 2138 787 2190 δὲ
825 2138 974 2190 πάλιν
1006 2145 1031 2168 “
1057 2135 1251 2200 Ἐπειδὴ
1290 2133 1382 2200 γὰρ
1420 2131 1479 2183 τὰ
1516 2130 1680 2182 παιδία

28 2231 124 2280 25“
151 2222 481 2287 κεκοινώνηκεν
526 2222 720 2286 αἵματος
764 2223 839 2272 καὶ
883 2218 1077 2287 σαρκὸς,
1116 2218 1192 2270 διὰ
1236 2223 1374 2268 τοῦτο
1419 2216 1494 2266 καὶ
1544 2213 1681 2268 αὐτὸς

97 2305 500 2371 (ὗγπαραπλησίως
538 2302 739 2372 μετέσχε
776 2307 871 2354 τῶν
910 2304 1078 2365 αὐτῶν,
1116 2301 1191 2352 ἵνα
1235 2299 1310 2351 διὰ
1352 2303 1435 2349 τοῦ
1479 2295 1684 2348 θανάτου

98 2394 125 2418 “
150 2385 432 2454 καταργήσῃ
469 2385 552 2437 τὸν
589 2385 643 2437 τὸ
682 2384 851 2452 κράτος
888 2384 1056 2452 ἔχοντα
1093 2388 1176 2433 τοῦ
1216 2380 1432 2442 θανάτου,
1466 2377 1684 2430 τουτέστι

99 2475 126 2498 “
152 2467 235 2518 τὸν
259 2467 501 2530 διάβολον,
528 2469 603 2518 καὶ
638 2466 899 2535 ἀπαλλάξῃ
934 2465 1126 2518 τούτους
1160 2462 1267 2514 ὅσοι
1303 2461 1444 2530 φόβῳ
1479 2460 1683 2511 θανάτου

100 2558 127 2582 “
154 2550 230 2602 διὰ
267 2549 444 2604 παντὸς
481 2555 565 2600 τοῦ
600 2549 686 2615 ζῆν
717 2549 869 2615 ε”νοχοι
903 2547 1029 2612 ἦσαν
1063 2544 1320 2598 δουλείας.”
1364 2545 1439 2594 καὶ
1477 2542 1559 2592 δύο
1597 2541 1683 2605 μὲν

32 2654 82 2689 30
99 2632 290 2685 τούτους
345 2632 454 2695 ἡμῖν
503 2633 587 2694 τῆς
643 2629 1101 2696 ἀνακεφαλαιώσεως
1156 2626 1355 2692 τρόπους
1418 2624 1683 2688 ἀναγκαίως

100 2716 269 2784 ἔχοντα
306 2717 388 2777 τῆς
429 2711 826 2778 ε’νανθρωπήσεως
864 2715 946 2761 τοῦ
987 2712 1287 2773 Μονογενοῦς
1326 2705 1408 2756 τὸν
1447 2703 1612 2770 λόγον,
1656 2706 1680 2754 ὁ

149 2910 182 2946 5.
209 2897 464 2944 καταφρονητὴν
484 2898 524 2932 Ε.
645 2906 676 2942 7.
704 2897 764 2939 μὲν
780 2908 849 2930 om.
870 2896 911 2929 E.
1044 2905 1096 2928 10.
1125 2892 1151 2927 δ’
1173 2893 1212 2927 Ε.
1338 2903 1389 2937 17.
1415 2892 1624 2937 τῷ-τρόπῳ
1643 2891 1686 2924 Ε,

105 2958 160 2991 25.
186 2946 324 2990 αἵματος
341 2947 395 2980 καὶ
412 2946 538 2990 σαρκὸς
556 2944 622 2979 hoc
641 2943 761 2978 ordine
780 2944 821 2977 Ε.
966 2953 1021 2987 31.
1048 2942 1169 2986 ἔχοντα
1188 2939 1229 2974 Ε.
1248 2940 1385 2984 ἔχοντας
1404 2938 1470 2973 Ed,

160 3014 252 3043 VOL.
277 3015 323 3042 Π.
863 3011 886 3052 3
911 3010 940 3048 q

1737 406 1855 437 Ι’1ιὶ1.ῐῑ

1732 452 1761 488 6,
1785 461 1810 490 7.

1689 495 1715 534 <l

1734 570 1819 599 11011.
1843 568 1897 598 xii.

1740 1309 1824 1349 th.
1843 1308 1865 1338 i.

1745 1362 1790 1383 10.

1740 1719 1837 1749 Rom.

1740 1763 1806 1792 viii.
1827 1770 1854 1801 3,
1871 1772 1900 1800 4.

1699 1993 1721 2017 ιι
1750 1984 1838 2018 820
1852 1982 1903 2016 A.

1741 2130 1828 2161 Hel).
1846 2130 1879 2160 ii.

1747 2183 1795 2214 14,
1813 2182 1860 2212 15.

1699 2716 1725 2755 b
