2037 3266
334 137 419 176 420
737 137 788 179 B.
819 137 1091 178 CYRILLI
1133 138 1511 178 ALEXANDR.
1776 135 1861 175 xiv.
1880 132 1919 173 8.

111 244 218 285 Supra

110 288 153 319 ix.
166 288 214 326 28,
223 297 272 330 ²9·

335 247 522 316 ἀρ’ῥήτῳ
567 247 757 310 δυνάμει
803 248 1138 314 τεθεράπευκεν
1183 250 1208 299 ὁ
1255 247 1424 315 Σωτήρ
1466 255 1493 278 “
1520 244 1840 311 Συμμαθητὴς
1883 241 1926 295 εἶ

336 336 361 358 “
388 330 571 392 ἐκείνου,
600 330 728 394 ἡμεῖς
764 329 813 380 δὲ
846 336 930 381 τοῦ
958 330 1205 384 Μωυσέως
1232 331 1375 394 ἐσμὲν
1400 330 1622 394 μαθηταί.
1676 328 1805 392 ἡμεῖς
1829 325 1922 392 γὰρ

334 417 362 440 “
389 411 579 475 οἴδαμεν
623 412 694 463 ὅτι
738 416 931 480 Μωυσῇ
977 410 1247 476 λελάληκεν
1288 415 1313 463 ὀ
1360 410 1497 474 Θεὸς,
1538 417 1705 462 τοῦτον
1747 409 1796 460 δὲ
1839 410 1922 461 οὐκ

335 501 360 523 “
387 494 577 556 οἴδαμεν
609 493 755 546 πόθεν
789 495 959 546 ἐστίν.”
1014 493 1222 561 ἐνόμιζον
1256 496 1412 546 τοίνυν
1445 497 1487 545 οὶ
1525 499 1620 547 τοῖς
1650 494 1922 545 Ἰουδαϊκοῖς

333 576 733 643 συναγορεύοντες
785 575 1010 641 δόγμασι,
1056 575 1510 643 δυσανταγώνιστόν
1559 599 1663 627 τινα
1713 572 1797 625 τὸν
1846 574 1962 632 ἐπὶ5

110 677 193 712 776
207 675 258 710 Α.
292 686 313 709 a
333 658 513 712 τούτοις
539 663 778 710 ποιεῖσθαι
805 658 968 723 λόγον,
997 660 1071 709 καὶ
1099 659 1182 709 οὐκ
1207 657 1550 726 εὐανάτρεπτον
1575 663 1671 711 τοῖς
1695 659 1916 719 πολλοῖς,

332 740 589 806 ἐθορύβουν
616 739 663 791 δὲ
691 742 751 794 ὡς
779 739 898 794 εἰκὸς
933 742 1008 792 καὶ
1042 740 1353 807 ὑπεσκέλιζον
1379 740 1456 792 διὰ
1486 740 1654 792 τούτου
1685 737 1916 791 πολλούς.

331 828 469 874 τοῦτο
507 824 613 874 καθ’
656 821 820 874 ἑαυτὸν
855 822 1086 887 ἐννοήσας
1129 824 1154 874 ὁ
1191 824 1446 887 Φίλιππος,
1486 825 1548 877 ὡς
1593 819 1922 886 λυθησομένης

331 904 524 969 ἁπάσης
557 908 639 969 τῆς
674 909 769 956 τῶν
794 906 1034 956 Ἰουδαίων
1059 907 1346 972 ἀντιλογίας,
1373 909 1410 956 εἰ
1446 908 1521 956 καὶ
1560 903 1699 958 αὐτὸς
1733 903 1921 972 δείξειεν

332 990 356 1039 ὁ
390 986 605 1054 Χριστὸς
642 992 737 1040 τοῖς
774 990 836 1040 εἷς
871 987 1014 1038 αὐτὸν
1039 987 1321 1039 πιστεύουσι
1354 987 1436 1039 τὸν
1463 987 1669 1053 Πατέρα,
1696 984 1921 1052 πρόσεισι
1942 1009 1993 1036 10

331 1070 486 1135 λέγων
515 1070 638 1139 Κύριε
665 1066 796 1139 δεῖξον
823 1072 919 1137 ἡμῖν
946 1067 1013 1122 τόν
1041 1070 1222 1139 Πατέρα,
1252 1075 1328 1121 καὶ
1356 1073 1486 1141 ἀρκεῖ
1508 1072 1618 1138 ἡμῖν.
1663 1068 1805 1119 ἐννόει
1827 1065 1922 1133 γὰρ

331 1151 534 1217 λέγοντα
562 1151 745 1215 Πάντα,
774 1154 942 1220 φησὶν,
969 1150 1005 1202 ὦ
1034 1152 1279 1215 Δέσποτα,
1306 1156 1368 1207 εἰς
1393 1153 1558 1204 πίστιν
1583 1148 1811 1216 ἐπαγωγὰ
1845 1147 1922 1199 διὰ

330 1237 413 1298 τῆς
448 1237 538 1298 σῆς
574 1234 793 1302 ἐξουσίας
829 1239 1046 1297 τελεῖται,
1079 1233 1156 1285 διὰ
1193 1234 1370 1301 μυρίων
1403 1233 1655 1297 θαυμάτων
1689 1230 1916 1296 δυσωπή-

284 1329 311 1370 b
332 1339 458 1366 σειεν
490 1316 547 1366 ἄν
581 1339 651 1370 τις
689 1319 773 1380 τῆς
811 1321 905 1367 τῶν
941 1318 1182 1368 Ἰουδαίων
1218 1317 1573 1383 γλωσσαλγίας
1612 1315 1665 1367 τὸ
1705 1315 1916 1381 ἀκρατές.

331 1399 557 1466 ἐπιλείψῃ
586 1399 630 1449 δ’
660 1397 718 1449 ἂν
744 1399 854 1462 ἡμῖν
880 1404 942 1453 εἷς
968 1399 1022 1450 τὸ
1048 1398 1274 1465 παράπαν
1300 1399 1450 1463 οὐδὲν,
1481 1402 1519 1449 εὶ
1546 1401 1620 1449 καὶ
1646 1395 1784 1450 αὐτὸς
1812 1397 1921 1461 ἡμῖν
1940 1418 1988 1457 15

332 1480 573 1548 ἐπιδείξεις
615 1479 698 1531 τὸν
739 1479 930 1547 Πατέρα
975 1483 1050 1531 καὶ
1092 1480 1230 1532 Θεόν·
1288 1481 1476 1547 ἀρκέσει
1518 1480 1611 1547 γὰρ
1650 1485 1788 1530 τοῦτο
1826 1484 1922 1532 τοῖς

333 1566 438 1615 σοῖς
463 1565 706 1626 μαθηταῖς,
734 1566 794 1615 εἷς
820 1562 874 1612 τὸ
901 1562 1137 1614 δυ’νασθαι
1164 1562 1332 1614 λοιπὸν
1359 1565 1434 1613 καὶ
1469 1562 1602 1626 μάλα
1637 1565 1795 1614 καλῶς
1824 1565 1920 1614 τοῖς

334 1647 428 1694 τῶν
468 1645 616 1694 ἐκεῖνα
659 1645 1000 1710 προτεινόντων
1045 1644 1416 1710 καθοπλίζεσθαι
1462 1644 1640 1710 λόγοις.
1701 1642 1921 1706 τοιαύτην

334 1724 437 1776 τινὰ
464 1725 661 1792 θεωρίαν
686 1731 783 1779 τοῖς
816 1727 1135 1792 προκειμένοις
1169 1728 1457 1790 ἐποίσαντες,
1483 1727 1566 1778 οὐκ
1598 1726 1655 1777 ἂν
1681 1723 1807 1789 οἶμαι
1837 1730 1920 1775 τοῦ

333 1807 595 1873 πρέποντος
621 1807 770 1873 λόγου
797 1808 1220 1874 διαμαρτήσαιμεν.
1274 1815 1414 1861 καλεῖ
1433 1809 1526 1875 γὰρ
1557 1809 1678 1873 ἡμᾶς
1711 1806 1828 1874 πρὸς
1863 1805 1917 1856 τὸ
1941 1833 1992 1860 20

335 1890 456 1940 οὕτω
488 1895 608 1941 νοεῖν
634 1892 710 1941 καὶ
745 1889 882 1944 αὐτὸς
919 1892 943 1941 ὁ
979 1891 1222 1946 Φίλιππος
1256 1891 1412 1956 λέγων
1436 1894 1586 1961 Ἀρκεῖ
1608 1893 1703 1958 ἡμῖν
1729 1887 1783 1940 τὸ
1810 1890 1921 1939 ἰδεῖν

294 1970 417 2021 στὸν
445 1972 638 2038 Πατέρα
673 1974 748 2022 καὶ
785 1973 923 2035 Θεὸν,
951 1975 1123 2024 ὡσανεὶ
1157 1972 1324 2024 τούτου
1359 1975 1435 2024 καὶ
1471 1971 1615 2036 μόνου
1649 1976 1745 2026 τοῖς
1778 1994 1915 2023 πεπι-

335 2053 591 2104 στευκόσιν
613 2053 966 2117 ἐλλελοιπότος,
988 2057 1201 2106 ὑποτιθεῖ
1224 2056 1279 2106 δέ
1297 2079 1398 2108 πως
1424 2058 1499 2106 καὶ
1524 2054 1662 2108 αὐτὸς
1686 2055 1710 2104 ὁ
1739 2052 1921 2119 Σωτὴρ,

110 2133 205 2164 Infra

348 2135 357 2149 9
479 2140 498 2148 Α
571 2138 580 2151 ’
684 2139 702 2148 Α
794 2140 803 2154 ‚
867 2137 879 2152 t
1052 2138 1064 2153 x
1123 2137 1163 2153 tt
1340 2134 1357 2153 Δ
1411 2139 1421 2153 )
1465 2137 1476 2152 x
1578 2137 1591 2153 t
1708 2138 1719 2151 e
1761 2141 1780 2149 rs
1857 2137 1867 2151 >
1908 2135 1918 2151 ν

110 2186 248 2210 ver.10.
335 2157 383 2184 εν
421 2158 517 2188 τοις
557 2136 729 2204 εφεξης
769 2159 911 2187 ειπων
948 2141 1069 2188 “Ta
1106 2161 1294 2204 ρηματα
1332 2161 1360 2187 α
1399 2160 1491 2202 εγω
1530 2144 1656 2202 λεγω
1697 2159 1803 2200 υμιν
1841 2157 1909 2185 απ

336 2222 363 2245 “
391 2218 591 2278 ἐμαυτοῦ
636 2219 688 2268 οὐ
733 2223 885 2281 λαλῶ,
926 2219 950 2268 ὁ
989 2217 1036 2269 δὲ
1078 2218 1246 2284 Πατὴρ
1284 2221 1331 2269 ἐν
1370 2220 1469 2281 ἐμοὶ
1509 2220 1661 2282 μένων
1699 2223 1825 2269 ποιεῖ
1861 2216 1921 2268 τὰ
1942 2239 1991 2279 25

335 2304 363 2328 ‘⁶
389 2298 504 2362 ἔργα
543 2297 728 2351 αὐτός.”
769 2298 823 2349 τὸ
864 2299 912 2349 δὲ
951 2299 1078 2352 ὅπως
1116 2299 1344 2365 προσήκει
1384 2302 1460 2350 καὶ
1498 2305 1635 2350 τοῦτο
1675 2304 1809 2361 νοεῖν,
1837 2300 1920 2350 οὐκ

334 2379 382 2429 ἐν
408 2383 474 2448 τῷ
498 2379 696 2445 παρόντι
721 2384 926 2443 μᾶλλον,
949 2380 1060 2431 ἀλλ’
1084 2382 1131 2432 ἐν
1158 2385 1224 2450 τῷ
1250 2381 1623 2451 πρεπωδεστέρῳ
1648 2383 1724 2432 καὶ
1749 2382 1918 2447 γείτονι

336 2460 578 2529 λελέξεται
605 2461 751 2530 τόπῳ.

574 2612 627 2636 10.
652 2604 788 2646 πρόεισι
807 2614 835 2637 c.
856 2602 963 2637 Cord.
1382 2614 1434 2646 15.
1462 2603 1625 2649 ἐπιλήψει
1645 2603 1685 2637 Ε.
