2001 3261
88 362 194 402 Supra

88 416 157 437 ver.
176 415 191 436 2
196 415 226 447 9.

89 1434 181 1465 Hiob

90 1478 222 1519 xxi.15.

89 1692 187 1722 Iliad.
203 1692 249 1724 ix.

90 1736 164 1775 318.

89 1974 108 2015 ‘1'
122 1965 206 1996 Rem

87 2019 121 2040 n.
142 2019 192 2049 30.

312 99 394 138 194·
712 99 762 138 B.
797 98 1075 138 CYRILLI
1117 97 1498 139 ALEXANDR.
1754 100 1809 140 ix.
1830 112 1897 154 33.

309 210 483 274 σοφοῖς
533 207 850 274 ἀποκέχρηται
900 207 1064 273 λόγοις
1114 207 1465 272 κιβδηλοτάτην
1509 207 1760 262 ἐπιδεικνὺς
1804 212 1898 258 τῶν

311 288 589 353 Φαρισαίων
620 288 706 352 τὴν
732 289 941 354 γνώμην.
995 288 1152 352 ἐπειδὴ
1192 288 1286 356 γὰρ
1325 289 1515 357 ε”φασαν
1549 289 1755 354 ἀνοήτως
1793 292 1899 356 περὶ

310 373 543 436 Χριστοῦ,
570 370 639 421 ὅτι
667 379 694 400 “
715 376 898 422 Τοῦτον
933 373 1017 422 οὐκ
1055 371 1245 434 οἴδαμεν
1280 371 1427 422 πόθεν
1462 371 1632 434 ἐστὶν,”
1661 373 1899 440 ἐξελέγχει

309 451 458 503 πάλιν
483 454 692 515 εὐτόνως,
721 456 783 507 ὡς
809 458 1104 522 φρονοῦντας
1137 458 1448 517 πλημμελῶς,
1477 454 1552 504 ὅτε
1585 455 1639 504 τὸ
1674 452 1900 520 παράπαν

310 534 393 584 οὐκ
427 534 590 585 εἰδέναι
628 537 751 604 φασὶ
787 535 870 585 τὸν
905 536 1025 586 οὕτω
1060 534 1437 601 θαυματουργὸν,
1469 535 1714 602 προδήλου
1750 541 1942 591 πᾶσιν5

311 615 604 684 ὑπάρχοντος
644 620 705 670 ὡς
744 615 990 684 ἀμήχανόν
1027 640 1072 667 τι
1111 620 1227 683 δρᾶν
1265 622 1359 668 τῶν
1395 618 1472 668 διὰ
1510 618 1635 672 θείας
1673 618 1901 684 ἐνεργείας

311 699 702 761 ἀποτελουμένων
732 698 815 749 τὸν
845 699 928 749 οῦκ
967 697 1082 749 ὅντα
1120 698 1249 768 παρα
1289 701 1413 750 Θεοῦ.
1481 702 1659 765 ἐνεργεῖ
1692 697 1786 765 γὰρ
1825 698 1902 749 διὰ

267 779 467 843 (Ιμόνων
512 781 660 845 ἁγίων
703 779 763 831 τὰ
812 786 1004 831 τοιαῦτα
1050 780 1188 835 Θεός·
1254 782 1497 851 ἀλλοτρίῳ
1549 781 1596 832 δὲ
1647 783 1723 832 καὶ
1770 782 1900 832 οὔπω

309 861 535 925 βεβηκότι
573 861 660 925 τὴν
695 865 758 916 εἷς
797 862 939 913 αὑτὸν
975 864 1219 924 εὐσέβειαν
1259 864 1342 914 οὐκ
1383 862 1441 914 ἂν
1478 865 1657 928 ἐπιδοίη
1695 862 1810 915 ποτὲ
1846 863 1901 914 τὸ

310 943 542 994 δύνασθαι
569 945 804 998 τοιαύταις
831 945 1177 1012 ἐναβρύνεσθαι
1205 944 1380 1014 δόξαις.
1435 948 1532 997 ἐπεὶ
1562 946 1739 1012 λεγέτω
1773 969 1896 1012 παρ·

309 1025 463 1076 ελθὼν
496 1028 520 1076 ὁ
559 1026 830 1096 παραπλὴξ
867 1031 1144 1092 Φαρισαῖος,
1171 1029 1240 1081 τίς
1280 1030 1383 1078 ἐστι
1423 1027 1594 1079 λοιπὸν
1630 1029 1658 1091 ἡ
1698 1025 1904 1095 διαφορὰ

309 1106 440 1174 παρὰ
485 1111 593 1177 Θεῷ
645 1110 782 1174 ἁγίου
832 1112 908 1160 καὶ
958 1109 1188 1174 βεβήλου,
1237 1111 1416 1160 δικαίου
1467 1112 1543 1160 καὶ
1595 1110 1899 1176 ἁμαρτωλοῦ,

310 1190 505 1241 ἀνοσίου
532 1193 608 1242 καὶ
636 1196 901 1260 θεοφιλοῦς.
961 1195 997 1242 εἰ
1029 1190 1122 1258 γὰρ
1151 1193 1328 1259 ἐφεῖται
1355 1191 1430 1242 διὰ
1455 1197 1549 1242 τῶν
1575 1191 1695 1242 ’ίσων
1721 1194 1903 1258 ἀπαρα-

309 1271 515 1335 ποιήτως
567 1273 852 1336 διαλάμπειν
897 1274 1129 1340 ἑκάτερον,
1177 1273 1309 1324 οὐδὲν
1354 1275 1419 1324 ε”τι
1467 1272 1521 1324 τὸ
1571 1279 1899 1337 μεσολαβοῦν,

310 1353 467 1404 πάντα
519 1354 568 1405 δὲ
613 1355 702 1419 ἤδη
746 1357 1050 1423 συγκέχυται,
1100 1358 1176 1406 καὶ
1223 1356 1276 1406 τὸ
1321 1355 1650 1421 γεγραμμένον
1695 1355 1903 1422 εὐλόγως

311 1437 504 1501 ἐροῦμεν
532 1445 556 1466 “
579 1438 645 1488 Τί
680 1442 848 1492 ἱκανῶς
886 1438 1206 1501 δουλεύσομεν
1238 1439 1378 1506 αὐτῷ,
1411 1437 1438 1501 ἦ
1479 1439 1547 1492 τίς
1587 1438 1793 1507 ὠφέλεια
1831 1437 1903 1489 ὅτι

273 1524 340 1562 e“
366 1518 703 1583 ἁπαντήσομεν
737 1521 922 1588 αὐτῴ;”
967 1525 1004 1570 εἰ
1045 1520 1138 1586 γὰρ
1179 1519 1391 1586 καθάπερ
1424 1522 1514 1588 ἔφη
1554 1543 1624 1574 τις
1661 1525 1756 1571 τῶν
1788 1519 1898 1586 παρ’

306 1598 527 1665 “Ἐλλησι
564 1606 772 1665 ποιητῶν

536 1706 626 1758 ’'Io-7]
657 1713 774 1760 μοῖρα
804 1708 972 1759 μένοντι,
1006 1710 1068 1748 καὶ
1099 1711 1133 1750 εἰ
1163 1708 1270 1759 μάλα
1300 1725 1357 1751 τις
1387 1709 1604 1759 πολεμίζοι,

311 1809 388 1859 καὶ
427 1810 476 1859 ἐν
507 1809 589 1877 ’ίσῃ
628 1814 739 1878 τιμῇ
779 1811 919 1864 κακός
957 1834 1006 1862 τε
1047 1814 1122 1862 καὶ
1161 1809 1354 1876 ἀγαθὸς,
1385 1816 1486 1865 πῶς
1524 1812 1606 1862 οὐκ
1645 1815 1815 1862 εἰκαῖον
1845 1809 1900 1862 τὸ

310 1896 492 1957 πικρῶν
536 1894 887 1958 ἀποπειρᾶσθαι
935 1891 1094 1944 πόνων
1140 1892 1215 1944 διὰ
1267 1893 1354 1957 τὴν
1400 1892 1599 1959 ἀρετήν;
1657 1894 1766 1944 ἀλλ’
1814 1893 1900 1961 οὐχ

311 1974 432 2024 οὕτω
458 1976 585 2024 ταῦτ’
609 1974 730 2041 ἔχειν
757 1975 1064 2041 λογιούμεθα·
1093 1975 1268 2037 πόθεν;
1301 1982 1327 2005 “
1348 1975 1472 2028 Τοὺς
1499 1975 1591 2041 γὰρ
1619 1974 1901 2044 δοξάζοντας

311 2063 340 2085 “
364 2079 438 2119 με,
465 2058 618 2125 φησιν
643 2059 667 2107 ὁ
697 2057 834 2119 Θεὸς,
862 2057 1073 2125 δοξάσω,
1100 2061 1177 2108 καὶ
1213 2059 1237 2108 ὁ
1274 2057 1529 2126 ἐξουδενῶν
1553 2080 1609 2121 με
1646 2058 1897 2126 ἐξουδενω-

311 2145 338 2168 “
365 2138 607 2202 θήσεται.”

388 2221 616 2286 Ἐροίμην
655 2220 700 2270 δ’
736 2219 794 2271 ἂν
830 2220 978 2285 ἔγωγε
1016 2220 1124 2274 τοὺς
1163 2222 1473 2289 οἱησίφρονας
1514 2221 1824 2288 Φαρισαίους,
1863 2222 1900 2270 εἰ

91 2314 177 2349 628
192 2313 242 2349 Α.
277 2324 300 2348 a
317 2303 591 2367 ἀδιακρίτως
618 2305 692 2352 καὶ
721 2301 796 2352 διὰ
820 2307 915 2352 τῶν
941 2303 1239 2368 ἁμαρτωλῶν
1260 2304 1440 2369 ἐνεργεῖ
1460 2303 1518 2353 τὰ
1544 2308 1736 2353 τοιαῦτα
1763 2301 1900 2365 Θεὸς,

314 2385 364 2436 τί
409 2384 474 2448 μὴ
525 2384 671 2434 ταῦτὰ
721 2388 788 2453 τῷ
836 2384 1032 2453 μεγάλῳ
1086 2388 1294 2435 Μωυσεῖ
1339 2384 1594 2451 δεδράκασι
1644 2383 1764 2434 κατὰ
1813 2385 1900 2447 τὴν

363 2547 392 2570 Ι.
417 2536 631 2580 ἀποκέκριται
651 2535 693 2570 B.
710 2535 829 2569 Holst.
847 2536 1075 2580 ἀποκέχρηται
1094 2548 1111 2570 e
1131 2536 1207 2570 Cat.
1224 2536 1322 2570 Harl.
1338 2536 1535 2570 emendavit
1549 2536 1643 2570 Aub.
1702 2535 1900 2572 ἀποδεικνὺς

311 2594 343 2617 a.
363 2583 441 2617 Cat.
462 2583 562 2617 Harl.
698 2592 728 2628 7.
757 2583 810 2616 διὰ
827 2585 938 2624 μόνων
960 2583 1033 2617 ss.a.
1054 2583 1130 2616 Οὶῑ.
1152 2583 1250 2616 Harl.
1269 2585 1372 2626 μόνον
1390 2583 1429 2617 δι’
1456 2583 1516 2617 Ht.
1539 2583 1606 2617 Ed.
1746 2584 1779 2616 8.
1804 2584 1898 2616 οὔπω

309 2629 492 2674 βεβηκότι]
512 2631 754 2672 βεβηλώσαντι
773 2641 803 2662 a.
825 2629 901 2665 Cat.
923 2629 1024 2664 Harl.
1218 2641 1269 2663 10.
1296 2630 1481 2675 ἐπιλεγέτω
1502 2630 1542 2664 Β.
1564 2630 1626 2664 Ht.
1644 2629 1716 2663 ἐπεὶ
1732 2628 1861 2674 λεγετω
1879 2640 1898 2662 e

313 2676 390 2711 Cat.
413 2677 510 2711 Ha1l.
529 2676 727 2710 emendavit
745 2676 839 2710 Aub
1124 2687 1177 2710 11.
1204 2677 1353 2721 διαφορὰ
1374 2677 1415 2710 Β.
1433 2676 1451 2719 ἡ
1472 2677 1648 2721 p1aemisit
1669 2676 1731 2709 Ht.
1751 2682 1783 2710 et
1801 2676 1847 2708 ita
1865 2686 1895 2708 a.

314 2723 368 2756 16.
395 2722 911 2767 δουλείσομεν-ἀπαντὴσομεν
930 2722 971 2756 Β.
991 2721 1298 2766 &mmmmm—st
1279 2722 1525 2767 απαντήσωμεν
1544 2722 1609 2756 Ed.
1743 2733 1794 2765 19.
1813 2720 1895 2780 ’Ίση

310 2771 419 2821 μοῖρα.
431 2770 473 2803 B.
491 2769 668 2813 Ἰσὴμοιρα
688 2769 755 2804 Ed.
827 2770 1004 2812 πολεμίζοι
1024 2770 1065 2803 Β.
1083 2771 1258 2812 πολεμιζει
1277 2769 1344 2805 Ed.
1559 2769 1730 2812 ,δοξάσω
1748 2768 1893 2812 φησιν’
1876 2783 1894 2801 ο

311 2817 396 2850 Θεὸς
413 2816 472 2849 inv
475 2828 552 2850 elso
569 2816 691 2850 ordine
709 2828 739 2850 a.
813 2815 1354 2859 ἐξουδενῶν-ἐξουδενωθησεται
1374 2817 1415 2850 Β.
1434 2795 1894 2859 ἐξουθενῶν-ἐξουθενωθή-

310 2876 407 2895 σεται
427 2862 492 2896 Ed.
607 2863 662 2896 26.
688 2863 864 2907 διακρίτως
885 2862 925 2897 Β.
945 2862 1008 2897 Ht.
1027 2862 1225 2897 emendavit
1242 2875 1260 2897 e
1279 2862 1355 2897 Cat.
1374 2869 1412 2897 ut
1431 2862 1500 2896 vid.
1519 2862 1615 2896 Aub.
1729 2870 1783 2905 27.
1811 2861 1894 2894 κατὰ

310 2907 370 2950 τὴν
389 2907 430 2942 Β.
451 2908 514 2943 Ht.
532 2912 599 2943 τῶν
617 2909 699 2943 Aub

1925 969 1972 993 10

1923 1836 1972 1861 20
