2037 3266
315 140 401 179 424
718 140 767 181 B.
802 140 1081 181 CYRILLI
1122 141 1502 182 ALEXANDR.
1757 142 1842 183 xiv.
1861 155 1899 197 9.

318 245 424 297 ὅποι
459 246 575 298 ποτὲ
609 249 841 309 βαδιεῖται
879 251 962 312 τῆς
1001 250 1177 303 εὐθείας
1217 251 1327 301 ὁδοῦ
1367 249 1651 301 διεκπίπτων
1682 251 1707 300 ὁ
1745 247 1901 314 λόγος,

318 333 395 378 καὶ
422 333 484 382 εἰς
511 328 609 380 οἷον
637 330 906 397 ἀποκομίζει
933 330 1178 397 βάραθρον
1205 331 1312 386 τοὺς
1338 334 1485 383 ε’κεῖνα
1509 329 1897 400 πεφρονηκότας;

279 428 300 455 e
318 409 450 461 ἀλλά
476 413 563 473 ναὶ,
591 412 796 475 δύναται,
825 415 962 480 φησὶ,
989 412 1139 462 καίτοι
1165 413 1359 478 γενητὸς
1396 414 1621 481 ὑπάρχων
1648 415 1672 463 ὁ
1699 412 1812 465 Υἱὸς
1845 411 1903 462 τὰ

316 495 399 556 τῆς
435 493 627 563 φύσεως
663 493 780 560 ἔργα
812 499 1044 560 πληροῦν,
1071 494 1218 563 δόξαν
1244 496 1365 546 οὕτω
1392 500 1458 564 τῷ
1485 499 1594 564 Θεῷ
1620 497 1696 546 καὶ
1725 495 1896 560 Πατρί.

317 572 416 626 εἶτα
453 577 502 627 τί
535 576 704 627 τούτου
742 580 959 644 φανεῖται
998 575 1051 627 τὸ
1091 577 1506 643 δυσσεβέστερονς
1553 577 1685 628 οὐδὲν
1711 575 1803 642 γὰρ
1838 577 1946 630 ἕτι5

316 656 371 708 τὸ
397 658 554 724 μεῖζον
578 659 681 723 η’τοι
713 658 767 708 τὸ
800 657 949 709 πλέον
973 660 1021 709 ἐν
1049 662 1158 728 Θεῷ
1183 659 1312 725 παρὰ
1338 659 1424 724 τὴν
1450 661 1619 722 κτίσιν,
1645 664 1681 710 εἰ
1713 661 1788 710 καὶ
1818 658 1904 722 τὴν

316 742 399 803 τῆς
435 738 657 804 θεότητος
694 739 841 809 δόξαν
871 763 920 791 τε
958 742 1035 792 καὶ
1068 740 1266 804 δύναμιν
1297 742 1414 809 αὐτῇ
1448 741 1784 808 περιθήσομεν.
1837 737 1902 804 μὴ

315 820 411 887 γάρ
435 844 505 875 τις
530 823 580 872 ἐκ
606 825 989 891 φρενοβλαβείας
1016 822 1186 874 οἰέσθω
1213 827 1401 888 πολλῆς
1432 823 1727 894 ἀξιάγαστόν
1753 845 1798 873 τι
1828 824 1903 873 καὶ

317 903 440 969 μέγα
461 907 568 970 περὶ
596 908 715 956 Υὶοῦ
742 909 933 974 φρονεῖν
959 928 1009 956 τε
1036 907 1110 956 καὶ
1138 905 1306 970 λέγειν,
1332 906 1402 957 ὅτι
1430 907 1608 970 κτίσμα
1639 906 1724 970 μέν
1749 907 1900 968 ἐστιν,

319 987 407 1054 οὐχ
433 989 495 1041 ὡς
522 987 570 1038 ἓν
597 987 646 1038 δὲ
673 992 767 1038 τῶν
793 987 1084 1051 κτισμάτων·
1125 988 1245 1040 ἵστω
1272 988 1320 1040 δὲ
1346 990 1400 1039 οὐ
1422 993 1597 1055 μικρῶς
1623 991 1794 1040 ἀδικῶν
1819 987 1904 1052 τὴν

96 1081 180 1117 779
195 1080 248 1115 A·
280 1067 468 1138 ειδόξαν
493 1071 653 1121 αὑτοῦ.
707 1071 760 1120 οὐ
793 1069 888 1136 γὰρ
927 1074 965 1121 εἰ
1000 1071 1240 1139 ἐξαίρετον
1266 1072 1358 1139 ἔχει
1393 1071 1480 1135 τὴν
1506 1071 1656 1140 φύσιν
1681 1069 1811 1135 παρὰ
1846 1069 1905 1120 τὰ

98 2388 200 2439 E..2.0k·

96 2443 163 2464 xm.
182 2442 214 2472 3.

319 1151 452 1202 ἄλλα
496 1152 735 1215 κτίσματα
781 1152 1014 1219 ζητητέον,
1054 1154 1164 1203 ἀλλ’
1205 1158 1241 1204 εἷ
1283 1153 1477 1220 γέγονεν
1516 1153 1654 1206 ὅλως.
1719 1151 1773 1204 τὸ
1811 1151 1905 1218 γὰρ

318 1232 433 1284 εἶναι
485 1236 664 1298 κτίσμα
706 1239 808 1289 πῶς
851 1235 908 1285 ἂν
951 1234 1187 1304 διαφύγοι,
1229 1241 1265 1288 εὶ
1311 1240 1387 1288 καὶ
1432 1235 1624 1288 πάντων
1664 1237 1766 1286 ἐστὶ
1810 1239 1905 1285 τῶν

318 1315 596 1380 κτισμάτων
634 1315 689 1368 τὸ
728 1316 998 1368 κάλλιστον
1020 1340 1032 1380 ;
1090 1319 1392 1384 ἀδικουμένης
1432 1319 1480 1370 δὲ
1519 1322 1601 1382 τῆς
1641 1318 1782 1386 δόξης
1821 1323 1905 1368 τοῦ

317 1402 437 1450 Υἱοῦ
483 1401 531 1450 ἐν
574 1403 641 1469 τῷ
686 1399 911 1465 γενέσθαι
956 1400 1117 1466 λέγειν
1161 1401 1316 1464 αὐτὸν,
1361 1403 1411 1453 τί
1449 1401 1603 1465 μάτην
1647 1400 1900 1465 ἐπάγουσι,

319 1480 532 1548 καθάπερ
559 1505 603 1532 τι
630 1480 883 1548 φάρμακον
911 1483 1052 1551 αὐτῷ,
1079 1481 1133 1534 τὸ
1159 1485 1207 1533 ἐν
1233 1488 1300 1553 τῷ
1334 1485 1585 1553 καλλίστῳ
1618 1488 1712 1534 τῶν
1737 1482 1906 1533 ἄλλων

319 1563 545 1631 ὑπάρχειν
586 1565 753 1633 τόπῳς
811 1566 1064 1631 ὑβριοῦμεν
1108 1572 1362 1632 τοιγαροῦν
1407 1567 1491 1631 τὴν
1532 1572 1615 1617 τοῦ
1661 1570 1785 1616 Θεοῦ
1830 1566 1906 1614 καὶ

320 1646 513 1712 Πατρὸς
549 1647 729 1710 οὐσίαν,
762 1650 800 1697 εἰ
835 1652 984 1698 ταῦτα
1019 1647 1253 1699 δύνασθαι
1290 1653 1550 1715 κατορθοῦν
1585 1647 1906 1714 περιθήσομεν

318 1733 385 1799 τῷ
424 1733 538 1798 Υἱῲ,
577 1734 760 1799 γενητῷ
803 1732 878 1780 καὶ
925 1731 1050 1800 αὐτῷ
1095 1730 1391 1798 τυγχάνοντι,
1432 1729 1551 1781 κατὰ
1595 1731 1677 1781 τὸν
1721 1731 1906 1781 ἐκείνων

274 1811 477 1875 ὺάμαθῆ
505 1814 580 1862 καὶ
615 1811 844 1863 ἀσύνετον
873 1812 1125 1878 λογισμόν.
1169 1815 1251 1864 οὐκ
1286 1814 1546 1882 ἀνεξόμεθα
1583 1812 1631 1863 δὲ
1667 1812 1905 1876 λεγόντων

319 1894 487 1957 αὐτῶν,
528 1894 599 1945 ὅτι
644 1894 703 1945 τὰ
748 1897 831 1958 τῆς
874 1893 1092 1959 θεότητος
1134 1895 1250 1962 ἔργα
1292 1900 1526 1962 κατορθοῖ,
1567 1896 1744 1957 κτίσμα
1786 1893 1906 1944 κατὰ

320 1975 471 2044 φύσιν
510 1976 736 2044 ὑπάρχων
775 1978 800 2027 ὁ
839 1976 966 2040 Υἱὸς,
1007 1979 1129 2028 οὕτω
1170 1977 1316 2047 δόξαν
1354 1982 1420 2047 τῷ
1460 1981 1569 2046 Θεῷ
1612 1979 1687 2027 καὶ
1728 1977 1901 2042 Πατρί.

319 2061 357 2108 εἷ
395 2057 482 2122 μὲν
516 2058 607 2126 γὰρ
645 2060 809 2127 ε”χουσι
843 2060 1065 2111 δεικνύειν
1099 2065 1239 2111 τοῦτο
1279 2060 1372 2111 ἀπὸ
1410 2062 1492 2123 τῆς
1531 2060 1655 2112 θείας
1693 2061 1902 2128 γραφῆς,

317 2141 736 2208 παρακομιζόντων
775 2141 806 2192 ἃ
842 2141 1117 2205 βούλονται,
1152 2145 1227 2193 καὶ
1271 2142 1628 2207 ἀκαπηλεύτους
1677 2142 1786 2205 ἡμῖν
1822 2139 1907 2195 τὰς

318 2227 414 2274 τῶν
441 2224 588 2289 ἁγίων
614 2225 883 2290 τηρούντων
911 2224 1089 2291 φωνάς·
1134 2228 1171 2274 εἰ
1199 2224 1246 2274 δὲ
1273 2224 1463 2289 γνώμης
1496 2225 1613 2276 ἰδίοις
1645 2222 1901 2288 εὑρήματα,

321 2306 396 2355 καὶ
423 2304 530 2358 τοὺς
557 2307 632 2357 ἐπὶ
657 2306 808 2375 τούτῳ
835 2306 1109 2369 πεποίηνται
1137 2304 1413 2372 λογισμοὺς,
1440 2305 1689 2372 χαριέντως
1715 2307 1907 2370 ἐροῦμεν

323 2393 350 2417 “
378 2388 501 2438 Οὐαὶ
528 2392 623 2442 τοῖς
649 2387 1035 2456 προφητεύουσιν
1061 2387 1155 2438 ἀπὸ
1182 2389 1373 2454 καρδίας
1399 2387 1600 2438 αὐτῶν·”
1641 2389 1788 2437 ε’κεῖνα
1813 2387 1906 2453 γὰρ

284 2495 305 2522 e
324 2470 543 2534 δώσομεν
577 2470 753 2522 ε’θὲλειν
787 2472 854 2521 ἀεὶ
893 2469 975 2521 τὸν
1004 2470 1211 2536 Πατέρα,
1239 2468 1269 2521 ἃ
1304 2469 1391 2534 τὴν
1421 2470 1548 2520 θείαν
1580 2470 1722 2520 αὑτοῦ
1762 2468 1907 2537 δόξαν

323 2552 725 2620 ἀπαραχάρακτον
759 2550 853 2603 οἶδε
892 2557 1060 2619 τηρεῖν,
1093 2554 1168 2602 καὶ
1207 2556 1300 2603 τῶν
1334 2553 1438 2618 περὶ
1478 2553 1620 2602 αὐτοῦ
1657 2551 1908 2617 δογμάτων

1928 1008 1975 1033 10

1928 1837 1978 1862 20

324 2635 539 2701 διασώζει
574 2634 660 2699 τὴν
692 2635 942 2701 ὀρθότητα.
995 2636 1162 2685 οὐκοῦν
1194 2640 1293 2688 ταῖς
1326 2635 1510 2685 ἐκείνων
1540 2634 1814 2687 ἀσυνεσίαις
1851 2631 1905 2684 τὸ
1927 2657 1978 2692 3ο

323 2718 559 2784 ε’ῤῥῶσθαι
586 2715 871 2785 φράσαντες,
899 2718 974 2768 ἐπὶ
1008 2716 1092 2768 τὸν
1118 2718 1275 2781 ἀληθῆ
1310 2718 1416 2782 περὶ
1449 2717 1590 2766 αὐτοῦ
1623 2715 1907 2782 χωρήσομεν

375 2907 428 2941 13.
454 2894 536 2930 εἶναι
553 2908 617 2941 pro
635 2896 674 2932 ἂν
692 2896 734 2931 Ε.
850 2897 903 2931 18.
928 2896 957 2930 εἶ
976 2896 1017 2930 Ε.
1035 2896 1052 2940 ἢ
1073 2895 1139 2930 Ed.
1256 2906 1382 2938 22-24.
1408 2897 1426 2929 ὁ
1443 2893 1752 2935 Υἱὸς-βούλονται
1770 2904 1840 2927 om.
1862 2893 1903 2928 Ε.

325 2953 382 2987 31.
408 2943 572 2987 ε’ρρᾶσθαι
591 2944 633 2978 Ε.
705 2942 910 2989 χωρήσομεν
927 2943 968 2977 E.
987 2943 1198 2988 χωρήσωμεν
1218 2942 1285 2977 Ed.
