2037 3266
288 125 373 165 448
694 125 745 166 B.
779 126 1055 167 CYRILLI
1096 127 1482 168 ALEXANDR.
1708 125 1792 166 xiv.
1815 138 1879 165 11.

290 232 605 298 νοηθήσεταις
646 234 758 285 ἀλλ’
787 236 871 286 οὐκ
907 239 969 289 εἰς
1002 242 1142 287 τοῦτο
1175 237 1353 303 μωρίας
1391 235 1483 287 σὺν
1513 235 1699 288 ἐκείνοις
1735 255 1878 284 κατο-

246 319 274 361 d
291 320 477 368 λισθεῖν
502 316 765 386 ἀνεξόμεθα
797 316 962 368 πάλιν·
1007 319 1110 369 οὔτε
1136 317 1229 385 γὰρ
1257 317 1334 369 διὰ
1359 324 1442 369 τοῦ
1471 316 1662 383 Πατρός
1689 319 1884 383 ἐροῦμεν

290 402 580 464 πεποιῆσθαι
613 399 697 450 τὸν
722 398 853 462 Υὶὸν,
879 401 984 451 οὕτε
1019 400 1113 464 μὴν
1139 401 1192 451 δι’
1222 404 1340 452 Υἱοῦ
1376 400 1600 466 γενέσθαι
1634 398 1718 450 τὸν
1743 399 1799 467 ἐξ
1829 397 1884 448 οὗ

290 480 351 532 τὰ
383 480 554 544 πάντα,
585 481 780 548 Πατέρα
815 485 891 532 καὶ
919 480 1060 532 Θεόν·
1110 482 1214 535 ε”θος
1249 481 1297 533 δὲ
1335 487 1528 546 μᾶλλον
1559 480 1613 532 τὸ
1652 484 1735 545 τῆς
1774 484 1879 531 θεο-

291 562 529 614 πνεύστου
565 566 755 631 γραφῆς
795 563 983 632 ἑκάστῷ
1017 562 1293 630 πρεπόντως
1328 565 1704 631 ε’πιῤῥιπτοῦντες
1739 566 1926 632 καιρῷό

291 647 368 697 καὶ
392 646 641 715 προσώπῳ
668 648 744 697 καὶ
778 644 1037 712 πράγματι,
1065 645 1274 712 καθαρόν
1301 669 1351 697 τε
1390 647 1465 697 καὶ
1503 647 1776 698 ἀνυπαίτιον
1802 646 1886 698 τὸν

291 728 364 794 ἐφ’
406 727 560 779 ἅπασι
604 733 701 782 τοῖς
746 729 1018 794 ἀναγκαίοις
1060 729 1385 797 ἐξυφανοῦμεν
1423 727 1589 794 λόγον.
1662 734 1759 782 τοῖς
1799 727 1886 792 μὲν

292 809 385 875 γὰρ
427 810 484 879 ἐξ
519 811 602 862 οὐκ
639 809 789 862 ὅντων
828 815 890 865 εἷς
928 809 982 861 τὸ
1021 809 1135 861 εἶναι
1173 814 1503 878 παρενεχθεῖσι
1543 812 1619 861 καὶ
1658 811 1886 876 γεγονόσι

293 890 370 941 διὰ
401 895 540 956 Θεοῦ,
565 897 666 947 πῶς
705 894 787 944 οὐκ
827 892 885 944 ἂν
915 890 1133 956 μάλιστα
1170 891 1340 958 πρέποι
1378 892 1432 943 τὸ
1473 893 1688 943 νοεῖσθαί
1722 915 1772 943 τε
1810 894 1886 943 καὶ

294 973 525 1039 λέγεσθαι
562 976 672 1042 παρ’
701 976 848 1039 ἡμῶν,
882 977 944 1029 ὡς
979 978 1098 1026 εἰσὶν
1129 976 1177 1026 ἐν
1204 979 1328 1044 Θεῷ,
1354 975 1572 1026 τουτέστι
1611 973 1688 1025 διὰ
1724 978 1881 1037 Θεοῦ;
1909 995 1958 1021 10

256 1060 360 1125 Οτῷ
398 1056 547 1122 γεμὴν
579 1057 700 1109 κατὰ
739 1057 891 1128 φύσιν
917 1061 1019 1126 Υὶῷ
1058 1059 1134 1108 καὶ
1173 1058 1333 1127 Κυρίῳ
1373 1059 1447 1108 καὶ
1482 1061 1591 1126 Θεῷ
1631 1059 1706 1108 καὶ
1745 1061 1882 1121 δημι-

294 1143 450 1208 ουργῷ
476 1144 571 1190 τῶν
597 1140 738 1202 ὅλων,
767 1141 850 1190 οὐκ
882 1138 940 1190 ἂν
966 1137 1105 1200 οἶμαι,
1126 1144 1265 1190 τοῦτο
1300 1139 1468 1206 κυρίως
1500 1162 1549 1190 τε
1585 1141 1661 1189 καὶ
1696 1141 1888 1203 ἀληθῶς

294 1221 560 1286 ἁρμόσειεν,
587 1220 701 1273 εἶναι
739 1221 788 1273 δὲ
823 1226 1040 1290 φυσικῶς
1074 1223 1122 1272 ἐν
1150 1223 1306 1288 Πατρὶ
1341 1223 1417 1272 καὶ
1451 1219 1729 1288 ἐνυπάρχειν
1760 1222 1888 1290 αὐτῷ

293 1302 415 1370 ἔχειν
450 1326 496 1353 τε
535 1304 677 1355 αὐτὸν
711 1306 760 1355 ἐν
792 1305 955 1374 ἑαυτῷ,
992 1303 1066 1355 διὰ
1104 1304 1159 1354 τὸ
1198 1305 1246 1354 ἐν
1283 1303 1448 1357 οὐσίας
1486 1303 1738 1366 ταυτότητι
1778 1303 1889 1370 φαί-

295 1389 476 1447 νεσθαι,
502 1388 577 1436 καὶ
615 1386 760 1451 μηδὲν
795 1386 916 1454 ἔχειν
950 1390 1197 1440 παντελῶς
1234 1385 1289 1436 τὸ
1327 1390 1638 1450 μεσολαβοῦν
1668 1386 1744 1436 καὶ
1783 1388 1882 1436 δια·
1912 1399 1959 1438 15

294 1468 464 1531 τέμνον
490 1472 552 1522 εἰς
579 1469 827 1535 ἑτερότητα
855 1468 1082 1535 φυσικήν.

376 1552 470 1600 Καὶ
497 1549 567 1601 ὅτι
593 1549 678 1614 μὲν
704 1550 819 1603 ἰ’σως
846 1555 942 1604 τοῖς
969 1549 1341 1614 εὐμαθεστέροις,
1369 1547 1429 1603 ὥς
1456 1571 1510 1614 γε
1536 1571 1616 1613 μοι
1651 1548 1885 1618 φαίνεται,

299 1636 457 1685 καλῶς
493 1634 715 1699 διείρηται
753 1632 929 1700 δόξειεν
955 1631 1026 1695 ἂν,
1055 1631 1325 1683 συναινέσει
1360 1629 1510 1696 γεμὴν
1537 1632 1561 1681 ὁ
1597 1631 1652 1681 δι’
1681 1631 1890 1683 ἐναντίας

300 1714 530 1777 οὐδαμῶς·
586 1716 681 1781 ε’ρεῖ
710 1714 759 1765 δὲ
794 1715 850 1778 δὴ
886 1714 1049 1776 πάλιν,
1075 1715 1158 1765 τὸν
1192 1715 1240 1764 ἐν
1270 1716 1438 1781 ἀρχαῖς
1476 1712 1891 1776 εἰσκεκομισμένον

77 1811 164 1847 796
178 1809 227 1843 Α.
261 1819 282 1843 a
301 1796 672 1859 ἀναμασώμενος
707 1796 871 1863 λόγον,
895 1797 967 1848 ὅτι
1002 1798 1148 1850 οὕτως
1183 1797 1313 1847 ἐστὶν
1340 1797 1365 1846 ὁ
1395 1794 1565 1862 Πατὴρ
1600 1796 1648 1845 ἐν
1674 1798 1740 1864 τῷ
1765 1797 1888 1863 Υὶῷ,
1913 1814 1963 1841 20

300 1876 465 1945 ὥσπερ
491 1880 618 1943 ἡμεῖς
645 1881 694 1930 ἐν
718 1881 859 1949 αὐτῷ.

374 1962 441 2011 Τί
486 1962 568 2012 οὖν
615 1962 723 2028 ἄρα·
792 1961 1033 2030 φήσαιμεν
1082 1959 1142 2011 ἂν
1193 1961 1275 2011 οὐκ
1331 1959 1571 2012 ἀσυνέτως
1619 1957 1892 2026 ἐλέγχοντες

300 2042 463 2110 σαθρά
489 2067 537 2094 τε
565 2046 641 2095 καὶ
668 2044 949 2110 μειρακιώδη
984 2041 1252 2111 φρονοῦντά
1286 2064 1333 2092 τε
1370 2043 1445 2092 καὶ
1480 2041 1702 2106 λέγοντα·
1746 2042 1893 2093 οὕτως

301 2124 416 2176 εἶναι
467 2124 562 2195 φῂς
613 2127 696 2177 τὸν
736 2125 854 2176 Υἱὸν
899 2128 948 2176 ἐν
989 2126 1159 2191 Πατρὶ,
1205 2122 1417 2189 καθάπερ
1462 2122 1584 2186 ἡμᾶς
1634 2124 1682 2173 ἐν
1726 2123 1887 2191 αὐτῷ;

302 2212 473 2261 καλῶς.
524 2206 623 2259 εἶτα
648 2209 696 2259 τί
719 2208 790 2272 δὴ,
816 2206 934 2275 πρὸς
968 2213 1107 2257 τοῦτο
1141 2208 1349 2272 ἐροῦμεν,
1382 2203 1446 2268 μὴ
1483 2208 1579 2258 τοῖς
1614 2204 1736 2257 ἰ’σοις
1772 2204 1891 2267 ἡμᾶς
1915 2223 1962 2262 25

301 2290 699 2354 ἐπισεμνύνεσθαι
750 2289 913 2355 λόγοις
962 2287 1016 2340 τὸ
1065 2291 1148 2351 τῆς
1198 2287 1423 2352 ἡμετέρας
1482 2285 1674 2354 φύσεως
1729 2287 1892 2354 ἐφίησι

301 2372 486 2438 μέτρον,
514 2371 683 2438 οἷσπερ
719 2370 778 2422 ἂν
805 2373 955 2440 ὁρῷτο
992 2373 1067 2421 καὶ
1104 2369 1242 2423 αὐτὸς
1279 2369 1303 2418 ὁ
1340 2366 1585 2434 Χριστός;
1634 2367 1772 2421 αὐτὸς
1808 2367 1893 2431 μὲν

304 2452 396 2520 γὰρ
432 2454 619 2520 ἐπείπερ
653 2455 784 2504 ἐστὶν
816 2454 864 2503 ἐν
892 2453 1062 2518 Hormi,
1090 2450 1183 2518 ε”χει
1221 2449 1270 2501 δὲ
1308 2452 1357 2500 ἐν
1389 2450 1536 2518 ἑαυτῷ
1570 2447 1653 2500 τὸν
1682 2448 1889 2516 Πατέρα,

259 2534 386 2587 ὺᾶτε
425 2535 481 2600 δὴ
521 2536 597 2586 καὶ
636 2535 768 2586 εἰκὼν
808 2535 950 2585 αὐτοῦ
994 2535 1070 2585 καὶ
1114 2531 1358 2600 χαρακτὴρ
1405 2528 1776 2597 ἀπαράλλακτος
1818 2530 1893 2581 διὰ

303 2624 442 2669 τοῦτο
469 2617 693 2685 ὑπάρχων
713 2623 740 2645 “
756 2617 818 2668 Ὁ
839 2616 1054 2683 ἑωρακὼς
1079 2614 1171 2679 ἐμὲ,
1190 2616 1355 2682 φησὶν,
1379 2613 1553 2679 ἑώρακε
1577 2611 1659 2664 τὸν
1678 2613 1889 2679 Πατέρα,
1914 2633 1964 2670 30

304 2707 332 2730 ‘⁶
356 2700 449 2766 ἐγὼ
489 2702 564 2751 καὶ
599 2701 623 2751 ὁ
665 2697 835 2764 Πατὴρ
871 2699 919 2749 ἕν
951 2698 1132 2762 ἐσμεν,”
1161 2697 1293 2761 ἡμεῖς
1332 2695 1380 2746 δὲ
1419 2695 1522 2746 εἰπέ
1552 2717 1645 2758 μοι,
1672 2698 1710 2745 εἰ
1748 2695 1895 2748 οὕτως

305 2781 449 2847 ἐσμὲν
494 2783 542 2833 ἐν
587 2783 726 2851 αὐτῷ,
768 2781 934 2848 ἔχομέν
978 2803 1027 2831 τε
1077 2777 1219 2830 αὐτὸν
1265 2779 1314 2829 ἐν
1358 2777 1550 2839 ἑαυτοῖς,
1595 2776 1760 2842 ὥσπερ
1813 2776 1894 2827 οὖν

354 2940 387 2973 8.
413 2939 472 2973 οὐκ
490 2939 527 2983 ἐξ
545 2940 603 2973 οὐκ
621 2938 662 2973 Ε.
828 2950 861 2982 9.
886 2937 1007 2981 πρέπει
1027 2937 1069 2972 Ε.
1233 2937 1285 2970 18.
1311 2934 1464 2979 διήρηται
1483 2933 1525 2968 Ε.
1601 2931 1784 2976 συνιιινέσῃ
1804 2931 1845 2967 Ε.
