2022 3272
100 119 332 171 xv.26‚27.
381 119 454 159 IN
497 119 538 161 S.
573 118 915 159 JOANNEM.
978 117 1104 159 LIB.
1139 118 1192 158 X.
1255 118 1386 158 CAP.
1421 117 1482 159 ΙΙ.
1603 118 1686 158 607

98 227 264 294 γέγονε
291 228 571 295 δημιουργὸς
599 229 624 278 ὁ
640 226 877 327 Χριστὸς,
903 225 933 277 ἂ
959 230 1034 278 καὶ
1063 226 1149 291 τὴν
1176 227 1423 281 Μωυσέως
1452 227 1684 293 ὑπεραίρει
1704 258 1724 283 0

99 307 246 378 δόξαν
287 333 361 361 και
403 309 580 364 παντὸς
626 310 762 375 ἁγίου
805 307 1138 408 λαμπρότητα·
1191 332 1246 359 το
1285 309 1378 374 γὰρ
1418 308 1565 377 φάναι
1604 307 1688 359 τὸν

102 391 279 458 Κύριον
321 396 421 443 “Εὶ
460 391 519 443 τὰ
558 392 673 459 ε’ργα
711 415 775 456 μη
810 392 1010 455 ἐποίησα
1038 393 1086 441 ἐν
1113 392 1267 444 αὑτοῖς
1292 388 1322 441 ἂ
1350 393 1508 455 μηδεις
1536 391 1687 443 ἀλλος
1749 390 1885 476 {22²4

99 481 126 504 ‘⁶
153 476 386 540 ἐποί,”ησε
427 474 647 539 τοιαύτην
689 475 799 539 ἡμῖν
837 497 923 538 την
950 473 1157 525 διανοιαν
1189 472 1413 542 εἷσφερει
1469 471 1567 523 εἶτα
1605 472 1688 522 τὸν

56 561 195 613 5τῶν
235 557 502 609 ἐλαττόνων
545 557 778 624 ὑπηρέτην
820 558 896 608 καὶ
936 556 1164 620 διάκονον,
1210 558 1332 625 φημὶ
1372 555 1420 606 δὲ
1458 554 1687 618 Μωυσέα,

97 644 199 693 ταῖς
225 641 346 690 οὕτω
382 645 623 706 λαμπραῖς
658 639 972 708 καταστέφεις
999 644 1168 702 τιμαῖς,
1195 638 1279 690 τὸν
1306 636 1354 688 δὲ
1390 637 1689 704 ἀσυγκρίτως

100 722 338 791 ὑπερφερῆ
375 724 450 773 καὶ
485 721 613 774 πολὺ
645 726 739 773 τῶν
766 720 1022 785 ἀμεινόνων
1053 720 1270 788 ἐργάτην,
1298 720 1538 774 ἀσυνέτως
1566 720 1688 770 οὕτω

98 804 464 870 παρωθούμενος
491 805 573 855 οὐκ
599 805 827 872 ἐρυθριᾷς,
856 804 1003 854 καίτοι
1031 809 1127 857 τοῖς
1153 803 1230 854 διὰ
1252 802 1500 856 Μωυσέως
1527 825 1684 870 χρησ-

97 885 355 955 μῳδήμασι
407 886 461 937 τὸ
512 885 664 938 πάλαι
714 885 1057 952 διηγγελμένον
1108 884 1350 952 ἐπάγοντα
1404 885 1561 951 πέρας,
1614 886 1690 935 καὶ

32 993 80 1020 ιο
99 970 439 1020 κατακλείοντα
477 968 648 1020 λοιπὸν
686 972 748 1022 εὶς
787 968 1014 1033 ἀλήθειαν
1039 967 1125 1033 τὴν
1152 967 1308 1020 σκιάν.
1363 969 1482 1032 ὁμοῦ
1521 990 1682 1033 τοιγα-
1707 988 1729 1012 a
1760 980 1842 1014 910
1860 979 1909 1013 A·

97 1057 212 1119 ροῦν
243 1052 268 1102 ὃ
301 1051 477 1118 Κύριος
505 1052 637 1116 ἡμῶν
670 1052 858 1116 Ἰησοῦς
886 1053 910 1102 ὁ
938 1050 1154 1118 Χριστὸς
1188 1050 1573 1114 συνεισκεκόμικε
1604 1050 1690 1113 μὲν

99 1135 363 1201 ἀναγκαίως
399 1135 548 1204 ἑαυτῷ
573 1157 623 1185 τε
650 1137 726 1185 καὶ
754 1138 820 1203 τῷ
850 1136 1006 1200 Πατρῖ
1033 1132 1121 1198 τὴν
1145 1139 1228 1185 τοῦ
1258 1132 1536 1197 Πνεύματος
1563 1132 1686 1198 μνή-

97 1236 209 1282 μην·
265 1217 518 1285 ἀπελέγχει
543 1215 592 1268 δὲ
619 1215 716 1281 ἅμα
750 1215 805 1268 τὸ
844 1216 1086 1282 εἰρημένον
1123 1214 1312 1280 ἀληθὲς,
1339 1216 1600 1278 τουτέστιν,
1628 1217 1690 1268 ὡς

99 1298 227 1366 ε’ίπερ
260 1322 330 1353 τις
356 1300 512 1350 ἕλοιτο
539 1298 615 1349 διὰ
640 1300 810 1363 μίσους
843 1298 964 1366 ἔχειν
990 1298 1072 1349 τὸν
1099 1297 1233 1361 Υἱὸν,
1262 1297 1690 1363 συναποστυγήσει

31 1398 79 1438 15
101 1380 157 1445 δὴ
191 1380 380 1436 πάντως
415 1383 491 1433 καὶ
526 1381 609 1433 τὸν
635 1381 692 1450 ἐξ
719 1381 862 1449 οὗπέρ
909 1383 1013 1432 ἐστι
1041 1381 1248 1447 Πατέρα·
1291 1382 1369 1432 καὶ
1404 1385 1504 1434 πῶς
1530 1378 1559 1445 ἢ
1586 1381 1690 1432 τίνα

100 1462 157 1528 δὴ
183 1464 380 1530 τρόπον,
413 1464 495 1515 θέα
521 1462 683 1515 πάλιν.

174 1545 298 1597 Ἰδοὺ
338 1545 431 1612 γὰρ
473 1545 572 1597 ἶδοὺ
611 1545 790 1615 πνεύμων
833 1545 907 1606 τῆς
949 1544 1176 1609 ἀληθείας,
1217 1544 1464 1596 τουτέστιν
1509 1546 1687 1608 ἑαυτοῦ,

98 1627 182 1679 τὸν
221 1628 545 1695 Παράκλητον
583 1629 746 1691 εἰπὼν,
789 1627 920 1698 παραὶ
957 1630 1028 1679 τοῦ
1060 1628 1234 1699 Πατρὶς
1275 1626 1418 1679 αὐτὸν
1457 1627 1681 1695 ἐκπορεύε-
1707 1639 1733 1681 b

99 1711 220 1762 σθαί
267 1715 433 1779 φησιν.
501 1710 663 1778 ὥσπερ
715 1710 808 1777 γάρ
853 1713 985 1762 ἐστιν
1034 1710 1150 1762 ’ίδιον
1192 1715 1390 1774 Πνεῦμα
1440 1716 1523 1761 τοῦ
1570 1713 1689 1760 Υἱοῦ

32 1829 83 1854 20
102 1797 330 1862 φυσικῶς,
357 1795 405 1844 ἐν
431 1794 555 1862 αὐτῷ
582 1817 631 1844 τε
659 1793 873 1860 ὑπάρχον
900 1795 976 1843 καὶ
1008 1794 1063 1843 δι’
1089 1794 1232 1844 αὑτοῦ
1256 1791 1437 1858 προϊὸν,
1465 1794 1587 1843 οὕτω
1613 1794 1690 1843 καὶ

100 1881 184 1926 τοῦ
225 1874 432 1941 Πατρός·
485 1875 551 1928 οἷς
591 1875 639 1926 δὲ
678 1875 732 1926 τὸ
762 1879 958 1938 Πνεῦμα
997 1874 1168 1937 κοινὸν,
1204 1874 1386 1928 τούτοις
1426 1873 1492 1938 εἴη
1539 1873 1689 1938 δήπου

100 1956 290 2011 πάντως
329 1955 386 2008 ἂν
423 1959 499 2008 καὶ
537 1957 596 2008 τὰ
635 1959 717 2021 τῆς
756 1958 920 2010 οὐσίας
959 1958 1013 2007 οὑ
1053 1957 1352 2023 διωρισμένα.
1406 1955 1470 2020 μὴ
1504 1954 1598 2022 γὰρ
1630 1955 1687 2020 δή

100 2062 220 2093 τινες
255 2040 375 2104 ἡμᾶς
410 2044 504 2090 τῶν
530 2043 787 2101 δυσσεβεῖν
812 2039 1041 2090 εἰωθότων
1069 2044 1165 2092 τοῖς
1192 2039 1242 2090 ἐκ
1268 2039 1471 2101 ἀμαθίας
1507 2040 1683 2089 ἀποκο-

100 2122 328 2189 μιζόντων
354 2121 518 2188 λόγοις
545 2125 607 2176 εἷς
633 2119 664 2172 ἀ
694 2121 759 2186 μὴ
788 2123 916 2184 θέμις
951 2123 1136 2183 ἐννοεῖν,
1165 2123 1226 2175 ὡς
1262 2120 1550 2187 ὑπουργικήν
1584 2144 1690 2172 τινα

34 2227 82 2267 25
101 2204 262 2272 χρείαν
301 2206 596 2271 ἀποπληρῶν
630 2205 655 2255 ὁ
693 2202 809 2258 Υἱὸς
847 2204 892 2256 τὶ
933 2203 1066 2274 παραὶ
1103 2205 1176 2255 τοῦ
1202 2203 1377 2302 Πατρὶς
1407 2205 1590 2271 Πνεῦμα
1628 2207 1688 2271 τῇ

100 2286 252 2353 κτίσει
276 2289 490 2338 διακονεῖ·
534 2309 609 2337 και
636 2292 775 2338 τοῦτο
801 2309 895 2353 γαρ
922 2285 1162 2339 ἀσυνετως
1187 2308 1305 2339 τινες
1333 2285 1386 2336 οὑ
1413 2284 1689 2336 κατέδεισαν
1709 2306 1730 2332 c

101 2372 258 2420 εἰπεῖν.
311 2368 550 2420 πιστεύειν
589 2368 637 2419 δὲ
682 2373 873 2432 μᾶλλον
917 2367 1198 2426 ἀκόλουθον,
1242 2369 1304 2421 ὡς
1348 2368 1536 2444 ἐπείπερ
1574 2365 1691 2418 ἰ’διόν

102 2453 234 2502 ἐστιν
278 2452 434 2514 αὑτοῦ,
476 2444 689 2517 καθάπερ
733 2449 898 2513 ἀμέλει
942 2473 1045 2501 και
1066 2455 1149 2501 τοῦ
1195 2453 1322 2500 Θεοῦ
1366 2472 1441 2500 και
1485 2446 1691 2514 Πατρος,

103 2530 397 2584 ἀποστέλλει
435 2537 531 2585 τοῖς
558 2533 708 2597 ἁγίοις
740 2533 882 2583 αὐτοῦ
915 2536 1147 2596 μαθηταῖς
1184 2554 1305 2597 προς
1340 2530 1598 2596 ἁγιασμόν.
1654 2552 1692 2579 ει

35 2639 86 2676 30
104 2613 154 2665 δὲ
192 2613 249 2678 δὴ
289 2613 530 2679 νομίζουσι
567 2611 744 2679 τρόπον
768 2612 896 2664 τινὰ
909 2615 985 2664 καὶ
1024 2612 1162 2679 δριμυ
1189 2616 1310 2663 νοεῖν
1335 2635 1384 2662 τε
1413 2613 1489 2662 καὶ
1520 2611 1691 2677 λεγειν,

103 2694 319 2746 διάκονον
356 2695 465 2759 ἡμῖν
503 2696 579 2746 καὶ
618 2693 857 2761 ὑπουργὸν
891 2696 978 2745 κάν
1003 2693 1154 2763 τούτῳ
1193 2692 1250 2758 δὴ
1285 2692 1434 2744 πάλιν
1465 2691 1548 2744 τὸν
1574 2692 1693 2744 Υἱὸν

152 2894 185 2924 4.
210 2881 372 2924 πεποίηκε
391 2880 432 2914 Ε.
451 2880 495 2914 cf.
515 2891 621 2925 supra
639 2888 705 2926 907
724 2879 759 2914 b.
914 2879 947 2913 8.
973 2880 1030 2922 τῆς
1049 2889 1113 2923 pro
1131 2880 1202 2914 τοῖς
1220 2878 1261 2912 Ε.
1428 2888 1529 2924 17—p.
1544 2878 1622 2923 609,
1638 2889 1693 2912 22.

107 2927 215 2962 citant
232 2940 265 2974 q.
285 2928 390 2962 Vecci
408 2927 530 2972 Epigr.
550 2939 582 2961 v.
811 2936 867 2971 30.
894 2925 1014 2971 δριμὺν
1032 2925 1073 2960 Ε.
1094 2926 1204 2960 invito
1221 2925 1349 2960 Vecco.
