2037 3266
352 137 438 175 418
755 135 807 175 B.
840 135 1114 176 CYRILLI
1156 135 1535 175 ALEXANDR.
1798 134 1881 175 xiv.
1902 133 1940 174 8.

353 242 492 312 ὤφθη
518 243 630 294 ποτὲ
658 248 754 298 τοῖς
785 245 948 309 ἁγίοις,
974 247 1034 298 ὡς
1070 245 1098 308 ἡ
1139 243 1455 297 θεόπνευστος
1489 244 1581 311 ἔφη
1614 241 1799 310 γραφὴ,
1829 243 1940 292 ἀλλ’

356 327 440 376 οὐκ
478 324 535 375 ἂν
570 323 701 389 οἶμαί
731 349 799 380 τις
836 325 1138 390 ὑποτοπήσαι
1173 325 1288 377 ποτὲ
1323 328 1509 393 ἐμφανῆ
1542 325 1628 389 τὴν
1659 325 1785 376 θείαν
1810 324 1938 389 γενέ-

318 412 474 459 οσθαι
525 407 676 476 φύσιν
721 408 880 470 οὕτως,
928 409 990 461 ὡς
1041 408 1134 474 ἔχει
1180 409 1287 459 καθ’
1329 407 1511 472 ἑαυτὴν,
1555 405 1854 458 πλάττεσθαι
1896 404 1944 456 δὲ

355 495 548 553 μᾶλλον
573 494 635 543 εἷς
661 489 715 540 τὸ
740 494 806 558 τῷ
833 494 979 558 καιρῷ
1003 490 1397 556 πρεπωδέστερον
1424 493 1607 556 σχῆμα.
1660 490 1736 539 καὶ
1761 493 1876 553 γοῦν
1903 490 1944 538 οἱ

353 575 596 640 προφῆται
635 571 872 639 διαφόρως
911 570 1053 622 αὑτὸν
1091 572 1345 634 τεθέανται,
1385 575 1461 622 καὶ
1499 571 1711 624 ποικίλος
1749 592 1799 620 τε
1838 571 1984 636 περὶ5

354 657 479 704 Θεοῦ
519 653 628 719 παρ’
666 654 850 707 ἐκείνοις
890 655 914 704 ὁ
958 653 1119 718 λόγος.
1185 655 1210 704 ὁ
1251 651 1336 716 μὲν
1376 653 1470 720 γὰρ
1507 652 1718 706 (Ησαίας
1759 651 1940 717 ἑτερως,

351 735 571 802 Ἰεζεκιὴλ
617 735 664 785 δὲ
708 735 857 786 πάλιν
903 738 990 803 οὐχ
1035 736 1204 799 ὁμοίως
1249 739 1316 805 τῷ
1359 735 1467 802 παρ’
1515 737 1670 804 ἐκείνῳ
1720 733 1939 798 θαύματι.

352 818 441 869 ἔδει
475 819 629 868 τοίνυν
656 817 862 868 συνιέναι
897 817 980 868 τὸν
1006 817 1264 880 Φίλιππον,
1292 821 1353 871 ὡς
1392 817 1449 882 ἧν
1481 841 1525 869 τι
1563 822 1657 868 τῶν
1689 816 1944 884 ἀμηχάνων

351 905 612 962 παντελῶς,
641 899 726 963 τὴν
752 901 880 950 θείαν
907 899 1141 951 δύνασθαι
1169 903 1369 951 κατιδεῖν
1393 901 1576 959 οὐσίαν,
1605 902 1679 950 καὶ
1705 904 1842 950 τοῦτο
1868 897 1944 949 διὰ

350 983 543 1050 σαρκὸς,
571 986 646 1034 καὶ
684 984 737 1034 οὐ
772 981 890 1045 μετὰ
925 982 1121 1048 σαρκὸς,
1150 982 1227 1033 ὅτε
1266 986 1341 1033 καὶ
1382 984 1436 1033 οὐ
1475 981 1670 1052 σφόδρα
1709 979 1939 1048 νουνεχές,
1965 1007 2013 1032 10

349 1065 597 1131 παρούσης·
641 1066 767 1135 αὐτῷ
810 1068 893 1128 τῆς
935 1063 1109 1118 εἰκόνος
1151 1067 1227 1115 καὶ
1266 1067 1490 1131 ἀκριβοῦς
1528 1067 1823 1132 χαρακτῆρος
1861 1068 1944 1113 τοῦ

307 1151 477 1198 (ῙΘεοῦ
516 1149 591 1198 καὶ
633 1146 840 1213 Πατρὸς,
873 1148 942 1198 ἐπ’
980 1145 1093 1197 αὐτὸ
1133 1147 1282 1213 ζητεῖν
1322 1147 1433 1197 ἰέναι
1472 1146 1526 1197 τὸ
1565 1145 1841 1214 ἀρχέτυπον,
1881 1145 1944 1198 ὡς

350 1230 480 1280 οὔπω
518 1229 686 1294 παρὸν,
713 1232 789 1280 καὶ
825 1233 934 1280 καθ’
963 1228 1016 1279 ὃν
1052 1228 1142 1279 ε”δει
1179 1229 1328 1294 λόγον
1358 1228 1629 1296 ἐπιδειχθέν.
1682 1225 1942 1290 ἱκανωτάτη

348 1310 444 1377 γὰρ
480 1312 589 1362 λίαν
615 1314 677 1365 εἷς
712 1310 1026 1377 παράστασιν
1052 1313 1135 1374 τῆς
1170 1311 1337 1364 οὐσίας
1372 1317 1455 1362 τοῦ
1488 1315 1613 1362 Θεοῦ
1647 1312 1722 1360 καὶ
1751 1306 1943 1374 Πατρὸς

348 1394 377 1457 ἡ
407 1397 625 1459 Χριστοῦ
665 1394 848 1459 θεωρία,
875 1398 1033 1447 καλῶς
1072 1415 1121 1444 τε
1157 1394 1233 1443 καὶ
1271 1394 1478 1458 ἀκριβῶς
1516 1393 1850 1461 ἐξυφαίνοντος
1887 1389 1941 1441 τὸ
1964 1412 2010 1451 ¹5

1799 1473 1873 1501 ‘c'

127 1461 149 1493 S
154 1461 275 1493 ‚Matth
281 1487 287 1494 .
1919 1471 1933 1486 x

1847 1495 1941 1523 απΟ

125 1506 182 1537 xii.
202 1515 254 1545 33-
348 1476 633 1544 ἀξιέραστον
659 1475 841 1529 κάλλος
867 1479 950 1539 τῆς
977 1475 1085 1526 ὅθεν
1111 1475 1257 1544 ἐξέφυ
1282 1478 1546 1538 βασιλικῆς
1573 1474 1753 1526 οὐσίας.

350 1565 376 1588 “
401 1558 495 1623 γὰρ
544 1564 627 1609 τοῦ
678 1564 860 1625 καρποῦ
905 1557 959 1608 τὸ
1002 1557 1194 1623 δένδρον
1238 1555 1642 1622 ἐπιγινώσκεται,”
1686 1554 1805 1606 κατὰ
1855 1553 1942 1618 τὴν

349 1641 491 1691 αὐτοῦ
530 1647 613 1691 τοῦ
655 1643 875 1704 Σωτῆρος
915 1638 1096 1706 φωνήν.
1168 1638 1462 1707 ἐξαρκούσης
1500 1643 1750 1704 τοιγαροῦν
1783 1640 1850 1705 τῷ
1887 1660 1942 1702 γε

349 1720 483 1790 ἅπαξ
517 1726 700 1791 συνετῷ
734 1725 816 1785 τῆς
853 1727 935 1772 τοῦ
961 1725 1080 1772 Υὶοῦ
1116 1722 1311 1787 θεωρίας
1349 1725 1411 1774 εἷς
1446 1719 1759 1787 παράστασίν
1785 1741 1835 1769 τε
1867 1720 1943 1769 καὶ

349 1806 521 1870 ἀκριβῆ
547 1804 899 1871 πληροφορίαν,
927 1804 995 1856 τίς
1022 1802 1081 1854 ἂν
1107 1803 1174 1867 ε”ίη
1211 1802 1329 1853 κατὰ
1362 1803 1512 1872 φύσιν
1539 1803 1616 1854 καὶ
1648 1804 1672 1852 ὁ
1705 1799 1942 1866 γεννήσας
1962 1827 2012 1852 20

309 1886 505 1937 θαύτόν·
552 1885 769 1952 περιττὸς
808 1885 892 1949 μὲν
928 1885 1045 1939 ἴσως
1084 1886 1109 1935 ὁ
1147 1891 1231 1936 τοῦ
1265 1889 1480 1949 μαθητοῦ
1518 1886 1735 1954 φαίνεται
1771 1882 1938 1948 λόγος,

347 1968 480 2032 πλὴν
522 1969 605 2019 οὐκ
651 1969 743 2037 ἔξω
785 1969 991 2018 κείσεται
1035 1971 1131 2018 τῶν
1172 1970 1234 2020 εἷς
1280 1967 1427 2033 ἄκρον
1465 1968 1668 2018 ἐπαίνων
1707 1964 1932 2029 ἡκόντων.

348 2050 491 2101 αὐτὸν
536 2050 630 2117 γὰρ
675 2048 803 2112 οἶμαι
849 2053 945 2100 δεῖν
991 2050 1044 2100 οὐ
1096 2050 1296 2115 μετρίως
1346 2048 1687 2112 ἀποθαυμάσαι
1739 2047 1944 2113 λε’γοντα

350 2133 499 2202 Δεῖξον
539 2136 634 2200 ἡμῖν
673 2132 740 2183 τὶν
781 2130 961 2201 Πατέρα
1004 2138 1080 2182 καὶ
1123 2134 1251 2199 ἀρκεῖ
1284 2134 1393 2199 ἡμῖν.
1461 2130 1621 2195 ὅμοιον
1659 2129 1753 2195 γὰρ
1799 2131 1861 2182 ὡς
1904 2131 1943 2178 εἰ

349 2215 440 2283 ἔφη
475 2214 618 2282 τυχόν
650 2213 824 2277 Πάσης
860 2213 918 2264 ἄν
952 2213 1065 2264 ε’ίσω
1105 2213 1328 2278 γενέσθαι
1366 2215 1449 2275 τῆς
1489 2213 1717 2275 θυμηδίας
1757 2213 1937 2274 ὁμολο-
1961 2232 2012 2272 25

348 2296 599 2362 γήσαιμεν,
627 2298 702 2346 καὶ
728 2295 845 2361 πρὸς
873 2294 927 2345 τὸ
960 2293 1075 2345 εἶναι
1108 2294 1348 2360 μακαρίως
1386 2294 1519 2344 οὐδέν
1545 2295 1648 2344 ἐστι
1686 2291 1739 2343 τὸ
1776 2297 1942 2343 λεῖπον

318 2440 320 2442 ,
349 2378 647 2444 ζητήσαιμεν,
675 2382 712 2428 εὶ
738 2380 827 2441 τῆς
847 2381 931 2427 τοῦ
957 2379 1083 2426 Θεοῦ
1116 2377 1192 2426 καὶ
1222 2374 1414 2441 Πατρὸς
1446 2375 1753 2443 ἀξιωθείημεν
1778 2380 1937 2425 πολυ-

127 2479 209 2516 775
224 2479 278 2514 Α.
309 2489 331 2513 a
349 2460 512 2510 εύκτου
537 2460 646 2514 θέας
672 2462 748 2510 καὶ
773 2459 919 2509 αὐτοί.
973 2460 997 2508 ὁ
1026 2457 1074 2508 δὲ
1101 2456 1279 2510 παντὸς
1304 2459 1492 2522 προθεὶς
1527 2459 1710 2522 ἀγαθοῦ
1745 2458 1821 2506 καὶ
1857 2460 1941 2506 τοῦ

348 2544 596 2595 δοκοῦντος
625 2545 688 2595 εἷς
719 2541 942 2604 εὐθυμίαν
968 2544 1217 2590 συντελεῖν
1244 2537 1330 2602 τὴν
1357 2544 1440 2589 τοῦ
1471 2536 1662 2605 Πατρός
1689 2537 1812 2600 θεάν,
1839 2542 1940 2590 πῶς

349 2625 432 2675 οὐκ
466 2623 523 2675 ἂν
550 2625 836 2689 ὁμολογοῖτο
870 2621 1047 2675 παντὸς
1084 2620 1310 2688 ὑπάρχειν
1337 2620 1468 2689 ἄξιος
1506 2620 1776 2684 θαύματοςς
1818 2620 1939 2670 οὕτω
1959 2642 2010 2679 30

348 2705 435 2770 μὲν
461 2707 544 2757 οὖν
569 2705 628 2757 τὰ
663 2707 711 2756 ἐν
735 2709 802 2775 τῷ
836 2703 1126 2773 προκειμένῳ
1162 2702 1514 2771 διαληψόμεθα,
1541 2703 1752 2769 καθάπερ
1788 2701 1935 2766 οἶμαι,

397 2871 429 2908 7.
456 2861 616 2907 θαύματι]
635 2860 685 2896 ἰ’σ.
704 2861 844 2905 θεάματι
864 2860 930 2895 Ed.
950 2872 1022 2905 mg.
1168 2870 1223 2893 20.
1249 2859 1282 2893 τί
1300 2859 1342 2893 Ε.
1479 2859 1534 2893 26.
1562 2857 1814 2904 Legendumne
1830 2871 1937 2901 μακα-

348 2943 465 2987 ρίουςὲ
539 2941 631 2987 ἐστι]
651 2956 708 2987 γρ.
726 2941 776 2975 ἔτι
794 2940 860 2975 Ed.
878 2952 953 2984 mg.
1097 2950 1153 2983 30.
1179 2914 1381 2984 ὁμολογεοίτο
1400 2939 1441 2973 Ε.
