<?xml version="1.0" encoding="UTF-8"?>
<!DOCTYPE html PUBLIC "-//W3C//DTD XHTML 1.0 Transitional//EN"
    "http://www.w3.org/TR/xhtml1/DTD/xhtml1-transitional.dtd">
<html xmlns="http://www.w3.org/1999/xhtml" xml:lang="en" lang="en">
 <head>
  <title>
</title>
<meta http-equiv="Content-Type" content="text/html;charset=utf-8" />
  <meta name='ocr-system' content='tesseract 3.04.00' />
  <meta name='ocr-capabilities' content='ocr_page ocr_carea ocr_par ocr_line ocrx_word'/>
</head>
<body>
  <div class='ocr_page' id='page_1' title='image "./operacyrilli04cyriuoft/operacyrilli04cyriuoft_0035.png"; bbox 0 0 1971 3272; ppageno 0'>
   <div class='ocr_carea' id='block_1_1' title="bbox 99 135 1682 191">
    <p class='ocr_par' dir='ltr' id='par_1_1' title="bbox 99 135 1682 191">
     <span class='ocr_line' id='line_1_1' title="bbox 99 135 1682 191; baseline -0.003 -14"><span class='ocrx_word' id='word_1_1' title='bbox 99 137 271 191; x_wconf 80' lang='lat' dir='ltr'>viii.25.</span> <span class='ocrx_word' id='word_1_2' title='bbox 346 138 419 178; x_wconf 94' lang='lat' dir='ltr'>IN</span> <span class='ocrx_word' id='word_1_3' title='bbox 461 138 504 179; x_wconf 88' lang='lat' dir='ltr'>S.</span> <span class='ocrx_word' id='word_1_4' title='bbox 538 136 874 178; x_wconf 78' lang='lat' dir='ltr'><strong>JOANNEM.</strong></span> <span class='ocrx_word' id='word_1_5' title='bbox 936 136 1062 177; x_wconf 82' lang='lat' dir='ltr'>LIB.</span> <span class='ocrx_word' id='word_1_6' title='bbox 1087 136 1140 176; x_wconf 91' lang='lat' dir='ltr'>V.</span> <span class='ocrx_word' id='word_1_7' title='bbox 1202 136 1334 176; x_wconf 79' lang='lat' dir='ltr'>CAP.</span> <span class='ocrx_word' id='word_1_8' title='bbox 1371 136 1447 175; x_wconf 80' lang='lat' dir='ltr'>IV.</span> <span class='ocrx_word' id='word_1_9' title='bbox 1628 135 1682 173; x_wconf 77' lang='lat'>23</span> 
     </span>
    </p>
   </div>
   <div class='ocr_carea' id='block_1_2' title="bbox 95 245 1684 474">
    <p class='ocr_par' dir='ltr' id='par_1_2' title="bbox 95 245 1684 474">
     <span class='ocr_line' id='line_1_2' title="bbox 98 245 1684 313; baseline -0.003 -17"><span class='ocrx_word' id='word_1_10' title='bbox 98 246 459 311; x_wconf 78' lang='grc' dir='ltr'>γινωσκόμενος,</span> <span class='ocrx_word' id='word_1_11' title='bbox 492 248 517 297; x_wconf 83' lang='grc' dir='ltr'><strong>ὁ</strong></span> <span class='ocrx_word' id='word_1_12' title='bbox 556 246 747 309; x_wconf 82' lang='grc' dir='ltr'>εὐτελης</span> <span class='ocrx_word' id='word_1_13' title='bbox 786 269 860 296; x_wconf 89' lang='grc' dir='ltr'>και</span> <span class='ocrx_word' id='word_1_14' title='bbox 900 245 956 313; x_wconf 77' lang='grc' dir='ltr'>ἐξ</span> <span class='ocrx_word' id='word_1_15' title='bbox 992 246 1213 306; x_wconf 81' lang='grc' dir='ltr'>εὐτελῶν,</span> <span class='ocrx_word' id='word_1_16' title='bbox 1254 246 1302 294; x_wconf 88' lang='grc' dir='ltr'>τί</span> <span class='ocrx_word' id='word_1_17' title='bbox 1336 246 1440 310; x_wconf 76' lang='grc' dir='ltr'>περὶ</span> <span class='ocrx_word' id='word_1_18' title='bbox 1481 249 1684 293; x_wconf 79' lang='grc' dir='ltr'>σεαυτοῦ</span> 
     </span>
     <span class='ocr_line' id='line_1_3' title="bbox 96 326 1684 394; baseline -0.001 -17"><span class='ocrx_word' id='word_1_19' title='bbox 96 327 362 393; x_wconf 89' lang='grc' dir='ltr'>λαμπρον</span> <span class='ocrx_word' id='word_1_20' title='bbox 345 351 461 394; x_wconf 89' lang='grc' dir='ltr'>εχεις</span> <span class='ocrx_word' id='word_1_21' title='bbox 496 332 652 389; x_wconf 76' lang='grc' dir='ltr'>εἰπεῖν,</span> <span class='ocrx_word' id='word_1_22' title='bbox 678 329 727 377; x_wconf 85' lang='grc' dir='ltr'>τί</span> <span class='ocrx_word' id='word_1_23' title='bbox 758 326 805 377; x_wconf 89' lang='grc' dir='ltr'>δε</span> <span class='ocrx_word' id='word_1_24' title='bbox 842 326 976 394; x_wconf 79' lang='grc' dir='ltr'>ἀξιον</span> <span class='ocrx_word' id='word_1_25' title='bbox 1003 326 1151 391; x_wconf 83' lang='grc' dir='ltr'>λόγου</span> <span class='ocrx_word' id='word_1_26' title='bbox 1177 330 1271 376; x_wconf 82' lang='grc' dir='ltr'>τῶν</span> <span class='ocrx_word' id='word_1_27' title='bbox 1295 348 1401 390; x_wconf 89' lang='grc' dir='ltr'>περι</span> <span class='ocrx_word' id='word_1_28' title='bbox 1430 348 1521 375; x_wconf 87' lang='grc' dir='ltr'>σου</span> <span class='ocrx_word' id='word_1_29' title='bbox 1546 347 1557 385; x_wconf 83' lang='grc'>;</span> <span class='ocrx_word' id='word_1_30' title='bbox 1602 347 1684 386; x_wconf 73' lang='grc' dir='ltr'>της</span> 
     </span>
     <span class='ocr_line' id='line_1_4' title="bbox 95 406 1684 474; baseline -0.003 -15"><span class='ocrx_word' id='word_1_31' title='bbox 95 409 190 474; x_wconf 78' lang='grc' dir='ltr'>γὰρ</span> <span class='ocrx_word' id='word_1_32' title='bbox 226 411 482 472; x_wconf 85' lang='grc' dir='ltr'>Ἰουδαικῆς</span> <span class='ocrx_word' id='word_1_33' title='bbox 526 410 748 461; x_wconf 80' lang='grc' dir='ltr'>ἀπονοίας</span> <span class='ocrx_word' id='word_1_34' title='bbox 798 408 930 459; x_wconf 81' lang='grc' dir='ltr'>οὐδεν</span> <span class='ocrx_word' id='word_1_35' title='bbox 971 412 1064 458; x_wconf 80' lang='grc' dir='ltr'>τῶν</span> <span class='ocrx_word' id='word_1_36' title='bbox 1103 407 1327 458; x_wconf 83' lang='grc' dir='ltr'>τοιούτων</span> <span class='ocrx_word' id='word_1_37' title='bbox 1365 406 1684 469; x_wconf 88' lang='grc' dir='ltr'>τολμηματων</span> 
     </span>
    </p>
   </div>
   <div class='ocr_carea' id='block_1_3' title="bbox 96 489 1728 576">
    <p class='ocr_par' dir='ltr' id='par_1_3' title="bbox 96 489 1728 576">
     <span class='ocr_line' id='line_1_5' title="bbox 96 489 1728 576; baseline -0.002 -36"><span class='ocrx_word' id='word_1_38' title='bbox 96 489 366 556; x_wconf 82' lang='grc' dir='ltr'>ἀλλότριον.</span> <span class='ocrx_word' id='word_1_39' title='bbox 1702 537 1728 576; x_wconf 67' lang='lat' dir='ltr'><strong>b</strong></span> 
     </span>
    </p>
   </div>
   <div class='ocr_carea' id='block_1_4' title="bbox 54 604 1600 667">
    <p class='ocr_par' dir='ltr' id='par_1_4' title="bbox 54 604 1600 667">
     <span class='ocr_line' id='line_1_6' title="bbox 54 604 1600 667; baseline -0.003 -16"><span class='ocrx_word' id='word_1_40' title='bbox 54 625 76 663; x_wconf 90' lang='lat'>5</span> <span class='ocrx_word' id='word_1_41' title='bbox 179 606 306 651; x_wconf 78' lang='grc' dir='ltr'>Εἶπεν</span> <span class='ocrx_word' id='word_1_42' title='bbox 345 606 490 652; x_wconf 72' lang='grc' dir='ltr'>αὐτοῖς</span> <span class='ocrx_word' id='word_1_43' title='bbox 529 611 551 653; x_wconf 87' lang='grc' dir='ltr'>ὁ</span> <span class='ocrx_word' id='word_1_44' title='bbox 582 610 751 651; x_wconf 76' lang='grc' dir='ltr'>ἸΗσοῦο</span> <span class='ocrx_word' id='word_1_45' title='bbox 788 610 877 651; x_wconf 61' lang='grc' dir='ltr'>Τιίν</span> <span class='ocrx_word' id='word_1_46' title='bbox 915 609 1050 667; x_wconf 57' lang='grc' dir='ltr'>ἀρχὴν</span> <span class='ocrx_word' id='word_1_47' title='bbox 1087 611 1109 652; x_wconf 87' lang='grc' dir='ltr'>ὅ</span> <span class='ocrx_word' id='word_1_48' title='bbox 1149 626 1185 651; x_wconf 86' lang='grc' dir='ltr'>τι</span> <span class='ocrx_word' id='word_1_49' title='bbox 1226 609 1294 649; x_wconf 78' lang='grc' dir='ltr'>καὶ</span> <span class='ocrx_word' id='word_1_50' title='bbox 1333 608 1454 649; x_wconf 77' lang='grc' dir='ltr'>λαλῶ</span> <span class='ocrx_word' id='word_1_51' title='bbox 1492 604 1600 656; x_wconf 78' lang='grc' dir='ltr'>ὑμῖν.</span> 
     </span>
    </p>
   </div>
   <div class='ocr_carea' id='block_1_5' title="bbox 28 703 1736 2651">
    <p class='ocr_par' dir='ltr' id='par_1_5' title="bbox 97 703 1687 1019">
     <span class='ocr_line' id='line_1_7' title="bbox 169 703 1686 775; baseline -0.001 -17"><span class='ocrx_word' id='word_1_52' title='bbox 169 705 494 772; x_wconf 74' lang='grc' dir='ltr'>Ἀτιμάζομαι,</span> <span class='ocrx_word' id='word_1_53' title='bbox 534 709 671 775; x_wconf 76' lang='grc' dir='ltr'>φησὶ,</span> <span class='ocrx_word' id='word_1_54' title='bbox 714 708 862 757; x_wconf 87' lang='grc' dir='ltr'>καίτοι</span> <span class='ocrx_word' id='word_1_55' title='bbox 908 711 1069 756; x_wconf 83' lang='grc' dir='ltr'>καλῶν</span> <span class='ocrx_word' id='word_1_56' title='bbox 1114 710 1175 759; x_wconf 80' lang='grc' dir='ltr'>εἷς</span> <span class='ocrx_word' id='word_1_57' title='bbox 1218 706 1403 756; x_wconf 72' lang='grc' dir='ltr'>αἰώνιον</span> <span class='ocrx_word' id='word_1_58' title='bbox 1442 703 1581 769; x_wconf 73' lang='grc' dir='ltr'>ζωὴν,</span> <span class='ocrx_word' id='word_1_59' title='bbox 1625 708 1686 756; x_wconf 81' lang='grc' dir='ltr'>εἷς</span> 
     </span>
     <span class='ocr_line' id='line_1_8' title="bbox 97 787 1687 856; baseline 0 -18"><span class='ocrx_word' id='word_1_60' title='bbox 97 789 273 856; x_wconf 75' lang='grc' dir='ltr'>ἄφεσιν</span> <span class='ocrx_word' id='word_1_61' title='bbox 317 790 570 853; x_wconf 83' lang='grc' dir='ltr'>ἁμαρτιῶν,</span> <span class='ocrx_word' id='word_1_62' title='bbox 616 792 678 842; x_wconf 83' lang='grc' dir='ltr'>εἷς</span> <span class='ocrx_word' id='word_1_63' title='bbox 730 787 960 839; x_wconf 81' lang='grc' dir='ltr'>ἀπόθεσιν</span> <span class='ocrx_word' id='word_1_64' title='bbox 1006 787 1210 839; x_wconf 85' lang='grc' dir='ltr'>θανάτου</span> <span class='ocrx_word' id='word_1_65' title='bbox 1256 790 1331 838; x_wconf 85' lang='grc' dir='ltr'>καὶ</span> <span class='ocrx_word' id='word_1_66' title='bbox 1377 791 1576 855; x_wconf 77' lang='grc' dir='ltr'>φθορᾶς,</span> <span class='ocrx_word' id='word_1_67' title='bbox 1624 789 1687 838; x_wconf 82' lang='grc' dir='ltr'>εἰς</span> 
     </span>
     <span class='ocr_line' id='line_1_9' title="bbox 97 867 1686 938; baseline -0.003 -18"><span class='ocrx_word' id='word_1_68' title='bbox 97 869 353 936; x_wconf 78' lang='grc' dir='ltr'>ἁγιασμὸν,</span> <span class='ocrx_word' id='word_1_69' title='bbox 379 875 441 923; x_wconf 77' lang='grc' dir='ltr'>εἰς</span> <span class='ocrx_word' id='word_1_70' title='bbox 469 870 784 934; x_wconf 77' lang='grc' dir='ltr'>δικαιοσύνην,</span> <span class='ocrx_word' id='word_1_71' title='bbox 812 874 875 924; x_wconf 84' lang='grc' dir='ltr'>εἰς</span> <span class='ocrx_word' id='word_1_72' title='bbox 902 869 1062 938; x_wconf 74' lang='grc' dir='ltr'>δόξαν,</span> <span class='ocrx_word' id='word_1_73' title='bbox 1089 873 1152 922; x_wconf 80' lang='grc' dir='ltr'>εἷς</span> <span class='ocrx_word' id='word_1_74' title='bbox 1184 869 1404 936; x_wconf 85' lang='grc' dir='ltr'>καύχημα</span> <span class='ocrx_word' id='word_1_75' title='bbox 1438 867 1556 934; x_wconf 78' lang='grc' dir='ltr'>πρὸς</span> <span class='ocrx_word' id='word_1_76' title='bbox 1594 871 1686 917; x_wconf 81' lang='grc' dir='ltr'>υἱο-</span> 
     </span>
     <span class='ocr_line' id='line_1_10' title="bbox 97 949 1686 1019; baseline -0.003 -16"><span class='ocrx_word' id='word_1_77' title='bbox 97 952 262 1003; x_wconf 88' lang='grc' dir='ltr'>θεσίαν</span> <span class='ocrx_word' id='word_1_78' title='bbox 296 955 436 1002; x_wconf 78' lang='grc' dir='ltr'>Θεοῦ·</span> <span class='ocrx_word' id='word_1_79' title='bbox 497 951 629 1002; x_wconf 76' lang='grc' dir='ltr'>ἀλλὰ</span> <span class='ocrx_word' id='word_1_80' title='bbox 668 954 744 1002; x_wconf 77' lang='grc' dir='ltr'>καὶ</span> <span class='ocrx_word' id='word_1_81' title='bbox 782 952 962 1005; x_wconf 81' lang='grc' dir='ltr'>τούτοις</span> <span class='ocrx_word' id='word_1_82' title='bbox 1004 951 1158 1002; x_wconf 79' lang='grc' dir='ltr'>ἅπασι</span> <span class='ocrx_word' id='word_1_83' title='bbox 1201 956 1472 1019; x_wconf 80' lang='grc' dir='ltr'>στεφανοῦν</span> <span class='ocrx_word' id='word_1_84' title='bbox 1510 949 1686 1000; x_wconf 80' lang='grc' dir='ltr'>ἐθέλων</span> 
     </span>
    </p>

    <p class='ocr_par' dir='ltr' id='par_1_6' title="bbox 28 1031 1724 1427">
     <span class='ocr_line' id='line_1_11' title="bbox 28 1031 1724 1102; baseline 0.002 -21"><span class='ocrx_word' id='word_1_85' title='bbox 28 1057 76 1083; x_wconf 90' lang='lat'>10</span> <span class='ocrx_word' id='word_1_86' title='bbox 98 1034 228 1097; x_wconf 84' lang='grc' dir='ltr'>ὑμᾶς,</span> <span class='ocrx_word' id='word_1_87' title='bbox 263 1035 309 1083; x_wconf 87' lang='grc' dir='ltr'>ἐν</span> <span class='ocrx_word' id='word_1_88' title='bbox 343 1037 408 1102; x_wconf 73' lang='grc' dir='ltr'>τῷ</span> <span class='ocrx_word' id='word_1_89' title='bbox 446 1036 607 1098; x_wconf 77' lang='grc' dir='ltr'>μηδενὶ</span> <span class='ocrx_word' id='word_1_90' title='bbox 646 1033 993 1099; x_wconf 78' lang='grc' dir='ltr'>κατατέταγμαι</span> <span class='ocrx_word' id='word_1_91' title='bbox 1032 1032 1184 1102; x_wconf 73' lang='grc' dir='ltr'>λόγῳ,</span> <span class='ocrx_word' id='word_1_92' title='bbox 1221 1036 1297 1083; x_wconf 76' lang='grc' dir='ltr'>καὶ</span> <span class='ocrx_word' id='word_1_93' title='bbox 1336 1031 1525 1095; x_wconf 81' lang='grc' dir='ltr'>εὐτελὴς</span> <span class='ocrx_word' id='word_1_94' title='bbox 1565 1033 1724 1084; x_wconf 75' lang='grc' dir='ltr'>οὕτωο</span> 
     </span>
     <span class='ocr_line' id='line_1_12' title="bbox 97 1113 1686 1183; baseline -0.002 -17"><span class='ocrx_word' id='word_1_95' title='bbox 97 1114 388 1180; x_wconf 87' lang='grc' dir='ltr'>λελόγισμαι</span> <span class='ocrx_word' id='word_1_96' title='bbox 422 1115 532 1182; x_wconf 88' lang='grc' dir='ltr'>παρ’</span> <span class='ocrx_word' id='word_1_97' title='bbox 562 1117 686 1179; x_wconf 81' lang='grc' dir='ltr'>ὑμῖν’</span> <span class='ocrx_word' id='word_1_98' title='bbox 741 1115 873 1165; x_wconf 77' lang='grc' dir='ltr'>ἀλλὰ</span> <span class='ocrx_word' id='word_1_99' title='bbox 905 1118 980 1166; x_wconf 80' lang='grc' dir='ltr'>ναὶ</span> <span class='ocrx_word' id='word_1_100' title='bbox 1013 1116 1167 1166; x_wconf 84' lang='grc' dir='ltr'>δίκαια</span> <span class='ocrx_word' id='word_1_101' title='bbox 1200 1115 1391 1181; x_wconf 80' lang='grc' dir='ltr'>πάσχω,</span> <span class='ocrx_word' id='word_1_102' title='bbox 1425 1116 1589 1183; x_wconf 72' lang='grc' dir='ltr'>φησὶν,</span> <span class='ocrx_word' id='word_1_103' title='bbox 1616 1113 1686 1163; x_wconf 84' lang='grc' dir='ltr'>ὅτι</span> 
     </span>
     <span class='ocr_line' id='line_1_13' title="bbox 97 1193 1687 1266; baseline -0.003 -17"><span class='ocrx_word' id='word_1_104' title='bbox 97 1199 172 1249; x_wconf 76' lang='grc' dir='ltr'>καὶ</span> <span class='ocrx_word' id='word_1_105' title='bbox 199 1195 349 1262; x_wconf 84' lang='grc' dir='ltr'>λόγου</span> <span class='ocrx_word' id='word_1_106' title='bbox 375 1196 485 1263; x_wconf 86' lang='grc' dir='ltr'>παρ’</span> <span class='ocrx_word' id='word_1_107' title='bbox 508 1199 614 1259; x_wconf 83' lang='grc' dir='ltr'>ὑμῖν</span> <span class='ocrx_word' id='word_1_108' title='bbox 635 1196 933 1261; x_wconf 78' lang='grc' dir='ltr'>ἐποιησάμην</span> <span class='ocrx_word' id='word_1_109' title='bbox 954 1195 1087 1266; x_wconf 56' lang='grc' dir='ltr'>ἀρχὴν</span> <span class='ocrx_word' id='word_1_110' title='bbox 1107 1197 1168 1247; x_wconf 65' lang='grc' dir='ltr'>’ότι</span> <span class='ocrx_word' id='word_1_111' title='bbox 1197 1199 1271 1247; x_wconf 77' lang='grc' dir='ltr'>καὶ</span> <span class='ocrx_word' id='word_1_112' title='bbox 1298 1193 1687 1263; x_wconf 82' lang='grc' dir='ltr'>προσπεφώνηκά</span> 
     </span>
     <span class='ocr_line' id='line_1_14' title="bbox 97 1275 1687 1347; baseline -0.001 -17"><span class='ocrx_word' id='word_1_113' title='bbox 97 1302 142 1330; x_wconf 86' lang='grc' dir='ltr'>τι</span> <span class='ocrx_word' id='word_1_114' title='bbox 180 1282 274 1329; x_wconf 84' lang='grc' dir='ltr'>τῶν</span> <span class='ocrx_word' id='word_1_115' title='bbox 313 1277 502 1328; x_wconf 79' lang='grc' dir='ltr'>εἰδότων</span> <span class='ocrx_word' id='word_1_116' title='bbox 541 1281 758 1347; x_wconf 78' lang='grc' dir='ltr'>ὠφελεῖν,</span> <span class='ocrx_word' id='word_1_117' title='bbox 791 1281 866 1329; x_wconf 79' lang='grc' dir='ltr'>καὶ</span> <span class='ocrx_word' id='word_1_118' title='bbox 907 1279 1151 1344; x_wconf 74' lang='grc' dir='ltr'>διασώζειν</span> <span class='ocrx_word' id='word_1_119' title='bbox 1185 1277 1546 1341; x_wconf 80' lang='grc' dir='ltr'>ἐβουλευσάμην</span> <span class='ocrx_word' id='word_1_120' title='bbox 1581 1275 1687 1329; x_wconf 73' lang='grc' dir='ltr'>τοὺς</span> 
     </span>
     <span class='ocr_line' id='line_1_15' title="bbox 97 1359 1688 1427; baseline -0.001 -15"><span class='ocrx_word' id='word_1_121' title='bbox 97 1361 228 1427; x_wconf 78' lang='grc' dir='ltr'>οἵπερ</span> <span class='ocrx_word' id='word_1_122' title='bbox 272 1359 477 1422; x_wconf 50' lang='grc' dir='ltr'>ἑῖαελλον</span> <span class='ocrx_word' id='word_1_123' title='bbox 516 1363 579 1414; x_wconf 82' lang='grc' dir='ltr'>εἷς</span> <span class='ocrx_word' id='word_1_124' title='bbox 616 1359 858 1424; x_wconf 85' lang='grc' dir='ltr'>τοσαύτην</span> <span class='ocrx_word' id='word_1_125' title='bbox 897 1359 1269 1427; x_wconf 89' lang='grc' dir='ltr'>κατοιχήσεσθαι</span> <span class='ocrx_word' id='word_1_126' title='bbox 1308 1360 1586 1426; x_wconf 81' lang='grc' dir='ltr'>μοχθηρίαν,</span> <span class='ocrx_word' id='word_1_127' title='bbox 1627 1360 1688 1410; x_wconf 84' lang='grc' dir='ltr'>ὡς</span> 
     </span>
    </p>

    <p class='ocr_par' dir='ltr' id='par_1_7' title="bbox 32 1440 1688 1592">
     <span class='ocr_line' id='line_1_16' title="bbox 32 1440 1688 1510; baseline -0.001 -15"><span class='ocrx_word' id='word_1_128' title='bbox 32 1461 77 1499; x_wconf 91' lang='lat'>15</span> <span class='ocrx_word' id='word_1_129' title='bbox 98 1440 267 1508; x_wconf 77' lang='grc' dir='ltr'>πικρὰς</span> <span class='ocrx_word' id='word_1_130' title='bbox 317 1440 520 1505; x_wconf 74' lang='grc' dir='ltr'>ἀμοιβὰς</span> <span class='ocrx_word' id='word_1_131' title='bbox 574 1441 848 1493; x_wconf 82' lang='grc' dir='ltr'>ἀποδιδόναι</span> <span class='ocrx_word' id='word_1_132' title='bbox 899 1446 1059 1510; x_wconf 77' lang='grc' dir='ltr'>φιλεῖν</span> <span class='ocrx_word' id='word_1_133' title='bbox 1110 1445 1177 1510; x_wconf 74' lang='grc' dir='ltr'>τῷ</span> <span class='ocrx_word' id='word_1_134' title='bbox 1227 1441 1471 1507; x_wconf 76' lang='grc' dir='ltr'>διασώζειν</span> <span class='ocrx_word' id='word_1_135' title='bbox 1522 1440 1688 1494; x_wconf 74' lang='grc' dir='ltr'>αὐτοὺς</span> 
     </span>
     <span class='ocr_line' id='line_1_17' title="bbox 99 1523 660 1592; baseline -0.007 -2"><span class='ocrx_word' id='word_1_136' title='bbox 99 1523 334 1592; x_wconf 68' lang='grc' dir='ltr'>ᾑρημένῳ-</span> <span class='ocrx_word' id='word_1_137' title='bbox 653 1534 660 1539; x_wconf 72' lang='lat'><em>&#39;</em></span> 
     </span>
    </p>

    <p class='ocr_par' dir='ltr' id='par_1_8' title="bbox 99 1603 1736 1838">
     <span class='ocr_line' id='line_1_18' title="bbox 163 1603 1690 1673; baseline -0.003 -17"><span class='ocrx_word' id='word_1_138' title='bbox 163 1605 328 1656; x_wconf 79' lang='grc' dir='ltr'>’Έοικε</span> <span class='ocrx_word' id='word_1_139' title='bbox 365 1603 419 1655; x_wconf 76' lang='grc' dir='ltr'>δέ</span> <span class='ocrx_word' id='word_1_140' title='bbox 454 1627 498 1655; x_wconf 91' lang='grc' dir='ltr'>τι</span> <span class='ocrx_word' id='word_1_141' title='bbox 540 1607 619 1656; x_wconf 80' lang='grc' dir='ltr'>καὶ</span> <span class='ocrx_word' id='word_1_142' title='bbox 666 1605 822 1673; x_wconf 81' lang='grc' dir='ltr'>ἕτερον</span> <span class='ocrx_word' id='word_1_143' title='bbox 863 1606 973 1669; x_wconf 81' lang='grc' dir='ltr'>ἡμῖν</span> <span class='ocrx_word' id='word_1_144' title='bbox 1014 1604 1091 1656; x_wconf 81' lang='grc' dir='ltr'>διὰ</span> <span class='ocrx_word' id='word_1_145' title='bbox 1133 1605 1314 1656; x_wconf 84' lang='grc' dir='ltr'>τούτων</span> <span class='ocrx_word' id='word_1_146' title='bbox 1357 1606 1623 1668; x_wconf 78' lang='grc' dir='ltr'>ὑποδηλοῦν</span> <span class='ocrx_word' id='word_1_147' title='bbox 1666 1604 1690 1652; x_wconf 87' lang='grc' dir='ltr'><strong>ὁ</strong></span> 
     </span>
     <span class='ocr_line' id='line_1_19' title="bbox 99 1685 1690 1756; baseline -0.003 -17"><span class='ocrx_word' id='word_1_148' title='bbox 99 1685 328 1754; x_wconf 86' lang='grc' dir='ltr'>Χριστός.</span> <span class='ocrx_word' id='word_1_149' title='bbox 382 1687 472 1738; x_wconf 74' lang='grc' dir='ltr'>ἔδει</span> <span class='ocrx_word' id='word_1_150' title='bbox 507 1687 601 1754; x_wconf 84' lang='grc' dir='ltr'>γάρ</span> <span class='ocrx_word' id='word_1_151' title='bbox 637 1710 710 1752; x_wconf 88' lang='grc' dir='ltr'>με,</span> <span class='ocrx_word' id='word_1_152' title='bbox 738 1689 904 1756; x_wconf 74' lang='grc' dir='ltr'>φησὶν,</span> <span class='ocrx_word' id='word_1_153' title='bbox 932 1688 1019 1755; x_wconf 81' lang='grc' dir='ltr'>οὐχ</span> <span class='ocrx_word' id='word_1_154' title='bbox 1048 1690 1155 1751; x_wconf 79' lang='grc' dir='ltr'>ὑμῖν</span> <span class='ocrx_word' id='word_1_155' title='bbox 1182 1687 1306 1740; x_wconf 76' lang='grc' dir='ltr'>ὅλως</span> <span class='ocrx_word' id='word_1_156' title='bbox 1340 1688 1690 1753; x_wconf 78' lang='grc' dir='ltr'>προσλαλῆσαι</span> 
     </span>
     <span class='ocr_line' id='line_1_20' title="bbox 99 1767 1736 1838; baseline -0.004 -17"><span class='ocrx_word' id='word_1_157' title='bbox 99 1769 220 1821; x_wconf 77' lang='grc' dir='ltr'>κατὰ</span> <span class='ocrx_word' id='word_1_158' title='bbox 255 1767 324 1829; x_wconf 63' lang='grc' dir='ltr'>τῖγν</span> <span class='ocrx_word' id='word_1_159' title='bbox 363 1769 513 1838; x_wconf 63' lang='grc' dir='ltr'>ἀρχὴν,</span> <span class='ocrx_word' id='word_1_160' title='bbox 551 1771 737 1823; x_wconf 85' lang='grc' dir='ltr'>ἐκείνοις</span> <span class='ocrx_word' id='word_1_161' title='bbox 782 1768 831 1820; x_wconf 79' lang='grc' dir='ltr'>δὲ</span> <span class='ocrx_word' id='word_1_162' title='bbox 871 1774 1064 1833; x_wconf 83' lang='grc' dir='ltr'>μᾶλλον</span> <span class='ocrx_word' id='word_1_163' title='bbox 1102 1775 1242 1820; x_wconf 85' lang='grc' dir='ltr'>τοῦτο</span> <span class='ocrx_word' id='word_1_164' title='bbox 1281 1768 1555 1836; x_wconf 74' lang='grc' dir='ltr'>χαρίζεσθαι</span> <span class='ocrx_word' id='word_1_165' title='bbox 1595 1771 1736 1819; x_wconf 72' lang='grc' dir='ltr'>τοῖςᾱ</span> 
     </span>
    </p>

    <p class='ocr_par' dir='ltr' id='par_1_9' title="bbox 30 1849 1690 2244">
     <span class='ocr_line' id='line_1_21' title="bbox 30 1849 1690 1917; baseline -0.002 -16"><span class='ocrx_word' id='word_1_166' title='bbox 30 1874 80 1898; x_wconf 87' lang='lat'>20</span> <span class='ocrx_word' id='word_1_167' title='bbox 98 1849 340 1916; x_wconf 74' lang='grc' dir='ltr'>μέλλουσι</span> <span class='ocrx_word' id='word_1_168' title='bbox 367 1853 443 1901; x_wconf 76' lang='grc' dir='ltr'>καὶ</span> <span class='ocrx_word' id='word_1_169' title='bbox 469 1852 579 1902; x_wconf 85' lang='grc' dir='ltr'>λίαν</span> <span class='ocrx_word' id='word_1_170' title='bbox 606 1851 826 1914; x_wconf 75' lang='grc' dir='ltr'>ἀσμένως</span> <span class='ocrx_word' id='word_1_171' title='bbox 853 1851 1114 1917; x_wconf 85' lang='grc' dir='ltr'>ἐφήδεσθαι</span> <span class='ocrx_word' id='word_1_172' title='bbox 1141 1850 1318 1916; x_wconf 84' lang='grc' dir='ltr'>λόγοις,</span> <span class='ocrx_word' id='word_1_173' title='bbox 1345 1851 1420 1900; x_wconf 70' lang='grc' dir='ltr'>καὶ</span> <span class='ocrx_word' id='word_1_174' title='bbox 1456 1851 1690 1912; x_wconf 77' lang='grc' dir='ltr'>ἀμελλητὶ</span> 
     </span>
     <span class='ocr_line' id='line_1_22' title="bbox 98 1929 1690 2000; baseline -0.003 -16"><span class='ocrx_word' id='word_1_175' title='bbox 98 1932 182 1984; x_wconf 81' lang='grc' dir='ltr'>τὸν</span> <span class='ocrx_word' id='word_1_176' title='bbox 201 1932 373 1999; x_wconf 74' lang='grc' dir='ltr'>αὐχένα</span> <span class='ocrx_word' id='word_1_177' title='bbox 398 1937 495 1986; x_wconf 81' lang='grc' dir='ltr'>τοῖς</span> <span class='ocrx_word' id='word_1_178' title='bbox 521 1933 844 1998; x_wconf 84' lang='grc' dir='ltr'>εὐαγγελικοῖς</span> <span class='ocrx_word' id='word_1_179' title='bbox 865 1931 1113 2000; x_wconf 73' lang='grc' dir='ltr'>ὑποζεῦξαι</span> <span class='ocrx_word' id='word_1_180' title='bbox 1136 1932 1443 1997; x_wconf 77' lang='grc' dir='ltr'>διατάγμασι.</span> <span class='ocrx_word' id='word_1_181' title='bbox 1472 1929 1690 1994; x_wconf 87' lang='grc' dir='ltr'>σημαίνει</span> 
     </span>
     <span class='ocr_line' id='line_1_23' title="bbox 100 2011 1690 2077; baseline -0.002 -12"><span class='ocrx_word' id='word_1_182' title='bbox 100 2014 148 2066; x_wconf 81' lang='grc' dir='ltr'>δὲ</span> <span class='ocrx_word' id='word_1_183' title='bbox 188 2013 264 2064; x_wconf 79' lang='grc' dir='ltr'>διὰ</span> <span class='ocrx_word' id='word_1_184' title='bbox 299 2015 478 2064; x_wconf 78' lang='grc' dir='ltr'>τούτων</span> <span class='ocrx_word' id='word_1_185' title='bbox 509 2019 603 2064; x_wconf 82' lang='grc' dir='ltr'>τῶν</span> <span class='ocrx_word' id='word_1_186' title='bbox 629 2015 776 2064; x_wconf 81' lang='grc' dir='ltr'>ἐθνῶν</span> <span class='ocrx_word' id='word_1_187' title='bbox 802 2012 888 2077; x_wconf 88' lang='grc' dir='ltr'>τὴν</span> <span class='ocrx_word' id='word_1_188' title='bbox 914 2013 1119 2077; x_wconf 82' lang='grc' dir='ltr'>πληθύν.</span> <span class='ocrx_word' id='word_1_189' title='bbox 1176 2014 1290 2064; x_wconf 79' lang='grc' dir='ltr'>ὅταν</span> <span class='ocrx_word' id='word_1_190' title='bbox 1323 2012 1370 2063; x_wconf 76' lang='grc' dir='ltr'>δὲ</span> <span class='ocrx_word' id='word_1_191' title='bbox 1406 2011 1465 2063; x_wconf 76' lang='grc' dir='ltr'>τὰ</span> <span class='ocrx_word' id='word_1_192' title='bbox 1498 2017 1690 2062; x_wconf 83' lang='grc' dir='ltr'>τοιαῦτα</span> 
     </span>
     <span class='ocr_line' id='line_1_24' title="bbox 99 2094 1690 2163; baseline -0.001 -17"><span class='ocrx_word' id='word_1_193' title='bbox 99 2095 305 2162; x_wconf 69' lang='grc' dir='ltr'>λε’γοντα</span> <span class='ocrx_word' id='word_1_194' title='bbox 332 2100 511 2159; x_wconf 81' lang='grc' dir='ltr'>νοῶμεν</span> <span class='ocrx_word' id='word_1_195' title='bbox 532 2094 688 2158; x_wconf 79' lang='grc' dir='ltr'>αὐτὸν,</span> <span class='ocrx_word' id='word_1_196' title='bbox 708 2095 1157 2163; x_wconf 74' lang='grc' dir='ltr'>παραφυλαξόμεθα</span> <span class='ocrx_word' id='word_1_197' title='bbox 1182 2094 1330 2146; x_wconf 80' lang='grc' dir='ltr'>πάλιν</span> <span class='ocrx_word' id='word_1_198' title='bbox 1356 2099 1450 2145; x_wconf 86' lang='grc' dir='ltr'>τῶν</span> <span class='ocrx_word' id='word_1_199' title='bbox 1477 2095 1530 2144; x_wconf 87' lang='grc' dir='ltr'>δι’</span> <span class='ocrx_word' id='word_1_200' title='bbox 1560 2096 1690 2144; x_wconf 87' lang='grc' dir='ltr'>ἐναν-</span> 
     </span>
     <span class='ocr_line' id='line_1_25' title="bbox 99 2175 1690 2244; baseline -0.003 -15"><span class='ocrx_word' id='word_1_201' title='bbox 99 2178 199 2231; x_wconf 87' lang='grc' dir='ltr'>τίας</span> <span class='ocrx_word' id='word_1_202' title='bbox 220 2177 303 2228; x_wconf 80' lang='grc' dir='ltr'>τὸν</span> <span class='ocrx_word' id='word_1_203' title='bbox 319 2176 482 2242; x_wconf 87' lang='grc' dir='ltr'>λόγον·</span> <span class='ocrx_word' id='word_1_204' title='bbox 510 2179 605 2243; x_wconf 83' lang='grc' dir='ltr'>ἐρεῖ</span> <span class='ocrx_word' id='word_1_205' title='bbox 619 2176 713 2243; x_wconf 80' lang='grc' dir='ltr'>γάρ</span> <span class='ocrx_word' id='word_1_206' title='bbox 733 2200 802 2230; x_wconf 86' lang='grc' dir='ltr'>τις</span> <span class='ocrx_word' id='word_1_207' title='bbox 821 2176 967 2244; x_wconf 79' lang='grc' dir='ltr'>τυχὸν</span> <span class='ocrx_word' id='word_1_208' title='bbox 987 2181 1082 2227; x_wconf 84' lang='grc' dir='ltr'>τῶν</span> <span class='ocrx_word' id='word_1_209' title='bbox 1102 2175 1331 2228; x_wconf 79' lang='grc' dir='ltr'>εἰωθότων</span> <span class='ocrx_word' id='word_1_210' title='bbox 1350 2179 1690 2243; x_wconf 82' lang='grc' dir='ltr'>χριστομαχεῖν</span> 
     </span>
    </p>

    <p class='ocr_par' dir='ltr' id='par_1_10' title="bbox 31 2256 1728 2651">
     <span class='ocr_line' id='line_1_26' title="bbox 31 2256 1690 2325; baseline -0.001 -14"><span class='ocrx_word' id='word_1_211' title='bbox 31 2272 80 2311; x_wconf 85' lang='lat'>25</span> <span class='ocrx_word' id='word_1_212' title='bbox 101 2263 160 2310; x_wconf 82' lang='grc' dir='ltr'>Εἰ</span> <span class='ocrx_word' id='word_1_213' title='bbox 195 2258 259 2323; x_wconf 86' lang='grc' dir='ltr'>μὴ</span> <span class='ocrx_word' id='word_1_214' title='bbox 294 2263 390 2312; x_wconf 83' lang='grc' dir='ltr'>τοῖς</span> <span class='ocrx_word' id='word_1_215' title='bbox 421 2259 663 2312; x_wconf 85' lang='grc' dir='ltr'>Ἰουδαίοις</span> <span class='ocrx_word' id='word_1_216' title='bbox 700 2263 1000 2324; x_wconf 86' lang='grc' dir='ltr'>προσλαλεῖν</span> <span class='ocrx_word' id='word_1_217' title='bbox 1035 2260 1083 2309; x_wconf 86' lang='grc' dir='ltr'>ἐν</span> <span class='ocrx_word' id='word_1_218' title='bbox 1113 2260 1251 2325; x_wconf 81' lang='grc' dir='ltr'>ἀρχῇ,</span> <span class='ocrx_word' id='word_1_219' title='bbox 1284 2263 1475 2322; x_wconf 82' lang='grc' dir='ltr'>μᾶλλον</span> <span class='ocrx_word' id='word_1_220' title='bbox 1508 2256 1555 2306; x_wconf 80' lang='grc' dir='ltr'>δὲ</span> <span class='ocrx_word' id='word_1_221' title='bbox 1594 2261 1690 2310; x_wconf 81' lang='grc' dir='ltr'>τοῖς</span> 
     </span>
     <span class='ocr_line' id='line_1_27' title="bbox 99 2339 1690 2407; baseline -0.003 -16"><span class='ocrx_word' id='word_1_222' title='bbox 99 2341 283 2392; x_wconf 71' lang='grc' dir='ltr'>ἔθνεσιν</span> <span class='ocrx_word' id='word_1_223' title='bbox 329 2340 432 2402; x_wconf 75' lang='grc' dir='ltr'>ἔδει,</span> <span class='ocrx_word' id='word_1_224' title='bbox 475 2339 728 2407; x_wconf 87' lang='grc' dir='ltr'>διήμαρτεν</span> <span class='ocrx_word' id='word_1_225' title='bbox 774 2340 866 2407; x_wconf 77' lang='grc' dir='ltr'>ἄρα</span> <span class='ocrx_word' id='word_1_226' title='bbox 911 2345 994 2390; x_wconf 83' lang='grc' dir='ltr'>τοῦ</span> <span class='ocrx_word' id='word_1_227' title='bbox 1037 2341 1299 2406; x_wconf 77' lang='grc' dir='ltr'>πρέποντος</span> <span class='ocrx_word' id='word_1_228' title='bbox 1345 2341 1369 2390; x_wconf 83' lang='grc' dir='ltr'><strong>ὁ</strong></span> <span class='ocrx_word' id='word_1_229' title='bbox 1413 2339 1542 2401; x_wconf 76' lang='grc' dir='ltr'>Υἱὸς,</span> <span class='ocrx_word' id='word_1_230' title='bbox 1586 2340 1690 2405; x_wconf 82' lang='grc' dir='ltr'>οὐχι</span> 
     </span>
     <span class='ocr_line' id='line_1_28' title="bbox 99 2421 1728 2489; baseline -0.001 -17"><span class='ocrx_word' id='word_1_231' title='bbox 99 2427 240 2472; x_wconf 82' lang='grc' dir='ltr'>τοῦτο</span> <span class='ocrx_word' id='word_1_232' title='bbox 266 2427 472 2485; x_wconf 81' lang='grc' dir='ltr'>μᾶλλον,</span> <span class='ocrx_word' id='word_1_233' title='bbox 498 2423 609 2472; x_wconf 85' lang='grc' dir='ltr'>ἀλλ’</span> <span class='ocrx_word' id='word_1_234' title='bbox 639 2424 783 2472; x_wconf 81' lang='grc' dir='ltr'>ἐκεῖνο</span> <span class='ocrx_word' id='word_1_235' title='bbox 811 2421 1159 2489; x_wconf 88' lang='grc' dir='ltr'>διαπεπραχως.</span> <span class='ocrx_word' id='word_1_236' title='bbox 1215 2422 1324 2471; x_wconf 85' lang='grc' dir='ltr'>ἀλλ’</span> <span class='ocrx_word' id='word_1_237' title='bbox 1353 2423 1545 2487; x_wconf 87' lang='grc' dir='ltr'>ἐρουμεν</span> <span class='ocrx_word' id='word_1_238' title='bbox 1570 2443 1688 2486; x_wconf 84' lang='grc' dir='ltr'>προς</span> <span class='ocrx_word' id='word_1_239' title='bbox 1707 2444 1728 2470; x_wconf 89' lang='lat' dir='ltr'>e</span> 
     </span>
     <span class='ocr_line' id='line_1_29' title="bbox 98 2501 1689 2599; baseline -0.002 -45"><span class='ocrx_word' id='word_1_240' title='bbox 98 2508 239 2554; x_wconf 87' lang='grc' dir='ltr'>τοῦτο</span> <span class='ocrx_word' id='word_1_241' title='bbox 283 2502 432 2554; x_wconf 91' lang='grc' dir='ltr'>παλιν</span> <span class='ocrx_word' id='word_1_242' title='bbox 471 2504 576 2554; x_wconf 81' lang='grc' dir='ltr'>Οὐκ</span> <span class='ocrx_word' id='word_1_243' title='bbox 621 2507 682 2557; x_wconf 82' lang='grc' dir='ltr'>εἷς</span> <span class='ocrx_word' id='word_1_244' title='bbox 726 2526 1029 2599; x_wconf 81' lang='grc' dir='ltr'>μεταγνωσιν</span> <span class='ocrx_word' id='word_1_245' title='bbox 1072 2507 1167 2554; x_wconf 81' lang='grc' dir='ltr'>τῶν</span> <span class='ocrx_word' id='word_1_246' title='bbox 1213 2504 1354 2564; x_wconf 88' lang='grc' dir='ltr'>ιδίων,</span> <span class='ocrx_word' id='word_1_247' title='bbox 1400 2501 1428 2566; x_wconf 81' lang='grc' dir='ltr'>ἢ</span> <span class='ocrx_word' id='word_1_248' title='bbox 1472 2507 1566 2552; x_wconf 84' lang='grc' dir='ltr'>τῶν</span> <span class='ocrx_word' id='word_1_249' title='bbox 1605 2506 1689 2552; x_wconf 85' lang='grc' dir='ltr'>τοῦ</span> 
     </span>
     <span class='ocr_line' id='line_1_30' title="bbox 102 2583 1686 2651; baseline -0.003 -15"><span class='ocrx_word' id='word_1_250' title='bbox 102 2583 293 2651; x_wconf 81' lang='grc' dir='ltr'>Πατρὸς</span> <span class='ocrx_word' id='word_1_251' title='bbox 333 2584 615 2649; x_wconf 81' lang='grc' dir='ltr'>θελημάτων</span> <span class='ocrx_word' id='word_1_252' title='bbox 651 2585 805 2636; x_wconf 84' lang='grc' dir='ltr'>ἐλθὼν</span> <span class='ocrx_word' id='word_1_253' title='bbox 840 2585 865 2635; x_wconf 88' lang='grc' dir='ltr'>ὁ</span> <span class='ocrx_word' id='word_1_254' title='bbox 901 2584 1030 2648; x_wconf 79' lang='grc' dir='ltr'>Υἱὸς,</span> <span class='ocrx_word' id='word_1_255' title='bbox 1057 2583 1117 2635; x_wconf 80' lang='grc' dir='ltr'>τὰ</span> <span class='ocrx_word' id='word_1_256' title='bbox 1155 2583 1346 2635; x_wconf 81' lang='grc' dir='ltr'>τοιαῦτά</span> <span class='ocrx_word' id='word_1_257' title='bbox 1384 2587 1548 2651; x_wconf 85' lang='grc' dir='ltr'>φησιν,</span> <span class='ocrx_word' id='word_1_258' title='bbox 1576 2583 1686 2632; x_wconf 79' lang='grc' dir='ltr'>ἀλλ’</span> 
     </span>
    </p>
   </div>
   <div class='ocr_carea' id='block_1_6' title="bbox 100 2699 1688 2930">
    <p class='ocr_par' dir='ltr' id='par_1_11' title="bbox 100 2699 1688 2930">
     <span class='ocr_line' id='line_1_31' title="bbox 151 2699 1688 2735; baseline -0.002 -1"><span class='ocrx_word' id='word_1_259' title='bbox 151 2712 181 2735; x_wconf 87' lang='lat'>1.</span> <span class='ocrx_word' id='word_1_260' title='bbox 207 2701 334 2735; x_wconf 86' lang='grc' dir='ltr'>σαυτὸν</span> <span class='ocrx_word' id='word_1_261' title='bbox 353 2700 396 2734; x_wconf 89' lang='grc' dir='ltr'>Β.</span> <span class='ocrx_word' id='word_1_262' title='bbox 414 2700 531 2735; x_wconf 79' lang='lat' dir='ltr'>invitis</span> <span class='ocrx_word' id='word_1_263' title='bbox 552 2700 708 2735; x_wconf 76' lang='lat' dir='ltr'><strong>Catenis.</strong></span> <span class='ocrx_word' id='word_1_264' title='bbox 833 2701 866 2735; x_wconf 88' lang='lat'>6.</span> <span class='ocrx_word' id='word_1_265' title='bbox 893 2702 1005 2735; x_wconf 83' lang='grc' dir='ltr'>καλῶν</span> <span class='ocrx_word' id='word_1_266' title='bbox 1023 2700 1066 2735; x_wconf 88' lang='grc' dir='ltr'>Β.</span> <span class='ocrx_word' id='word_1_267' title='bbox 1083 2702 1200 2734; x_wconf 83' lang='grc' dir='ltr'>λαλῶν</span> <span class='ocrx_word' id='word_1_268' title='bbox 1218 2700 1338 2734; x_wconf 79' lang='lat' dir='ltr'><strong>Holst.</strong></span> <span class='ocrx_word' id='word_1_269' title='bbox 1358 2699 1423 2732; x_wconf 84' lang='lat' dir='ltr'>Ed.</span> <span class='ocrx_word' id='word_1_270' title='bbox 1556 2708 1608 2732; x_wconf 88' lang='lat'>11.</span> <span class='ocrx_word' id='word_1_271' title='bbox 1635 2700 1688 2732; x_wconf 84' lang='grc' dir='ltr'>ναὶ</span> 
     </span>
     <span class='ocr_line' id='line_1_32' title="bbox 102 2743 1687 2792; baseline -0.003 -11"><span class='ocrx_word' id='word_1_272' title='bbox 102 2747 146 2782; x_wconf 87' lang='grc' dir='ltr'>Β.</span> <span class='ocrx_word' id='word_1_273' title='bbox 168 2746 232 2781; x_wconf 88' lang='lat' dir='ltr'>Ht.</span> <span class='ocrx_word' id='word_1_274' title='bbox 252 2747 305 2780; x_wconf 79' lang='grc' dir='ltr'>καὶ</span> <span class='ocrx_word' id='word_1_275' title='bbox 324 2746 391 2780; x_wconf 88' lang='lat' dir='ltr'>Ed.</span> <span class='ocrx_word' id='word_1_276' title='bbox 506 2757 560 2788; x_wconf 88' lang='lat'>14.</span> <span class='ocrx_word' id='word_1_277' title='bbox 588 2746 875 2792; x_wconf 82' lang='grc' dir='ltr'>κατοιχὴσεσθαι]</span> <span class='ocrx_word' id='word_1_278' title='bbox 896 2747 1019 2781; x_wconf 84' lang='grc' dir='ltr'>ἐλάσαι</span> <span class='ocrx_word' id='word_1_279' title='bbox 1038 2758 1068 2780; x_wconf 85' lang='lat' dir='ltr'>a.</span> <span class='ocrx_word' id='word_1_280' title='bbox 1192 2755 1245 2791; x_wconf 88' lang='grc'>17.</span> <span class='ocrx_word' id='word_1_281' title='bbox 1273 2745 1311 2779; x_wconf 83' lang='grc' dir='ltr'>δε</span> <span class='ocrx_word' id='word_1_282' title='bbox 1327 2760 1358 2779; x_wconf 89' lang='grc' dir='ltr'>τι</span> <span class='ocrx_word' id='word_1_283' title='bbox 1376 2743 1537 2779; x_wconf 75' lang='lat' dir='ltr'>emendat</span> <span class='ocrx_word' id='word_1_284' title='bbox 1557 2744 1635 2790; x_wconf 82' lang='lat' dir='ltr'>Hey</span> <span class='ocrx_word' id='word_1_285' title='bbox 1640 2756 1687 2778; x_wconf 83' lang='lat' dir='ltr'>se.</span> 
     </span>
     <span class='ocr_line' id='line_1_33' title="bbox 100 2791 1688 2837; baseline -0.003 -9"><span class='ocrx_word' id='word_1_286' title='bbox 100 2793 129 2828; x_wconf 71' lang='grc' dir='ltr'>δ’</span> <span class='ocrx_word' id='word_1_287' title='bbox 149 2794 198 2827; x_wconf 69' lang='grc' dir='ltr'>ἔτι</span> <span class='ocrx_word' id='word_1_288' title='bbox 218 2793 285 2827; x_wconf 87' lang='lat' dir='ltr'>Ed.</span> <span class='ocrx_word' id='word_1_289' title='bbox 515 2803 568 2837; x_wconf 85' lang='lat'>19.</span> <span class='ocrx_word' id='word_1_290' title='bbox 594 2793 807 2837; x_wconf 83' lang='grc' dir='ltr'>χαρίσασθαι</span> <span class='ocrx_word' id='word_1_291' title='bbox 825 2805 855 2827; x_wconf 80' lang='lat' dir='ltr'>a.</span> <span class='ocrx_word' id='word_1_292' title='bbox 935 2795 1004 2827; x_wconf 80' lang='grc' dir='ltr'>τοῖς</span> <span class='ocrx_word' id='word_1_293' title='bbox 1021 2792 1215 2836; x_wconf 84' lang='grc' dir='ltr'>μέλλουσι</span> <span class='ocrx_word' id='word_1_294' title='bbox 1208 2792 1339 2826; x_wconf 77' lang='lat' dir='ltr'>Inserui</span> <span class='ocrx_word' id='word_1_295' title='bbox 1357 2803 1398 2826; x_wconf 82' lang='lat' dir='ltr'>ex</span> <span class='ocrx_word' id='word_1_296' title='bbox 1416 2803 1435 2824; x_wconf 86' lang='lat' dir='ltr'>a</span> <span class='ocrx_word' id='word_1_297' title='bbox 1452 2791 1581 2825; x_wconf 78' lang='lat' dir='ltr'>abbrev</span> <span class='ocrx_word' id='word_1_298' title='bbox 1584 2791 1688 2830; x_wconf 62' lang='lat' dir='ltr'>ianm,</span> 
     </span>
     <span class='ocr_line' id='line_1_34' title="bbox 101 2837 1685 2883; baseline -0.002 -9"><span class='ocrx_word' id='word_1_299' title='bbox 101 2852 208 2874; x_wconf 84' lang='lat' dir='ltr'>sensu</span> <span class='ocrx_word' id='word_1_300' title='bbox 225 2839 398 2883; x_wconf 82' lang='lat' dir='ltr'>exigente.</span> <span class='ocrx_word' id='word_1_301' title='bbox 557 2849 613 2873; x_wconf 86' lang='lat'>20.</span> <span class='ocrx_word' id='word_1_302' title='bbox 639 2839 806 2883; x_wconf 80' lang='grc' dir='ltr'>ἀμελλητὶ</span> <span class='ocrx_word' id='word_1_303' title='bbox 824 2839 968 2873; x_wconf 84' lang='lat' dir='ltr'>correxi.</span> <span class='ocrx_word' id='word_1_304' title='bbox 986 2839 1128 2883; x_wconf 81' lang='grc' dir='ltr'>ἀμελητὶ</span> <span class='ocrx_word' id='word_1_305' title='bbox 1146 2838 1214 2873; x_wconf 87' lang='lat' dir='ltr'>Ed.</span> <span class='ocrx_word' id='word_1_306' title='bbox 1380 2849 1435 2883; x_wconf 87' lang='lat'>23.</span> <span class='ocrx_word' id='word_1_307' title='bbox 1461 2837 1623 2883; x_wconf 83' lang='grc' dir='ltr'>λέγοντα]</span> <span class='ocrx_word' id='word_1_308' title='bbox 1647 2841 1685 2878; x_wconf 64' lang='lat'>4-</span> 
     </span>
     <span class='ocr_line' id='line_1_35' title="bbox 102 2853 1688 2930; baseline -0.001 -10"><span class='ocrx_word' id='word_1_309' title='bbox 102 2887 162 2930; x_wconf 79' lang='grc' dir='ltr'>μὲν</span> <span class='ocrx_word' id='word_1_310' title='bbox 181 2886 244 2920; x_wconf 91' lang='lat' dir='ltr'>Ht.</span> <span class='ocrx_word' id='word_1_311' title='bbox 263 2885 331 2920; x_wconf 89' lang='lat' dir='ltr'>Ed.</span> <span class='ocrx_word' id='word_1_312' title='bbox 475 2884 529 2919; x_wconf 88' lang='lat'>26.</span> <span class='ocrx_word' id='word_1_313' title='bbox 556 2884 736 2928; x_wconf 82' lang='grc' dir='ltr'>διήμαρτεν</span> <span class='ocrx_word' id='word_1_314' title='bbox 753 2897 783 2920; x_wconf 80' lang='lat' dir='ltr'>a.</span> <span class='ocrx_word' id='word_1_315' title='bbox 803 2885 882 2930; x_wconf 73' lang='grc' dir='ltr'>δὴ”</span> <span class='ocrx_word' id='word_1_316' title='bbox 860 2899 1006 2930; x_wconf 85' lang='grc' dir='ltr'>ημαρτεν</span> <span class='ocrx_word' id='word_1_317' title='bbox 1008 2853 1093 2930; x_wconf 72' lang='grc' dir='ltr'>μη(Ξ</span> <span class='ocrx_word' id='word_1_318' title='bbox 1098 2884 1293 2930; x_wconf 81' lang='grc' dir='ltr'>διήμαρτεν)</span> <span class='ocrx_word' id='word_1_319' title='bbox 1314 2884 1394 2920; x_wconf 74' lang='grc' dir='ltr'>Β.”</span> <span class='ocrx_word' id='word_1_320' title='bbox 1373 2898 1519 2930; x_wconf 85' lang='grc' dir='ltr'>ημαρτεν</span> <span class='ocrx_word' id='word_1_321' title='bbox 1538 2884 1602 2918; x_wconf 90' lang='lat' dir='ltr'>Ht.</span> <span class='ocrx_word' id='word_1_322' title='bbox 1622 2883 1688 2918; x_wconf 89' lang='lat' dir='ltr'>Ed.</span> 
     </span>
    </p>
   </div>
   <div class='ocr_carea' id='block_1_7' title="bbox 105 2931 681 2978">
    <p class='ocr_par' dir='ltr' id='par_1_12' title="bbox 105 2931 681 2978">
     <span class='ocr_line' id='line_1_36' title="bbox 105 2931 681 2978; baseline 0 -11"><span class='ocrx_word' id='word_1_323' title='bbox 105 2943 161 2978; x_wconf 93' lang='lat'>29.</span> <span class='ocrx_word' id='word_1_324' title='bbox 187 2933 266 2968; x_wconf 83' lang='grc' dir='ltr'>Υἱὸς</span> <span class='ocrx_word' id='word_1_325' title='bbox 285 2932 360 2967; x_wconf 85' lang='lat' dir='ltr'><strong>B.a.</strong></span> <span class='ocrx_word' id='word_1_326' title='bbox 378 2931 512 2976; x_wconf 74' lang='grc' dir='ltr'>Ἰησοῦς</span> <span class='ocrx_word' id='word_1_327' title='bbox 532 2931 595 2966; x_wconf 83' lang='lat' dir='ltr'>Ht.</span> <span class='ocrx_word' id='word_1_328' title='bbox 614 2931 681 2967; x_wconf 88' lang='lat' dir='ltr'>Ed.</span> 
     </span>
    </p>
   </div>
  </div>
 </body>
</html>
