2022 3272
1699 272 1721 295 a
1753 263 1836 297 825
1852 263 1900 296 A.

657 927 1118 975 ΚΕΦΑΛΑΙΑ

442 1124 506 1153 ΤΑ
555 1124 625 1153 ΕΝ
674 1122 756 1152 ΤΩι
804 1123 1046 1152 ΔΕΚΑΤΩι
1094 1122 1319 1153 ΒΙΒΛΙΩι.

1694 1221 1721 1260 b

87 1356 125 1380 α.
149 1337 244 1380 ‘'On
281 1337 360 1379 κατ’
393 1338 505 1379 οὐδὲν
536 1338 712 1379 ἐλάττων
743 1339 851 1380 ἐστὶν
881 1339 901 1378 6
931 1337 1025 1380 Ύῑὸς
1058 1340 1126 1377 τοῦ
1158 1340 1265 1377 Θεοῦ
1300 1335 1360 1376 καὶ
1392 1334 1561 1386 Πατρὸς,
1593 1335 1678 1376 ἵσος

259 1411 302 1453 δὲ
328 1415 486 1463 μᾶλλον
517 1412 577 1452 καὶ
603 1414 734 1463 ὅμοιος
765 1414 862 1452 κατὰ
894 1413 1018 1462 φύσιν
1049 1412 1165 1465 αὐτῷ,
1199 1409 1452 1463 προκειμένου
1487 1410 1604 1460 ῥητοῦ
1630 1409 1679 1448 Εἰ

43 1486 66 1525 5
257 1486 436 1539 ἠγαπᾶτέ
464 1503 525 1537 με,
554 1486 719 1539 ἐχάρητε
751 1485 812 1535 ἂν,
842 1486 900 1526 ὅτι
932 1486 1006 1538 ἐγὼ
1038 1484 1132 1537 πρὸς
1163 1484 1232 1525 τὸν
1260 1483 1420 1535 Πατέρα
1450 1483 1677 1534 πορεύομαι,

248 1560 308 1600 ὅτι
330 1561 350 1600 ὁ
374 1560 508 1613 Πατὴρ
529 1559 670 1611 μείζων
690 1577 763 1611 μου
786 1561 908 1600 ἐστίν.
1547 1555 1669 1611 [842]

84 1681 128 1730 β.
155 1676 249 1719 “On
280 1679 332 1733 τῷ
366 1681 457 1734 Θεῷ
485 1678 547 1719 καὶ
576 1678 705 1731 Πατρὶ
730 1679 936 1729 ὁμοούσιός
963 1679 1073 1718 ἐστιν
1099 1678 1119 1717 ὁ
1138 1676 1245 1727 Ὑῖὸς,
1269 1676 1330 1716 καὶ
1362 1676 1434 1729 οὐχ
1467 1673 1675 1727 ἑτεροφυὴς

258 1750 347 1793 οὐδὲ
373 1753 542 1804 ἕκφυλος
567 1752 663 1792 κατά
687 1768 795 1794 τινας
820 1756 897 1792 τῶν
922 1750 1252 1804 διεστραμμένων,
1279 1748 1530 1802 προκειμέυου
1558 1749 1673 1800 ῥητοῦ
1693 1757 1714 1783 C

256 1824 361 1878 Ἐγώ
395 1828 471 1877 εἰμι
507 1826 529 1876 ἡ
566 1826 751 1877 ἄμπελος,
781 1826 890 1876 ὑμεῖς
923 1826 972 1866 τὰ
1009 1824 1197 1875 κλήματα,
1231 1824 1292 1864 καὶ
1328 1825 1348 1863 6
1378 1822 1515 1874 Πατήρ
1547 1839 1621 1872 μου
1654 1822 1675 1861 ὁ

18 1909 66 1934 10
258 1901 430 1953 γεωργός
460 1901 580 1941 ἐστιν.
1545 1894 1667 1950 [857]

133 2067 212 2103 Lib.
231 2067 276 2103 X.
305 2068 425 2103 Codex
444 2069 486 2104 E.
552 2069 580 2103 F
602 2069 656 2112 (=
679 2067 767 2104 Cod.
800 2067 838 2104 S.
857 2067 972 2102 Marci
998 2066 1156 2102 Venetiis
1187 2067 1268 2111 121)
1297 2064 1354 2100 hic
1384 2064 1454 2100 illic
1483 2063 1673 2099 exhibitus.

86 2114 120 2151 6.
145 2113 283 2161 Πατὴρ]
307 2119 343 2157 -Ι-
364 2131 430 2160 μου
449 2115 516 2152 Ed.
533 2116 644 2152 invito
663 2115 705 2151 Ε.

145 3024 237 3053 VOL.
260 3025 306 3053 Πἓ
864 3023 887 3066 3
910 3023 935 3050 R
