2022 3272
159 127 328 168 xiv.11.
407 128 479 168 IN
522 130 565 170 S.
599 130 933 173 ιῘΟΛΝΝΕΜ.
997 132 1122 172 LIB.
1157 132 1234 173 IX.
1297 133 1431 173 CAP.
1466 133 1500 173 Ι.
1661 133 1745 173 447

159 239 361 303 στηκώς·
401 281 428 304 ,,
455 243 557 293 ἐπεί
590 265 669 294 σοι
708 246 836 294 δοκεῖ
869 245 944 293 καὶ
983 244 1133 309 ὀρθῶς
1170 243 1291 310 ἔχειν
1317 243 1533 311 φαίνεται
1566 241 1620 293 τό
1658 243 1745 292 Ἐν

158 361 185 384 ‚,
215 325 323 391 Θεῷ
350 321 464 374 εἶναι
491 327 567 374 καὶ
593 330 804 376 νοεῖσθαι
821 324 917 375 Διὰ
944 329 1085 387 Θεοῦ,
1111 325 1160 376 τί
1180 325 1335 389 μάτην
1359 328 1740 392 καταφλυαρεῖς,

157 443 185 466 „
211 405 260 454 τί
292 404 341 455 δὲ
377 411 472 460 τοῖς
508 408 781 475 δυσφημίας
815 407 1115 472 ἐγκλήμασιν
1143 407 1379 470 ὑποτίθης,
1407 407 1520 457 ὅταν
1544 409 1742 469 πεποιῆ-

158 526 184 549 ,,
212 491 327 538 σθαι
364 487 439 539 διὰ
477 494 561 539 τοῦ
602 488 793 555 Πατρὸς
832 490 1164 552 διατεινώμεθα
1202 489 1285 540 τὸν
1311 489 1459 551 Υἱόν;
1512 487 1612 540 ἰδοῦ
1651 488 1746 555 γὰρ

114 585 184 631 5„
212 570 351 624 αὐτός
396 575 564 640 φησιν,
608 572 678 622 ὅτι
722 571 813 638 ἐγὼ
854 574 901 622 ἐν
939 576 1005 641 τῷ
1047 574 1216 637 Πατρὶ,
1256 573 1360 622 ἀντὶ
1404 578 1486 622 τοῦ
1527 570 1622 621 Διὰ
1663 576 1746 622 τοῦ

157 691 184 714 ,,
215 652 421 719 Πατρὸς,
448 653 569 704 κατά
605 677 657 720 γε
690 654 773 705 τὸν
804 654 896 705 σὸν
923 652 959 704 ὦ
995 655 1130 708 οὗτος
1163 654 1326 719 λόγον,
1355 656 1430 704 καὶ
1464 653 1550 717 τὴν
1577 654 1747 719 ἀρτίως

157 774 186 797 ,,
212 735 321 798 ἡμῖν
348 737 397 786 ἐκ
422 741 516 787 τῶν
543 740 676 803 ἱερῶν
701 736 994 802 γραμμάτων
1019 741 1394 804 παρενεχθεῖσαν
1420 735 1719 799 συνήθειαν.”

233 816 362 884 Ἐγὼ
388 816 437 869 δὲ
463 817 581 884 πρὸς
605 817 744 870 τοῦτό
771 823 893 887 φημι
921 822 1014 870 δεῖν
1040 818 1449 884 ἀπολογήσασθαι
1474 817 1641 880 πάλιν,
1671 821 1747 869 καὶ
1765 840 1788 866 a
1815 832 1901 867 795
1917 830 1968 866 A.

157 898 241 953 τὰς
266 900 450 951 ἐκείνων
476 903 758 967 κακουργίας
792 903 1139 966 ἀπογυμνοῦσαι
1173 903 1249 951 καὶ
1281 898 1466 964 βλάβη.
1526 900 1746 966 θαυμάζω

90 1001 140 1026 10
158 981 252 1047 γὰρ
285 981 412 1037 ὅπως
445 983 662 1047 ἀσμένως
688 983 979 1036 ἀκούσαντες
1011 983 1081 1034 ὅτι
1109 984 1157 1033 ἐν
1184 987 1308 1052 Θεῷ,
1336 981 1412 1033 διὰ
1440 986 1565 1033 Θεοῦ
1591 983 1747 1048 λε’γειν

158 1063 261 1118 ἔθος
287 1069 346 1132 τῇ
375 1065 475 1134 θείᾳ
502 1070 682 1134 γραφῇ,
709 1067 784 1116 καὶ
812 1065 888 1116 διὰ
913 1064 1060 1129 μόνον
1086 1064 1140 1115 τὸ
1177 1066 1410 1116 δύνασθαι
1444 1069 1676 1116 κατειπεῖν
1701 1089 1747 1116 τι

157 1150 241 1211 τῆς
276 1147 418 1216 δόξης
449 1154 532 1199 τοῦ
561 1152 879 1214 Μονογενοῦς,
908 1147 1270 1200 συναινέσαντές
1306 1171 1355 1198 τε
1392 1149 1467 1198 καὶ
1502 1146 1587 1210 τὴν
1613 1147 1747 1216 λε’ξιν

155 1229 547 1299 παραδεξάμενοι,
573 1236 827 1297 ληροῦντες
863 1230 935 1281 ὅτι
969 1228 1118 1281 πάλιν
1145 1229 1278 1280 οὐδὲν
1303 1230 1446 1294 ἧττον
1472 1229 1748 1281 ἁλώσονται

158 1312 469 1377 διεγνώκασιν
493 1314 720 1377 οὐδαμῶς,
746 1313 895 1363 καίτοι
934 1312 1202 1380 φάσκοντες
1242 1310 1356 1363 εἶναι
1395 1314 1549 1382 σοφοί
1584 1335 1632 1363 τε
1670 1314 1747 1363 καὶ

92 1407 139 1446 15
159 1397 350 1460 δριμεῖς.
406 1395 554 1459 εἰμὲν
580 1394 674 1461 γὰρ
706 1394 867 1458 μόνοις
903 1396 1081 1464 ἐφεῖται
1116 1399 1213 1449 τοῖς
1248 1396 1304 1446 δι’
1333 1396 1541 1448 ἐναντίας
1574 1396 1628 1446 τὸ
1663 1398 1747 1459 τῆς

157 1477 476 1529 θεοπνεύστου
502 1481 693 1546 γραφῆς
719 1479 787 1528 ἀεὶ
819 1477 1027 1544 τειχίζειν
1054 1477 1157 1530 ε”θος
1193 1481 1251 1544 τῇ
1287 1478 1429 1546 οὐσίᾳ
1463 1483 1547 1528 τοῦ
1577 1481 1739 1529 Μονο-
1763 1487 1791 1529 b

158 1565 334 1624 γενοῦς,
375 1563 451 1611 καὶ
492 1559 568 1610 διὰ
605 1567 744 1612 τοῦτο
782 1563 1072 1621 πεποιῆσθαι
1114 1559 1270 1626 λέγειν
1310 1559 1452 1610 αὑτὸν
1488 1559 1620 1626 παρὰ
1663 1566 1747 1611 τοῦ

161 1641 367 1708 Πατρὸς,
401 1644 588 1710 ἐπείπερ
627 1641 741 1694 εἶναι
779 1641 864 1706 μὲν
897 1644 946 1693 ἐν
973 1645 1082 1711 Θεῷ
1117 1646 1284 1711 φησιν’
1333 1642 1388 1693 τὸ
1424 1642 1479 1692 δέ
1503 1644 1590 1692 Ἐν
1615 1645 1742 1711 Θεῷ,

159 1723 235 1775 διὰ
276 1728 400 1776 Θεοῦ
440 1729 650 1776 νοεῖσθαι
687 1725 967 1789 δεδώκαμεν,
999 1724 1158 1793 ἔδοξεν
1193 1722 1250 1774 ἂν
1285 1724 1405 1775 κατά
1441 1748 1495 1790 γε
1533 1723 1587 1774 τὸ
1627 1723 1747 1778 εἰκὸς

88 1826 138 1852 20
159 1806 308 1872 λόγον
334 1807 453 1875 ε”χειν
487 1809 643 1861 αὐτοῖς
677 1809 781 1874 οὐχὶ
815 1808 925 1857 λίαν
953 1807 1112 1870 ἀμαθῆ
1147 1806 1201 1857 τὸ
1237 1806 1559 1872 κακούργημα.
1621 1811 1658 1857 εὶ
1697 1807 1747 1858 δὲ

158 1887 215 1952 δὴ
261 1889 315 1940 τὸ
360 1889 546 1940 κωλύον
591 1890 722 1940 οὐδὲν
763 1891 838 1939 καὶ
890 1889 1009 1951 ἡμᾶς
1054 1887 1236 1951 αὐτοὺς,
1280 1889 1356 1940 διὰ
1406 1892 1489 1952 τῆς
1539 1888 1746 1954 μείζονος

157 1972 356 2025 ἀτοπίας
401 1971 674 2038 ἀνατρέπειν
719 1969 971 2023 ἐθέλοντας
1016 1969 1101 2034 τὴν
1138 1975 1234 2021 τῶν
1277 1972 1387 2036 παρ’
1429 1972 1584 2024 αὐτοῖς
1628 1974 1742 2036 δογ-

155 2050 320 2116 μάτων
346 2051 634 2119 σαθρότητα,
663 2054 738 2104 καὶ
777 2054 845 2104 ἐπ’
875 2052 1017 2103 αὑτὸν
1048 2051 1296 2121 ἀναφέρειν
1321 2052 1404 2103 τὸν
1432 2053 1624 2118 Πατέρα
1662 2058 1746 2103 τοῦ

156 2137 505 2200 σημαινομένου
535 2136 621 2200 τὴν
647 2135 856 2198 δύναμιν,
885 2139 1026 2186 εἰπεῖν
1052 2158 1101 2186 τε
1136 2139 1321 2203 σαφῶς,
1350 2137 1410 2189 ὡς
1446 2136 1634 2200 ἐπείπερ
1669 2136 1746 2185 καὶ

86 2234 137 2274 25
156 2218 296 2270 τοῦτό
323 2224 488 2288 φησιν,
516 2218 586 2270 ὅτι
618 2220 642 2269 ὁ
670 2217 838 2284 Πατὴρ
865 2219 914 2268 ἐν
939 2219 1043 2281 ε’μοί
1073 2220 1190 2279 ε’στι,
1216 2217 1446 2283 προσήκει
1483 2222 1615 2278 νοεῖν,
1642 2218 1743 2268 ἀντὶ
1762 2235 1784 2262 C

154 2307 241 2362 ιτοῦ
267 2303 321 2352 δι’
350 2303 476 2365 ἐμοῦ,
502 2301 577 2351 ἵνα
601 2300 773 2351 λοιπὸν
798 2299 992 2366 γενητὸς
1017 2299 1207 2365 γε’νηται
1233 2301 1310 2350 καὶ
1336 2298 1475 2353 αὐτὸς
1502 2301 1526 2350 ὁ
1556 2299 1742 2365 Πατὴρ,

155 2388 259 2436 πῶς
297 2384 351 2434 οὐ
389 2383 499 2433 λίαν
533 2382 777 2436 ἀσυνέτοις
815 2380 1224 2448 ἐπιθαρσήσαντες
1262 2386 1529 2447 λογισμοῖς,
1556 2381 1643 2445 τὴν
1674 2383 1742 2432 ἐπ’

156 2463 346 2534 ἀκράτῷ
396 2465 550 2533 μωρίᾳ
600 2466 772 2532 ψῆφον
816 2464 1096 2514 ἀποίσονται
1121 2485 1134 2526 3
1197 2462 1361 2529 ὥσπερ
1411 2463 1505 2529 γὰρ
1554 2464 1579 2513 ὁ
1630 2462 1745 2517 Υἱὸς

157 2545 322 2597 ἑαυτὸν
348 2544 467 2596 εἶναί
499 2549 651 2612 φησιν
676 2547 724 2595 ἐν
750 2549 815 2614 τῷ
844 2547 1014 2610 Πατρῖ,
1041 2547 1188 2598 οὕτως
1214 2545 1306 2613 ε”φη
1333 2546 1408 2595 καὶ
1441 2544 1524 2594 τὸν
1553 2544 1745 2609 Πατέρα

86 2648 137 2685 30
158 2626 273 2679 εἶναι
304 2629 352 2678 ἐν
377 2628 540 2695 ἑαυτῷ·
580 2630 618 2676 εἷ
653 2625 701 2676 δὲ
735 2626 790 2677 τὸ
827 2628 875 2676 ε’ν
904 2630 1073 2692 Πατρῖ,
1098 2625 1174 2676 διὰ
1207 2632 1289 2677 τοῦ
1318 2624 1508 2691 Πατρὸς
1535 2629 1743 2676 νοεῖσθαι

158 2710 430 2771 βούλονται,
457 2708 506 2759 τί
527 2707 581 2759 τὸ
609 2709 833 2775 ἀπεῖργον
859 2711 1002 2758 εἰπεῖν
1029 2707 1099 2758 ὅτι
1128 2709 1203 2758 καὶ
1230 2706 1284 2758 τό
1307 2707 1394 2758 Ἐν
1410 2711 1525 2777 Υὶῷ,
1547 2707 1603 2757 δι’
1625 2711 1743 2759 Υἱοῦ

207 2857 241 2890 3.
266 2844 437 2880 ὑποτιθεὶς
454 2843 496 2877 Ε.
515 2843 685 2878 ὑποτιθεῖς
701 2855 736 2886 p.
884 2843 936 2876 16.
963 2842 1053 2878 θείας
1070 2842 1239 2876 πνεῦστου
1258 2842 1339 2885 (Sic)
1360 2841 1401 2876 E.
1544 2850 1597 2886 17.
1623 2855 1742 2875 πεποι-

160 2892 273 2927 εἶσθαι
291 2892 333 2925 Ε.
416 2902 470 2925 21.
490 2889 530 2934 δὴ
548 2902 616 2924 ass.
636 2901 677 2923 ex
696 2890 738 2924 E.
822 2900 877 2934 29.
895 2889 947 2923 ὅτι
965 2890 982 2922 ὁ
1000 2889 1109 2933 πατὴρ
1129 2888 1163 2922 ἐν
1180 2889 1254 2932 ἐμοί
1271 2889 1366 2923 ἐστιν
1381 2899 1445 2932 pro
1463 2888 1498 2923 ἐν
1514 2890 1561 2934 τῷ
1579 2888 1681 2932 πατρὶ
1699 2888 1741 2924 Ε.

160 2950 218 2984 30.
243 2940 282 2974 τὸ
301 2938 385 2974 E.F.
405 2937 472 2972 Ed.
492 2949 564 2983 mg.
582 2939 628 2983 τῷ
646 2935 713 2971 Ed.
857 2947 915 2981 31.
939 2935 1125 2977 βούλονται
1144 2935 1184 2970 Ε.
1201 2934 1363 2977 βούλεται
1382 2934 1448 2970 Ed.
