2037 3266
320 145 405 184 480
725 144 775 185 B.
810 144 1085 186 CYRILLI
1127 147 1512 188 ALEXANDR.
1738 143 1821 184 xiv.
1842 153 1908 183 20.

282 257 416 303 θτῶν
451 252 600 304 ὅντων
632 255 708 305 καὶ
744 258 935 323 φρονεῖν
963 254 1194 306 εἰωθότων
1226 256 1377 322 ὀρθῶς
1416 257 1498 307 οὐκ
1534 253 1592 305 ἂν
1618 254 1799 320 γε’νοιτο
1835 253 1910 302 καὶ

321 333 456 398 μάλα
489 335 659 404 σαφὲς,
686 337 748 389 ὡς
784 335 960 402 ἡμέραν
992 336 1127 403 ὁρίζει
1161 340 1243 402 τῆς
1279 340 1352 390 ἐπὶ
1389 338 1538 407 τούτῳ
1572 337 1794 403 γνώσεως
1828 333 1911 385 τὸν

322 415 500 483 καιρὸν,
527 418 635 469 καθ’
668 416 721 469 ὃν
747 416 806 468 ἂν
832 421 906 469 καὶ
943 419 1072 483 ἡμεῖς
1107 421 1238 471 αὐτοὶ
1272 419 1391 486 πρὸς
1427 420 1568 471 αὐτὸν
1602 416 1906 486 άναμορφού-

322 521 467 562 μενοι,
493 498 613 565 πρὸς
639 499 759 566 ζωὴν
784 499 1128 564 ἀναβησόμεθα
1154 501 1240 566 τὴν
1264 503 1462 565 αἰώνιον,
1489 501 1573 567 τὴν
1599 507 1680 552 τοῦ
1708 498 1912 551 θανάτου

324 580 594 648 διαδράντες
637 580 785 646 ἀράνς
842 582 922 632 καί
960 605 1039 646 μοι
1089 587 1217 634 δοκεῖ
1256 584 1467 635 τοιοῦτόν
1508 607 1552 635 τι
1596 583 1844 647 σημαίνειν
1886 581 1953 635 <35

324 662 538 729 Χριστός
576 669 716 733 φησι·
772 667 894 732 φημὶ
934 664 982 716 δὲ
1019 665 1101 716 τὸν
1129 670 1343 717 Παῦλον·
1397 666 1510 718 ὅταν
1548 665 1603 717 τὸ
1642 670 1764 717 θεῖον
1803 665 1912 728 ἡμῖν

99 745 236 830 ἓοζίἰί·
325 744 679 796 ἀποκαλύπτων
705 746 969 813 μυστήριον
995 747 1261 816 ἐπιστέλλῃ
1287 747 1405 814 πρός
1430 772 1560 802 τινας
1585 745 1913 798 (ίἈπεθάνετε

325 833 352 856 “
379 827 485 893 γὰρ,
522 829 597 878 καὶ
636 828 663 891 ἡ
702 828 795 895 ζωὴ
835 831 965 893 ὑμῶν
1003 830 1254 897 κέκρυπται
1291 831 1384 882 σὺν
1422 835 1488 900 τῷ
1526 833 1726 898 Χριστῷ
1762 830 1808 880 ἐν
1847 830 1913 897 τῷ

102 922 182 958 819
198 921 247 956 Α.
286 916 352 956 a“
379 912 507 978 Θεῷ·
560 909 674 961 ὅταν
710 912 791 962 οὖν
826 913 851 962 ὁ
887 912 1101 978 Χριστὸς
1141 917 1394 981 φανερωθῇ
1432 914 1460 977 ἡ
1500 912 1591 980 ζωὴ
1631 914 1774 974 ὑμῶν,
1807 908 1913 961 τότε

325 998 352 1021 “
380 994 455 1042 καὶ
483 994 608 1056 ὑμεῖς
635 993 1038 1061 φανερωθήσεσθε
1065 994 1157 1046 σῦν
1183 996 1309 1065 αὐτῷ
1334 998 1381 1046 ἐν
1405 995 1563 1065 δόξῃ.”
1604 1017 1911 1061 μετασχημα-
1936 1014 1984 1040 10

102 1076 189 1150 {ffl-
208 1076 250 1107 ffi-
324 1075 446 1124 τίσει
472 1073 565 1141 γὰρ
592 1075 646 1126 τὸ
670 1080 814 1139 σῶμα
840 1080 924 1140 τῆς
949 1077 1276 1131 ταπεινώσεως
1303 1078 1447 1142 ἡμῶν,
1465 1084 1602 1129 τοῦτο
1628 1076 1684 1141 δή
1710 1074 1912 1137 πάντως,

325 1159 401 1206 καὶ
429 1158 515 1224 οὐχ
542 1158 711 1224 ἕτερον,
738 1158 1029 1226 σύμμορφον
1055 1163 1137 1223 τῆς
1166 1159 1309 1228 δόξης
1335 1162 1491 1219 αὐτοῦ,
1515 1162 1589 1211 καὶ
1615 1156 1915 1223 μεταπλάσει

324 1238 444 1305 πρὸς
496 1238 550 1290 τὸ
602 1242 799 1308 ἀρχαῖον
849 1240 1036 1311 ἀρῥήτῳ
1087 1241 1277 1306 δυνάμει
1321 1241 1407 1307 τὴν
1451 1242 1701 1309 ἀνθρώπου
1751 1240 1914 1308 φύσιν,

324 1318 482 1372 πάντα
519 1325 779 1386 μετατιθεὶς
818 1323 1023 1377 εὐκόλως
1061 1324 1180 1391 πρὸς
1220 1324 1333 1391 ὅπερ
1371 1325 1428 1375 ἂν
1466 1325 1704 1387 βούλοιτο,
1740 1326 1908 1374 διακω-

103 1405 209 1479 &mos
225 1416 255 1436 v.
326 1402 523 1457 λύοντος
563 1403 764 1459 οὐδενός·
809 1404 931 1459 Θεὸς
969 1406 1063 1473 γάρ
1101 1408 1232 1458 ἐστιν
1268 1405 1504 1471 ἀληθινὸς,
1532 1414 1559 1435 ‘⁶
1578 1411 1725 1458 ποιῶν
1759 1405 1915 1457 πάντα
1939 1424 1984 1461 15

326 1491 353 1514 ‘⁶
380 1487 456 1535 καὶ
497 1487 897 1553 μετασκευάζων,”
938 1487 1057 1539 κατὰ
1101 1487 1156 1540 τὸ
1202 1490 1545 1555 γεγραμμένον.
1608 1490 1708 1540 κατ’
1750 1490 1915 1551 ἐκείνην

328 1567 409 1618 οὖν
436 1568 528 1635 ἄρα
553 1566 640 1632 τὴν
667 1568 839 1638 ἡμέραν,
866 1570 968 1635 ἤτοι
995 1569 1077 1621 τὸν
1103 1570 1277 1638 καιρὸν,
1305 1572 1414 1622 καθ’
1445 1570 1496 1622 ὃν
1524 1573 1600 1622 καὶ
1633 1573 1758 1634 ὑμεῖς
1785 1572 1915 1622 αὐτοὶ

282 1656 310 1699 b
329 1649 548 1717 ζήσεσθε·
591 1652 652 1718 ζῶ
679 1651 772 1719 γὰρ
796 1652 903 1718 ἐγὼ,
931 1653 1081 1703 καίτοι
1115 1653 1223 1704 καθ’
1254 1655 1372 1718 ὑμᾶς
1407 1655 1654 1720 ἄνθρωπος
1687 1653 1911 1720 γεγονὼς,

329 1735 406 1784 καὶ
438 1732 493 1784 τὸ
527 1735 794 1786 ὑποπίπτον
819 1739 876 1803 τῇ
912 1739 1073 1805 φθορᾷ
1107 1735 1227 1786 κατά
1261 1759 1316 1802 γε
1351 1736 1436 1800 τὴν
1460 1737 1578 1787 ἰδίαν
1605 1737 1755 1805 φύσιν
1780 1737 1909 1786 ἐνδυ-

328 1814 534 1880 σάμενος
572 1821 729 1881 σῶμα·
778 1822 951 1886 σαφῶς
991 1817 1297 1884 ἐπιγνώσεσθε,
1331 1820 1495 1888 φησιν,
1530 1818 1592 1869 ’ὅτι
1634 1817 1723 1884 ἐγὼ
1761 1816 1845 1882 μὲν
1879 1819 1916 1869 ἐν
1938 1841 1988 1865 20

328 1903 390 1968 τῷ
427 1903 584 1968 Hom-p),
618 1902 742 1967 ὑμεῖς
781 1899 829 1951 δὲ
868 1901 906 1952 ἐν
943 1901 1036 1969 ἐμοὶ
1080 1898 1211 1966 κέιγῖο
1253 1902 1290 1953 ἐν
1325 1904 1438 1969 ὑμῖν.
1501 1899 1830 1964 διακεισόμεθα
1868 1899 1916 1950 δὲ

327 1982 460 2031 ταυτὶ
485 1979 604 2047 πρὸς
629 1982 750 2046 ἡμᾶς
777 1981 860 2033 τὸν
885 1982 1063 2048 Κύριον
1089 1985 1243 2046 εἰπεῖν,
1263 1984 1351 2050 οὐχ
1376 1983 1451 2033 ἵνα
1479 1982 1734 2049 νομίζωμεν
1761 1981 1911 2048 ὑπάρ-

328 2085 427 2129 χειν
453 2062 594 2114 αὑτον
621 2065 669 2115 ἐν
698 2067 866 2130 Πατρὶ,
895 2063 1015 2115 κατά
1042 2088 1093 2131 γε
1124 2064 1207 2117 τὸν
1231 2068 1314 2129 τῆς
1347 2065 1534 2131 ἀγάπης
1566 2065 1727 2131 λόγον,
1754 2062 1917 2130 ὥσπερ

329 2147 411 2195 οῦν
456 2145 602 2196 ἐδόκει
646 2151 742 2200 τοῖς
786 2148 840 2197 δι’
882 2149 1091 2200 ἐναντίας
1138 2152 1341 2215 φρονεῖν,
1384 2148 1515 2198 ἀλλὰ
1560 2146 1678 2198 κατὰ
1722 2146 1917 2209 δύναμιν

289 2252 312 2280 ο
330 2228 592 2293 μυστηρίου
618 2228 806 2289 βαθέος,
837 2227 862 2278 ὃ
895 2230 969 2279 καὶ
998 2232 1165 2292 νοῆσαι
1193 2228 1277 2290 μὲν
1303 2230 1445 2279 ἐκεῖνο
1476 2228 1702 2296 χαλεπὸν,
1730 2227 1915 2296 φράσαι
1939 2242 1986 2279 25

331 2309 378 2359 δὲ
418 2310 472 2359 οὐ
508 2309 686 2378 ῥᾴδιον·
736 2308 867 2373 πλὴν
901 2309 1028 2363 ὅπως
1066 2309 1125 2361 ἂν
1160 2309 1254 2364 οἶός
1291 2333 1341 2361 τε
1381 2308 1417 2360 (ἶ)
1454 2313 1718 2375 διηγεῖσθαι
1756 2309 1916 2375 πειρά-

329 2413 494 2455 σομαι.

404 2475 505 2536 Τῆς
549 2472 633 2537 μὲν
677 2473 758 2524 οῦν
803 2475 1025 2539 ἀκριβοῦς
1076 2474 1303 2528 ἐκθέσεως
1352 2473 1480 2526 πολὺ
1528 2474 1639 2524 λίαν
1683 2474 1915 2537 ἡττῆσθαι

328 2552 485 2605 πάντα
516 2560 625 2606 νοῦν
651 2555 978 2619 ὑπολαμβάνω
1013 2561 1108 2607 τῶν
1133 2558 1208 2608 ἐπὶ
1244 2559 1345 2622 γῆς,
1371 2560 1437 2625 τῷ
1470 2553 1619 2622 γεμὴν
1645 2559 1800 2625 θερμῷ
1833 2558 1915 2619 τῆς

330 2637 531 2703 ἀγάπης,
564 2637 650 2688 κᾶν
682 2643 798 2703 γοῦν
831 2638 1028 2705 μετρίως
1068 2642 1179 2690 ἰδεῖν
1212 2662 1261 2690 τε
1302 2641 1378 2690 καὶ
1418 2637 1603 2707 φράσαι
1640 2635 1914 2704 παραθηγό-
1936 2652 1986 2689 30

381 2822 416 2846 2.
435 2810 560 2856 ἡμέραν
578 2811 619 2845 Ε.
639 2811 730 2846 Catt.
750 2811 873 2855 ἡμέρας
891 2811 958 2845 Ed.
1084 2820 1117 2856 5.
1143 2813 1161 2845 ὁ
1179 2812 1327 2857 Χριστὸς
1344 2810 1451 2856 φησί]
1471 2810 1489 2844 ὃ
1507 2811 1654 2855 Χριστός
1671 2812 1761 2855 φησι
1780 2810 1915 2854 Migne.

331 2858 505 2901 σημαίνειν
531 2859 548 2891 ὁ
573 2860 704 2893 παῦλος
728 2859 766 2892 τὸ
791 2859 881 2892 θεῖον
898 2858 1105 2892 abbrevians
1126 2858 1232 2892 Cord.
1284 2858 1385 2892 Forte
1410 2857 1599 2901 legendum
1625 2859 1643 2890 ὁ
1668 2858 1915 2903 χριστοφόρος.

331 2916 364 2948 9.
393 2905 427 2938 δέ
446 2916 509 2948 pro
527 2904 586 2939 οὖν
604 2904 712 2939 Cord.
764 2905 805 2939 In
824 2917 854 2939 e.
873 2916 953 2949 pars
972 2906 1042 2939 folii
1062 2905 1251 2940 destructa.
1361 2915 1412 2949 13.
1439 2904 1566 2948 ἀρρὴτη
1586 2904 1628 2937 Ε.
1725 2915 1781 2948 30.
1808 2918 1915 2948 παρα-

330 2951 514 2995 θηγόμενος
534 2951 575 2985 Ε.
592 2952 872 2997 παραθησόμενος
890 2951 958 2986 Ed.
