<?xml version="1.0" encoding="UTF-8"?>
<!DOCTYPE html PUBLIC "-//W3C//DTD XHTML 1.0 Transitional//EN"
    "http://www.w3.org/TR/xhtml1/DTD/xhtml1-transitional.dtd">
<html xmlns="http://www.w3.org/1999/xhtml" xml:lang="en" lang="en">
 <head>
  <title>
</title>
<meta http-equiv="Content-Type" content="text/html;charset=utf-8" />
  <meta name='ocr-system' content='tesseract 3.04.00' />
  <meta name='ocr-capabilities' content='ocr_page ocr_carea ocr_par ocr_line ocrx_word'/>
</head>
<body>
  <div class='ocr_page' id='page_1' title='image "./operacyrilli04cyriuoft/operacyrilli04cyriuoft_0320.png"; bbox 0 0 2037 3266; ppageno 0'>
   <div class='ocr_carea' id='block_1_1' title="bbox 227 275 273 313">
    <p class='ocr_par' dir='ltr' id='par_1_1' title="bbox 227 275 273 313">
     <span class='ocr_line' id='line_1_1' title="bbox 227 275 273 313; baseline 0 0"><span class='ocrx_word' id='word_1_1' title='bbox 227 275 273 313; x_wconf 87' lang='grc' dir='ltr'>Ι9</span> 
     </span>
    </p>
   </div>
   <div class='ocr_carea' id='block_1_2' title="bbox 248 787 274 828">
    <p class='ocr_par' dir='ltr' id='par_1_2' title="bbox 248 787 274 828">
     <span class='ocr_line' id='line_1_2' title="bbox 248 787 274 828; baseline 0 0"><span class='ocrx_word' id='word_1_2' title='bbox 248 787 274 828; x_wconf 82' lang='lat' dir='ltr'><strong>d</strong></span> 
     </span>
    </p>
   </div>
   <div class='ocr_carea' id='block_1_3' title="bbox 229 938 277 962">
    <p class='ocr_par' dir='ltr' id='par_1_3' title="bbox 229 938 277 962">
     <span class='ocr_line' id='line_1_3' title="bbox 229 938 277 962; baseline 0 0"><span class='ocrx_word' id='word_1_3' title='bbox 229 938 277 962; x_wconf 90' lang='lat'>20</span> 
     </span>
    </p>
   </div>
   <div class='ocr_carea' id='block_1_4' title="bbox 258 1548 280 1575">
    <p class='ocr_par' dir='ltr' id='par_1_4' title="bbox 258 1548 280 1575">
     <span class='ocr_line' id='line_1_4' title="bbox 258 1548 280 1575; baseline 0 0"><span class='ocrx_word' id='word_1_4' title='bbox 258 1548 280 1575; x_wconf 79' lang='grc' dir='ltr'><strong>Θ</strong></span> 
     </span>
    </p>
   </div>
   <div class='ocr_carea' id='block_1_5' title="bbox 78 2279 281 2315">
    <p class='ocr_par' dir='ltr' id='par_1_5' title="bbox 78 2279 281 2315">
     <span class='ocr_line' id='line_1_5' title="bbox 78 2279 281 2315; baseline -0.01 0"><span class='ocrx_word' id='word_1_5' title='bbox 78 2279 231 2315; x_wconf 87' lang='lat' dir='ltr'><strong>700A.</strong></span> <span class='ocrx_word' id='word_1_6' title='bbox 260 2289 281 2313; x_wconf 84' lang='lat' dir='ltr'><strong>a</strong></span> 
     </span>
    </p>
   </div>
   <div class='ocr_carea' id='block_1_6' title="bbox 290 120 1879 175">
    <p class='ocr_par' dir='ltr' id='par_1_6' title="bbox 290 120 1879 175">
     <span class='ocr_line' id='line_1_6' title="bbox 290 120 1879 175; baseline 0 -15"><span class='ocrx_word' id='word_1_7' title='bbox 290 121 375 160; x_wconf 85' lang='lat'>308</span> <span class='ocrx_word' id='word_1_8' title='bbox 692 123 743 163; x_wconf 91' lang='grc' dir='ltr'>Β.</span> <span class='ocrx_word' id='word_1_9' title='bbox 777 122 1056 162; x_wconf 84' lang='lat' dir='ltr'>CYRILLI</span> <span class='ocrx_word' id='word_1_10' title='bbox 1097 121 1480 162; x_wconf 85' lang='lat' dir='ltr'><strong>ALEXANDR.</strong></span> <span class='ocrx_word' id='word_1_11' title='bbox 1632 120 1705 161; x_wconf 79' lang='lat' dir='ltr'>xii.</span> <span class='ocrx_word' id='word_1_12' title='bbox 1730 134 1792 175; x_wconf 89' lang='lat'>19,</span> <span class='ocrx_word' id='word_1_13' title='bbox 1812 132 1879 161; x_wconf 81' lang='lat'>20.</span> 
     </span>
    </p>
   </div>
   <div class='ocr_carea' id='block_1_7' title="bbox 296 256 1879 319">
    <p class='ocr_par' dir='ltr' id='par_1_7' title="bbox 296 256 1879 319">
     <span class='ocr_line' id='line_1_7' title="bbox 296 256 1879 319; baseline 0 -19"><span class='ocrx_word' id='word_1_14' title='bbox 296 256 346 300; x_wconf 86' lang='grc' dir='ltr'>Οἷ</span> <span class='ocrx_word' id='word_1_15' title='bbox 373 257 446 301; x_wconf 82' lang='grc' dir='ltr'>οὖν</span> <span class='ocrx_word' id='word_1_16' title='bbox 474 258 703 317; x_wconf 81' lang='grc' dir='ltr'>Φαρισαῖοι</span> <span class='ocrx_word' id='word_1_17' title='bbox 730 258 851 304; x_wconf 77' lang='grc' dir='ltr'>εἷπον</span> <span class='ocrx_word' id='word_1_18' title='bbox 879 263 987 319; x_wconf 68' lang='grc' dir='ltr'>Πρὸς</span> <span class='ocrx_word' id='word_1_19' title='bbox 1012 263 1193 305; x_wconf 71' lang='grc' dir='ltr'>ἑαυτούς</span> <span class='ocrx_word' id='word_1_20' title='bbox 1221 259 1437 319; x_wconf 76' lang='grc' dir='ltr'>Θεωρεῖτε</span> <span class='ocrx_word' id='word_1_21' title='bbox 1463 263 1528 305; x_wconf 85' lang='grc' dir='ltr'>ὅτι</span> <span class='ocrx_word' id='word_1_22' title='bbox 1558 261 1634 302; x_wconf 83' lang='grc' dir='ltr'>οὐκ</span> <span class='ocrx_word' id='word_1_23' title='bbox 1665 257 1879 316; x_wconf 80' lang='grc' dir='ltr'>ὠφελεῖτε</span> 
     </span>
    </p>
   </div>
   <div class='ocr_carea' id='block_1_8' title="bbox 496 342 1691 397">
    <p class='ocr_par' dir='ltr' id='par_1_8' title="bbox 496 342 1691 397">
     <span class='ocr_line' id='line_1_8' title="bbox 496 342 1691 397; baseline 0.001 -13"><span class='ocrx_word' id='word_1_24' title='bbox 496 343 648 397; x_wconf 67' lang='grc' dir='ltr'>οὐδὲν,</span> <span class='ocrx_word' id='word_1_25' title='bbox 687 342 764 397; x_wconf 73' lang='grc' dir='ltr'>ἴδε,</span> <span class='ocrx_word' id='word_1_26' title='bbox 789 346 812 389; x_wconf 88' lang='grc' dir='ltr'>ὁ</span> <span class='ocrx_word' id='word_1_27' title='bbox 842 347 1000 394; x_wconf 69' lang='grc' dir='ltr'>κόσμος</span> <span class='ocrx_word' id='word_1_28' title='bbox 1025 347 1128 389; x_wconf 69' lang='grc' dir='ltr'>ὅλος</span> <span class='ocrx_word' id='word_1_29' title='bbox 1155 345 1296 388; x_wconf 76' lang='grc' dir='ltr'>ὀπίσω</span> <span class='ocrx_word' id='word_1_30' title='bbox 1323 346 1452 386; x_wconf 80' lang='grc' dir='ltr'>αὐτοῦ</span> <span class='ocrx_word' id='word_1_31' title='bbox 1480 345 1691 386; x_wconf 59' lang='grc' dir='ltr'>ἀπῆλθεν.</span> 
     </span>
    </p>
   </div>
   <div class='ocr_carea' id='block_1_9' title="bbox 369 456 1877 528">
    <p class='ocr_par' dir='ltr' id='par_1_9' title="bbox 369 456 1877 528">
     <span class='ocr_line' id='line_1_9' title="bbox 369 456 1877 528; baseline 0 -21"><span class='ocrx_word' id='word_1_32' title='bbox 369 460 526 507; x_wconf 86' lang='grc' dir='ltr'>Τοῦτο</span> <span class='ocrx_word' id='word_1_33' title='bbox 569 459 632 511; x_wconf 85' lang='grc' dir='ltr'>ὡς</span> <span class='ocrx_word' id='word_1_34' title='bbox 672 458 862 512; x_wconf 72' lang='grc' dir='ltr'>ἑαυτοὺς</span> <span class='ocrx_word' id='word_1_35' title='bbox 907 459 1329 527; x_wconf 88' lang='grc' dir='ltr'>καταμεμφόμενοί</span> <span class='ocrx_word' id='word_1_36' title='bbox 1370 463 1536 528; x_wconf 89' lang='grc' dir='ltr'>φασιν,</span> <span class='ocrx_word' id='word_1_37' title='bbox 1575 457 1762 522; x_wconf 86' lang='grc' dir='ltr'>ἐπείπερ</span> <span class='ocrx_word' id='word_1_38' title='bbox 1802 456 1877 507; x_wconf 77' lang='grc' dir='ltr'>ἕκ-</span> 
     </span>
    </p>
   </div>
   <div class='ocr_carea' id='block_1_10' title="bbox 293 540 1924 770">
    <p class='ocr_par' dir='ltr' id='par_1_10' title="bbox 293 540 1924 770">
     <span class='ocr_line' id='line_1_10' title="bbox 293 540 1877 610; baseline 0.001 -22"><span class='ocrx_word' id='word_1_39' title='bbox 293 544 446 588; x_wconf 88' lang='grc' dir='ltr'>παλαι</span> <span class='ocrx_word' id='word_1_40' title='bbox 484 540 567 589; x_wconf 85' lang='grc' dir='ltr'>οὐκ</span> <span class='ocrx_word' id='word_1_41' title='bbox 608 541 797 591; x_wconf 81' lang='grc' dir='ltr'>ἀνεῖλον</span> <span class='ocrx_word' id='word_1_42' title='bbox 835 540 928 591; x_wconf 76' lang='grc' dir='ltr'>συν</span> <span class='ocrx_word' id='word_1_43' title='bbox 966 545 1033 610; x_wconf 68' lang='grc' dir='ltr'>τῷ</span> <span class='ocrx_word' id='word_1_44' title='bbox 1074 540 1276 610; x_wconf 73' lang='grc' dir='ltr'>Λαζάρῳ</span> <span class='ocrx_word' id='word_1_45' title='bbox 1315 540 1398 592; x_wconf 77' lang='grc' dir='ltr'>τὸν</span> <span class='ocrx_word' id='word_1_46' title='bbox 1430 540 1637 605; x_wconf 82' lang='grc' dir='ltr'>Ἰησοῦν,</span> <span class='ocrx_word' id='word_1_47' title='bbox 1675 561 1877 604; x_wconf 87' lang='grc' dir='ltr'>προτρε-</span> 
     </span>
     <span class='ocr_line' id='line_1_11' title="bbox 293 619 1924 690; baseline -0.001 -20"><span class='ocrx_word' id='word_1_48' title='bbox 293 619 489 683; x_wconf 88' lang='grc' dir='ltr'>πόμενοι</span> <span class='ocrx_word' id='word_1_49' title='bbox 540 620 731 674; x_wconf 77' lang='grc' dir='ltr'>ἑαυτοὺς</span> <span class='ocrx_word' id='word_1_50' title='bbox 780 626 841 675; x_wconf 81' lang='grc' dir='ltr'>εἷς</span> <span class='ocrx_word' id='word_1_51' title='bbox 892 620 946 674; x_wconf 78' lang='grc' dir='ltr'>τὸ</span> <span class='ocrx_word' id='word_1_52' title='bbox 999 627 1166 690; x_wconf 85' lang='grc' dir='ltr'>φονᾶν·</span> <span class='ocrx_word' id='word_1_53' title='bbox 1223 625 1596 688; x_wconf 82' lang='grc' dir='ltr'>ἀγανακτοῦντες</span> <span class='ocrx_word' id='word_1_54' title='bbox 1645 622 1750 687; x_wconf 84' lang='grc' dir='ltr'>περὶ</span> <span class='ocrx_word' id='word_1_55' title='bbox 1800 625 1924 671; x_wconf 86' lang='grc' dir='ltr'>τοῦ5</span> 
     </span>
     <span class='ocr_line' id='line_1_12' title="bbox 293 702 1883 770; baseline 0.001 -19"><span class='ocrx_word' id='word_1_56' title='bbox 293 708 470 752; x_wconf 84' lang='grc' dir='ltr'>πιστοῦ</span> <span class='ocrx_word' id='word_1_57' title='bbox 521 702 685 770; x_wconf 77' lang='grc' dir='ltr'>ὄχλου,</span> <span class='ocrx_word' id='word_1_58' title='bbox 732 705 794 756; x_wconf 86' lang='grc' dir='ltr'>ὡς</span> <span class='ocrx_word' id='word_1_59' title='bbox 845 705 973 755; x_wconf 80' lang='grc' dir='ltr'>ἰδίων</span> <span class='ocrx_word' id='word_1_60' title='bbox 1025 702 1277 768; x_wconf 79' lang='grc' dir='ltr'>κτημάτων</span> <span class='ocrx_word' id='word_1_61' title='bbox 1327 703 1744 770; x_wconf 81' lang='grc' dir='ltr'>ἀποστερούμενοι,</span> <span class='ocrx_word' id='word_1_62' title='bbox 1788 706 1883 753; x_wconf 81' lang='grc' dir='ltr'>τῶν</span> 
     </span>
    </p>
   </div>
   <div class='ocr_carea' id='block_1_11' title="bbox 295 781 742 836">
    <p class='ocr_par' dir='ltr' id='par_1_11' title="bbox 295 781 742 836">
     <span class='ocr_line' id='line_1_13' title="bbox 295 781 742 836; baseline 0.007 -3"><span class='ocrx_word' id='word_1_63' title='bbox 295 781 444 833; x_wconf 76' lang='grc' dir='ltr'>ὄντων</span> <span class='ocrx_word' id='word_1_64' title='bbox 481 789 564 835; x_wconf 86' lang='grc' dir='ltr'>τοῦ</span> <span class='ocrx_word' id='word_1_65' title='bbox 604 788 742 836; x_wconf 78' lang='grc' dir='ltr'>Θεοῦ.</span> 
     </span>
    </p>
   </div>
   <div class='ocr_carea' id='block_1_12' title="bbox 301 929 1871 992">
    <p class='ocr_par' dir='ltr' id='par_1_12' title="bbox 301 929 1871 992">
     <span class='ocr_line' id='line_1_14' title="bbox 301 929 1871 992; baseline 0.001 -19"><span class='ocrx_word' id='word_1_66' title='bbox 301 929 442 975; x_wconf 56' lang='grc' dir='ltr'>ΞΗοοιν</span> <span class='ocrx_word' id='word_1_67' title='bbox 478 933 522 974; x_wconf 72' lang='grc' dir='ltr'>δὲ</span> <span class='ocrx_word' id='word_1_68' title='bbox 553 934 768 977; x_wconf 80' lang='grc' dir='ltr'>’ΈλλΗνεέ</span> <span class='ocrx_word' id='word_1_69' title='bbox 806 952 917 977; x_wconf 84' lang='grc' dir='ltr'>τινεε</span> <span class='ocrx_word' id='word_1_70' title='bbox 955 937 1001 978; x_wconf 81' lang='grc' dir='ltr'>ἐκ</span> <span class='ocrx_word' id='word_1_71' title='bbox 1040 937 1125 978; x_wconf 74' lang='grc' dir='ltr'>τῶν</span> <span class='ocrx_word' id='word_1_72' title='bbox 1163 938 1486 987; x_wconf 78' lang='grc' dir='ltr'>ἀναβαινόντων</span> <span class='ocrx_word' id='word_1_73' title='bbox 1524 937 1592 978; x_wconf 75' lang='grc' dir='ltr'>ἵνα</span> <span class='ocrx_word' id='word_1_74' title='bbox 1631 935 1871 992; x_wconf 77' lang='grc' dir='ltr'>Προσκυνι-ἰ-</span> 
     </span>
    </p>
   </div>
   <div class='ocr_carea' id='block_1_13' title="bbox 843 1020 1336 1079">
    <p class='ocr_par' dir='ltr' id='par_1_13' title="bbox 843 1020 1336 1079">
     <span class='ocr_line' id='line_1_15' title="bbox 843 1020 1336 1079; baseline 0.006 -18"><span class='ocrx_word' id='word_1_75' title='bbox 843 1036 975 1062; x_wconf 74' lang='grc' dir='ltr'>σωσιν</span> <span class='ocrx_word' id='word_1_76' title='bbox 1013 1020 1057 1061; x_wconf 80' lang='grc' dir='ltr'>ἐν</span> <span class='ocrx_word' id='word_1_77' title='bbox 1096 1023 1146 1079; x_wconf 59' lang='grc' dir='ltr'>τῷ</span> <span class='ocrx_word' id='word_1_78' title='bbox 1186 1021 1336 1079; x_wconf 61' lang='grc' dir='ltr'>ἑορτιῇ.</span> 
     </span>
    </p>
   </div>
   <div class='ocr_carea' id='block_1_14' title="bbox 294 1118 1954 2869">
    <p class='ocr_par' dir='ltr' id='par_1_14' title="bbox 294 1118 1954 2637">
     <span class='ocr_line' id='line_1_16' title="bbox 369 1118 1954 1189; baseline 0.002 -20"><span class='ocrx_word' id='word_1_79' title='bbox 369 1118 657 1186; x_wconf 87' lang='grc' dir='ltr'>Ἀπορήσειε</span> <span class='ocrx_word' id='word_1_80' title='bbox 698 1122 740 1171; x_wconf 86' lang='grc' dir='ltr'>δ’</span> <span class='ocrx_word' id='word_1_81' title='bbox 779 1122 838 1172; x_wconf 72' lang='grc' dir='ltr'>ἄν</span> <span class='ocrx_word' id='word_1_82' title='bbox 876 1145 946 1176; x_wconf 86' lang='grc' dir='ltr'>τις</span> <span class='ocrx_word' id='word_1_83' title='bbox 984 1124 1032 1173; x_wconf 88' lang='grc' dir='ltr'>ἐν</span> <span class='ocrx_word' id='word_1_84' title='bbox 1067 1123 1248 1177; x_wconf 79' lang='grc' dir='ltr'>τούτοις</span> <span class='ocrx_word' id='word_1_85' title='bbox 1287 1125 1360 1173; x_wconf 77' lang='grc' dir='ltr'>καὶ</span> <span class='ocrx_word' id='word_1_86' title='bbox 1401 1122 1728 1189; x_wconf 75' lang='grc' dir='ltr'>διασκέψαιτο,</span> <span class='ocrx_word' id='word_1_87' title='bbox 1764 1119 1884 1171; x_wconf 80' lang='grc' dir='ltr'>κατὰ</span> <span class='ocrx_word' id='word_1_88' title='bbox 1906 1147 1954 1172; x_wconf 83' lang='grc' dir='ltr'>ιο</span> 
     </span>
     <span class='ocr_line' id='line_1_17' title="bbox 294 1200 1885 1268; baseline 0.003 -18"><span class='ocrx_word' id='word_1_89' title='bbox 294 1200 399 1251; x_wconf 88' lang='grc' dir='ltr'>τίνα</span> <span class='ocrx_word' id='word_1_90' title='bbox 437 1200 588 1267; x_wconf 83' lang='grc' dir='ltr'>λόγον</span> <span class='ocrx_word' id='word_1_91' title='bbox 622 1203 934 1263; x_wconf 75' lang='grc' dir='ltr'>ἀναβαίνουσι</span> <span class='ocrx_word' id='word_1_92' title='bbox 974 1209 1069 1255; x_wconf 82' lang='grc' dir='ltr'>τῶν</span> <span class='ocrx_word' id='word_1_93' title='bbox 1099 1205 1332 1264; x_wconf 70' lang='grc' dir='ltr'>Ἑλλήνων</span> <span class='ocrx_word' id='word_1_94' title='bbox 1367 1205 1472 1258; x_wconf 78' lang='grc' dir='ltr'>τινὲς</span> <span class='ocrx_word' id='word_1_95' title='bbox 1507 1204 1885 1268; x_wconf 69' lang='grc' dir='ltr'>προσκυνήσοντες</span> 
     </span>
     <span class='ocr_line' id='line_1_18' title="bbox 295 1283 1879 1352; baseline 0 -18"><span class='ocrx_word' id='word_1_96' title='bbox 295 1287 358 1337; x_wconf 81' lang='grc' dir='ltr'>εἰς</span> <span class='ocrx_word' id='word_1_97' title='bbox 382 1283 713 1350; x_wconf 81' lang='grc' dir='ltr'>Ἰεροσόλυμα,</span> <span class='ocrx_word' id='word_1_98' title='bbox 741 1288 816 1336; x_wconf 78' lang='grc' dir='ltr'>καὶ</span> <span class='ocrx_word' id='word_1_99' title='bbox 842 1292 984 1337; x_wconf 81' lang='grc' dir='ltr'>τοῦτο</span> <span class='ocrx_word' id='word_1_100' title='bbox 1011 1290 1095 1351; x_wconf 82' lang='grc' dir='ltr'>τῆς</span> <span class='ocrx_word' id='word_1_101' title='bbox 1122 1286 1242 1338; x_wconf 82' lang='grc' dir='ltr'>κατὰ</span> <span class='ocrx_word' id='word_1_102' title='bbox 1269 1285 1413 1350; x_wconf 84' lang='grc' dir='ltr'>νόμον</span> <span class='ocrx_word' id='word_1_103' title='bbox 1438 1288 1600 1352; x_wconf 81' lang='grc' dir='ltr'>ἑορτῆς</span> <span class='ocrx_word' id='word_1_104' title='bbox 1636 1286 1879 1335; x_wconf 86' lang='grc' dir='ltr'>ἐπιτελου-</span> 
     </span>
     <span class='ocr_line' id='line_1_19' title="bbox 295 1365 1885 1436; baseline 0 -20"><span class='ocrx_word' id='word_1_105' title='bbox 295 1366 448 1428; x_wconf 68' lang='grc' dir='ltr'>μένης.</span> <span class='ocrx_word' id='word_1_106' title='bbox 511 1367 565 1416; x_wconf 80' lang='grc' dir='ltr'>οὐ</span> <span class='ocrx_word' id='word_1_107' title='bbox 603 1365 697 1432; x_wconf 78' lang='grc' dir='ltr'>γὰρ</span> <span class='ocrx_word' id='word_1_108' title='bbox 738 1367 889 1431; x_wconf 86' lang='grc' dir='ltr'>δήπου</span> <span class='ocrx_word' id='word_1_109' title='bbox 931 1392 999 1422; x_wconf 91' lang='grc' dir='ltr'>τις</span> <span class='ocrx_word' id='word_1_110' title='bbox 1037 1371 1133 1435; x_wconf 88' lang='grc' dir='ltr'>ἐρεῖ</span> <span class='ocrx_word' id='word_1_111' title='bbox 1167 1368 1285 1436; x_wconf 82' lang='grc' dir='ltr'>πρὸς</span> <span class='ocrx_word' id='word_1_112' title='bbox 1327 1368 1413 1433; x_wconf 80' lang='grc' dir='ltr'>τὴν</span> <span class='ocrx_word' id='word_1_113' title='bbox 1454 1373 1549 1419; x_wconf 78' lang='grc' dir='ltr'>τῶν</span> <span class='ocrx_word' id='word_1_114' title='bbox 1587 1370 1735 1418; x_wconf 81' lang='grc' dir='ltr'>ἐκεῖσε</span> <span class='ocrx_word' id='word_1_115' title='bbox 1774 1367 1885 1417; x_wconf 78' lang='grc' dir='ltr'>θέαν</span> 
     </span>
     <span class='ocr_line' id='line_1_20' title="bbox 297 1448 1885 1519; baseline 0.004 -23"><span class='ocrx_word' id='word_1_116' title='bbox 297 1448 530 1511; x_wconf 79' lang='grc' dir='ltr'>ἀναβῆναι</span> <span class='ocrx_word' id='word_1_117' title='bbox 569 1448 713 1509; x_wconf 82' lang='grc' dir='ltr'>μόνον</span> <span class='ocrx_word' id='word_1_118' title='bbox 744 1451 928 1504; x_wconf 82' lang='grc' dir='ltr'>αὐτούς·</span> <span class='ocrx_word' id='word_1_119' title='bbox 973 1451 1353 1519; x_wconf 74' lang='grc' dir='ltr'>συμμεθέξοντες</span> <span class='ocrx_word' id='word_1_120' title='bbox 1391 1450 1485 1517; x_wconf 77' lang='grc' dir='ltr'>γὰρ</span> <span class='ocrx_word' id='word_1_121' title='bbox 1523 1456 1619 1504; x_wconf 88' lang='grc' dir='ltr'>τοῖς</span> <span class='ocrx_word' id='word_1_122' title='bbox 1644 1450 1885 1502; x_wconf 73' lang='grc' dir='ltr'>Ἰουδαίοις</span> 
     </span>
     <span class='ocr_line' id='line_1_21' title="bbox 301 1531 1952 1599; baseline 0.002 -20"><span class='ocrx_word' id='word_1_123' title='bbox 301 1532 382 1592; x_wconf 80' lang='grc' dir='ltr'>τῆς</span> <span class='ocrx_word' id='word_1_124' title='bbox 410 1531 565 1583; x_wconf 80' lang='grc' dir='ltr'>αὐτοῖς</span> <span class='ocrx_word' id='word_1_125' title='bbox 593 1533 668 1581; x_wconf 79' lang='grc' dir='ltr'>καὶ</span> <span class='ocrx_word' id='word_1_126' title='bbox 703 1531 862 1593; x_wconf 86' lang='grc' dir='ltr'>μόνοις</span> <span class='ocrx_word' id='word_1_127' title='bbox 896 1533 1171 1599; x_wconf 81' lang='grc' dir='ltr'>πρεπούσης</span> <span class='ocrx_word' id='word_1_128' title='bbox 1207 1533 1582 1584; x_wconf 79' lang='grc' dir='ltr'>συναναθεόυσιν</span> <span class='ocrx_word' id='word_1_129' title='bbox 1607 1533 1784 1596; x_wconf 77' lang='grc' dir='ltr'>ἑορτῆς.</span> <span class='ocrx_word' id='word_1_130' title='bbox 1839 1532 1888 1581; x_wconf 85' lang='grc' dir='ltr'>τί</span> <span class='ocrx_word' id='word_1_131' title='bbox 1906 1556 1952 1594; x_wconf 90' lang='lat'>15</span> 
     </span>
     <span class='ocr_line' id='line_1_22' title="bbox 299 1610 1878 1680; baseline 0.003 -18"><span class='ocrx_word' id='word_1_132' title='bbox 299 1610 353 1662; x_wconf 81' lang='grc' dir='ltr'>τὸ</span> <span class='ocrx_word' id='word_1_133' title='bbox 393 1612 549 1662; x_wconf 80' lang='grc' dir='ltr'>κοινὸν</span> <span class='ocrx_word' id='word_1_134' title='bbox 588 1617 650 1665; x_wconf 82' lang='grc' dir='ltr'>εἷς</span> <span class='ocrx_word' id='word_1_135' title='bbox 688 1616 906 1680; x_wconf 82' lang='grc' dir='ltr'>λατρείας</span> <span class='ocrx_word' id='word_1_136' title='bbox 949 1614 1099 1680; x_wconf 83' lang='grc' dir='ltr'>λόγον</span> <span class='ocrx_word' id='word_1_137' title='bbox 1131 1615 1357 1679; x_wconf 64' lang='grc' dir='ltr'>ΓΈλλησί</span> <span class='ocrx_word' id='word_1_138' title='bbox 1395 1638 1444 1665; x_wconf 90' lang='grc' dir='ltr'>τε</span> <span class='ocrx_word' id='word_1_139' title='bbox 1490 1616 1565 1665; x_wconf 78' lang='grc' dir='ltr'>καὶ</span> <span class='ocrx_word' id='word_1_140' title='bbox 1606 1613 1878 1675; x_wconf 84' lang='grc' dir='ltr'>Ἰουδαίοις;</span> 
     </span>
     <span class='ocr_line' id='line_1_23' title="bbox 300 1693 1884 1765; baseline 0.003 -22"><span class='ocrx_word' id='word_1_141' title='bbox 300 1694 448 1744; x_wconf 88' lang='grc' dir='ltr'>καίτοι</span> <span class='ocrx_word' id='word_1_142' title='bbox 473 1693 602 1745; x_wconf 70' lang='grc' dir='ltr'>πολὺ</span> <span class='ocrx_word' id='word_1_143' title='bbox 628 1699 899 1747; x_wconf 82' lang='grc' dir='ltr'>διεστῶσαν</span> <span class='ocrx_word' id='word_1_144' title='bbox 925 1697 1189 1763; x_wconf 80' lang='grc' dir='ltr'>εὑρήσομεν</span> <span class='ocrx_word' id='word_1_145' title='bbox 1214 1696 1299 1762; x_wconf 87' lang='grc' dir='ltr'>τὴν</span> <span class='ocrx_word' id='word_1_146' title='bbox 1325 1699 1373 1748; x_wconf 89' lang='grc' dir='ltr'>ἐν</span> <span class='ocrx_word' id='word_1_147' title='bbox 1398 1700 1576 1765; x_wconf 77' lang='grc' dir='ltr'>ἀμφοῖν</span> <span class='ocrx_word' id='word_1_148' title='bbox 1603 1697 1700 1765; x_wconf 79' lang='grc' dir='ltr'>ἕξιν</span> <span class='ocrx_word' id='word_1_149' title='bbox 1725 1720 1775 1748; x_wconf 88' lang='grc' dir='ltr'>τε</span> <span class='ocrx_word' id='word_1_150' title='bbox 1809 1698 1884 1748; x_wconf 79' lang='grc' dir='ltr'>καὶ</span> 
     </span>
     <span class='ocr_line' id='line_1_24' title="bbox 299 1777 1884 1848; baseline 0.004 -23"><span class='ocrx_word' id='word_1_151' title='bbox 299 1777 591 1843; x_wconf 86' lang='grc' dir='ltr'>προαίρεσιν·</span> <span class='ocrx_word' id='word_1_152' title='bbox 654 1780 695 1828; x_wconf 79' lang='grc' dir='ltr'>οἱ</span> <span class='ocrx_word' id='word_1_153' title='bbox 739 1779 824 1841; x_wconf 75' lang='grc' dir='ltr'>μὲν</span> <span class='ocrx_word' id='word_1_154' title='bbox 870 1779 964 1845; x_wconf 80' lang='grc' dir='ltr'>γὰρ</span> <span class='ocrx_word' id='word_1_155' title='bbox 1010 1780 1094 1844; x_wconf 86' lang='grc' dir='ltr'>τὴν</span> <span class='ocrx_word' id='word_1_156' title='bbox 1139 1779 1378 1843; x_wconf 81' lang='grc' dir='ltr'>ἀλήθειαν,</span> <span class='ocrx_word' id='word_1_157' title='bbox 1423 1783 1465 1830; x_wconf 79' lang='grc' dir='ltr'>οἱ</span> <span class='ocrx_word' id='word_1_158' title='bbox 1510 1778 1557 1829; x_wconf 79' lang='grc' dir='ltr'>δὲ</span> <span class='ocrx_word' id='word_1_159' title='bbox 1603 1778 1657 1829; x_wconf 80' lang='grc' dir='ltr'>τὸ</span> <span class='ocrx_word' id='word_1_160' title='bbox 1707 1783 1884 1848; x_wconf 79' lang='grc' dir='ltr'>ψεῦδος</span> 
     </span>
     <span class='ocr_line' id='line_1_25' title="bbox 300 1859 1883 1927; baseline 0.003 -20"><span class='ocrx_word' id='word_1_161' title='bbox 300 1859 593 1922; x_wconf 83' lang='grc' dir='ltr'>τετιμήκασι.</span> <span class='ocrx_word' id='word_1_162' title='bbox 650 1860 699 1909; x_wconf 90' lang='grc' dir='ltr'>τί</span> <span class='ocrx_word' id='word_1_163' title='bbox 734 1861 815 1910; x_wconf 79' lang='grc' dir='ltr'>οὖν</span> <span class='ocrx_word' id='word_1_164' title='bbox 853 1863 1046 1926; x_wconf 76' lang='grc' dir='ltr'>ἐροῦμεν</span> <span class='ocrx_word' id='word_1_165' title='bbox 1081 1864 1128 1912; x_wconf 86' lang='grc' dir='ltr'>ἐν</span> <span class='ocrx_word' id='word_1_166' title='bbox 1163 1862 1375 1924; x_wconf 71' lang='grc' dir='ltr'>τούτοις,</span> <span class='ocrx_word' id='word_1_167' title='bbox 1423 1862 1764 1927; x_wconf 78' lang='grc' dir='ltr'>παρακειμένης</span> <span class='ocrx_word' id='word_1_168' title='bbox 1801 1864 1883 1925; x_wconf 82' lang='grc' dir='ltr'>τῆς</span> 
     </span>
     <span class='ocr_line' id='line_1_26' title="bbox 297 1941 1953 2011; baseline 0.005 -21"><span class='ocrx_word' id='word_1_169' title='bbox 297 1941 538 1992; x_wconf 80' lang='grc' dir='ltr'>Ἰουδαίων</span> <span class='ocrx_word' id='word_1_170' title='bbox 576 1942 733 2009; x_wconf 80' lang='grc' dir='ltr'>χώρας</span> <span class='ocrx_word' id='word_1_171' title='bbox 772 1947 830 2011; x_wconf 82' lang='grc' dir='ltr'>τῇ</span> <span class='ocrx_word' id='word_1_172' title='bbox 869 1948 964 1995; x_wconf 82' lang='grc' dir='ltr'>τῶν</span> <span class='ocrx_word' id='word_1_173' title='bbox 995 1945 1283 2006; x_wconf 81' lang='grc' dir='ltr'>Γαλιλαίων,</span> <span class='ocrx_word' id='word_1_174' title='bbox 1321 1945 1483 1997; x_wconf 87' lang='grc' dir='ltr'>πόλεις</span> <span class='ocrx_word' id='word_1_175' title='bbox 1521 1967 1569 1994; x_wconf 92' lang='grc' dir='ltr'>τε</span> <span class='ocrx_word' id='word_1_176' title='bbox 1609 1947 1684 1994; x_wconf 81' lang='grc' dir='ltr'>καὶ</span> <span class='ocrx_word' id='word_1_177' title='bbox 1724 1944 1883 2007; x_wconf 81' lang='grc' dir='ltr'>κώμας</span> <span class='ocrx_word' id='word_1_178' title='bbox 1905 1973 1953 1997; x_wconf 85' lang='lat'>20</span> 
     </span>
     <span class='ocr_line' id='line_1_27' title="bbox 299 2022 1897 2092; baseline 0.003 -21"><span class='ocrx_word' id='word_1_179' title='bbox 299 2022 538 2085; x_wconf 80' lang='grc' dir='ltr'>ἀλλήλαις</span> <span class='ocrx_word' id='word_1_180' title='bbox 566 2024 765 2090; x_wconf 84' lang='grc' dir='ltr'>ὁμόρους</span> <span class='ocrx_word' id='word_1_181' title='bbox 791 2026 975 2092; x_wconf 73' lang='grc' dir='ltr'>ἔχοντες</span> <span class='ocrx_word' id='word_1_182' title='bbox 994 2026 1236 2091; x_wconf 62' lang='grc' dir='ltr'>”Έλληνε’ς</span> <span class='ocrx_word' id='word_1_183' title='bbox 1268 2050 1317 2077; x_wconf 92' lang='grc' dir='ltr'>τε</span> <span class='ocrx_word' id='word_1_184' title='bbox 1352 2028 1565 2087; x_wconf 82' lang='grc' dir='ltr'>κάκεῖνοι,</span> <span class='ocrx_word' id='word_1_185' title='bbox 1592 2025 1775 2092; x_wconf 81' lang='grc' dir='ltr'>συχνὰς</span> <span class='ocrx_word' id='word_1_186' title='bbox 1800 2023 1897 2089; x_wconf 78' lang='grc' dir='ltr'>μὲν·</span> 
     </span>
     <span class='ocr_line' id='line_1_28' title="bbox 299 2105 1880 2175; baseline 0.003 -22"><span class='ocrx_word' id='word_1_187' title='bbox 299 2105 542 2156; x_wconf 77' lang='grc' dir='ltr'>ἐποιοῦντο</span> <span class='ocrx_word' id='word_1_188' title='bbox 566 2105 649 2159; x_wconf 78' lang='grc' dir='ltr'>τὰς</span> <span class='ocrx_word' id='word_1_189' title='bbox 676 2108 924 2175; x_wconf 75' lang='grc' dir='ltr'>ἐπιμιξίας,</span> <span class='ocrx_word' id='word_1_190' title='bbox 951 2109 1153 2175; x_wconf 83' lang='grc' dir='ltr'>ἐφοίτων</span> <span class='ocrx_word' id='word_1_191' title='bbox 1179 2108 1227 2159; x_wconf 74' lang='grc' dir='ltr'>δὲ</span> <span class='ocrx_word' id='word_1_192' title='bbox 1253 2110 1361 2173; x_wconf 89' lang='grc' dir='ltr'>παρ’</span> <span class='ocrx_word' id='word_1_193' title='bbox 1391 2107 1623 2171; x_wconf 84' lang='grc' dir='ltr'>ἀλλήλοις</span> <span class='ocrx_word' id='word_1_194' title='bbox 1656 2108 1880 2174; x_wconf 83' lang='grc' dir='ltr'>ἑκάτεροι,</span> 
     </span>
     <span class='ocr_line' id='line_1_29' title="bbox 298 2186 1878 2257; baseline 0.001 -21"><span class='ocrx_word' id='word_1_195' title='bbox 298 2186 518 2252; x_wconf 85' lang='grc' dir='ltr'>ποικίλης</span> <span class='ocrx_word' id='word_1_196' title='bbox 543 2192 604 2241; x_wconf 79' lang='grc' dir='ltr'>εἷς</span> <span class='ocrx_word' id='word_1_197' title='bbox 631 2194 769 2238; x_wconf 80' lang='grc' dir='ltr'>τοῦτο</span> <span class='ocrx_word' id='word_1_198' title='bbox 797 2190 1038 2253; x_wconf 83' lang='grc' dir='ltr'>καλούσης</span> <span class='ocrx_word' id='word_1_199' title='bbox 1074 2192 1308 2257; x_wconf 79' lang='grc' dir='ltr'>ἀφορμῆς.</span> <span class='ocrx_word' id='word_1_200' title='bbox 1365 2189 1519 2253; x_wconf 85' lang='grc' dir='ltr'>ἐπειδὴ</span> <span class='ocrx_word' id='word_1_201' title='bbox 1556 2190 1611 2240; x_wconf 78' lang='grc' dir='ltr'>δέ</span> <span class='ocrx_word' id='word_1_202' title='bbox 1637 2213 1737 2243; x_wconf 92' lang='grc' dir='ltr'>πως</span> <span class='ocrx_word' id='word_1_203' title='bbox 1772 2193 1878 2255; x_wconf 88' lang='grc' dir='ltr'>θερ-</span> 
     </span>
     <span class='ocr_line' id='line_1_30' title="bbox 299 2269 1884 2335; baseline 0.003 -18"><span class='ocrx_word' id='word_1_204' title='bbox 299 2269 474 2334; x_wconf 75' lang='grc' dir='ltr'>μοτέρα</span> <span class='ocrx_word' id='word_1_205' title='bbox 510 2269 638 2319; x_wconf 75' lang='grc' dir='ltr'>πολὺ</span> <span class='ocrx_word' id='word_1_206' title='bbox 676 2270 794 2335; x_wconf 82' lang='grc' dir='ltr'>πρὸς</span> <span class='ocrx_word' id='word_1_207' title='bbox 832 2270 1132 2332; x_wconf 81' lang='grc' dir='ltr'>μετάστασιν</span> <span class='ocrx_word' id='word_1_208' title='bbox 1169 2271 1254 2334; x_wconf 83' lang='grc' dir='ltr'>τὴν</span> <span class='ocrx_word' id='word_1_209' title='bbox 1293 2274 1365 2322; x_wconf 79' lang='grc' dir='ltr'>ἐπὶ</span> <span class='ocrx_word' id='word_1_210' title='bbox 1405 2269 1460 2321; x_wconf 71' lang='grc' dir='ltr'>τὸ</span> <span class='ocrx_word' id='word_1_211' title='bbox 1499 2271 1686 2334; x_wconf 77' lang='grc' dir='ltr'>ἄμεινον</span> <span class='ocrx_word' id='word_1_212' title='bbox 1724 2271 1752 2334; x_wconf 85' lang='grc' dir='ltr'>ἡ</span> <span class='ocrx_word' id='word_1_213' title='bbox 1789 2275 1884 2321; x_wconf 80' lang='grc' dir='ltr'>τῶν</span> 
     </span>
     <span class='ocr_line' id='line_1_31' title="bbox 299 2351 1953 2422; baseline 0.004 -23"><span class='ocrx_word' id='word_1_214' title='bbox 299 2351 774 2417; x_wconf 79' lang='grc' dir='ltr'>εἱδωλολατρούντων</span> <span class='ocrx_word' id='word_1_215' title='bbox 810 2355 912 2402; x_wconf 79' lang='grc' dir='ltr'>ἐστὶ</span> <span class='ocrx_word' id='word_1_216' title='bbox 960 2353 1152 2416; x_wconf 79' lang='grc' dir='ltr'>διάνοια,</span> <span class='ocrx_word' id='word_1_217' title='bbox 1193 2352 1273 2403; x_wconf 81' lang='grc' dir='ltr'>ἅτε</span> <span class='ocrx_word' id='word_1_218' title='bbox 1317 2352 1373 2417; x_wconf 81' lang='grc' dir='ltr'>δὴ</span> <span class='ocrx_word' id='word_1_219' title='bbox 1418 2355 1493 2404; x_wconf 83' lang='grc' dir='ltr'>καὶ</span> <span class='ocrx_word' id='word_1_220' title='bbox 1537 2353 1670 2416; x_wconf 85' lang='grc' dir='ltr'>μάλα</span> <span class='ocrx_word' id='word_1_221' title='bbox 1713 2354 1883 2422; x_wconf 70' lang='grc' dir='ltr'>ῥᾳδίως</span> <span class='ocrx_word' id='word_1_222' title='bbox 1905 2379 1953 2416; x_wconf 88' lang='lat'>25</span> 
     </span>
     <span class='ocr_line' id='line_1_32' title="bbox 299 2494 1885 2546; baseline 0.003 -18"><span class='ocrx_word' id='word_1_223' title='bbox 299 2494 460 2539; x_wconf 74' lang='grc' dir='ltr'>ἐξαίφνης</span> <span class='ocrx_word' id='word_1_224' title='bbox 477 2495 666 2539; x_wconf 77' lang='grc' dir='ltr'>μετέθεντο,</span> <span class='ocrx_word' id='word_1_225' title='bbox 685 2497 713 2530; x_wconf 80' lang='grc' dir='ltr'>εἷ</span> <span class='ocrx_word' id='word_1_226' title='bbox 729 2498 773 2541; x_wconf 86' lang='grc' dir='ltr'>μὴ</span> <span class='ocrx_word' id='word_1_227' title='bbox 793 2498 1000 2533; x_wconf 76' lang='grc' dir='ltr'>ἐπίστευσαν</span> <span class='ocrx_word' id='word_1_228' title='bbox 1017 2502 1062 2544; x_wconf 80' lang='grc' dir='ltr'>τῷ</span> <span class='ocrx_word' id='word_1_229' title='bbox 1081 2500 1208 2546; x_wconf 83' lang='grc' dir='ltr'>σημείῳ</span> <span class='ocrx_word' id='word_1_230' title='bbox 1224 2499 1301 2533; x_wconf 85' lang='lat' dir='ltr'><strong>Cat.</strong></span> <span class='ocrx_word' id='word_1_231' title='bbox 1319 2499 1417 2534; x_wconf 79' lang='lat' dir='ltr'><strong>Harl.</strong></span> <span class='ocrx_word' id='word_1_232' title='bbox 1433 2498 1511 2539; x_wconf 65' lang='lat' dir='ltr'>Ed„</span> <span class='ocrx_word' id='word_1_233' title='bbox 1527 2511 1614 2544; x_wconf 77' lang='lat' dir='ltr'>quae</span> <span class='ocrx_word' id='word_1_234' title='bbox 1630 2499 1885 2545; x_wconf 80' lang='lat' dir='ltr'>Chrysostomo</span> 
     </span>
     <span class='ocr_line' id='line_1_33' title="bbox 299 2542 1885 2590; baseline 0.004 -16"><span class='ocrx_word' id='word_1_235' title='bbox 299 2547 391 2575; x_wconf 79' lang='lat' dir='ltr'><strong>recte</strong></span> <span class='ocrx_word' id='word_1_236' title='bbox 409 2542 569 2576; x_wconf 80' lang='lat' dir='ltr'>tribuunt</span> <span class='ocrx_word' id='word_1_237' title='bbox 588 2544 656 2577; x_wconf 89' lang='lat' dir='ltr'><strong>a.k.</strong></span> <span class='ocrx_word' id='word_1_238' title='bbox 676 2544 770 2586; x_wconf 76' lang='lat' dir='ltr'>(vide</span> <span class='ocrx_word' id='word_1_239' title='bbox 791 2545 898 2579; x_wconf 82' lang='lat' dir='ltr'>Hom.</span> <span class='ocrx_word' id='word_1_240' title='bbox 917 2546 998 2580; x_wconf 87' lang='lat' dir='ltr'>lxvi.</span> <span class='ocrx_word' id='word_1_241' title='bbox 1026 2558 1059 2590; x_wconf 84' lang='lat' dir='ltr'>p.</span> <span class='ocrx_word' id='word_1_242' title='bbox 1080 2546 1147 2590; x_wconf 80' lang='lat'>396</span> <span class='ocrx_word' id='word_1_243' title='bbox 1166 2547 1213 2589; x_wconf 92' lang='lat' dir='ltr'>c.)</span> <span class='ocrx_word' id='word_1_244' title='bbox 1475 2557 1504 2588; x_wconf 83' lang='grc' dir='ltr'>Ι,</span> <span class='ocrx_word' id='word_1_245' title='bbox 1524 2557 1555 2579; x_wconf 83' lang='grc'>2.</span> <span class='ocrx_word' id='word_1_246' title='bbox 1583 2547 1622 2579; x_wconf 83' lang='grc' dir='ltr'>Οἱ</span> <span class='ocrx_word' id='word_1_247' title='bbox 1641 2545 1885 2583; x_wconf 73' lang='grc' dir='ltr'>οὖν-ἑαυτούς</span> 
     </span>
     <span class='ocr_line' id='line_1_34' title="bbox 299 2587 1884 2637; baseline 0.004 -16"><span class='ocrx_word' id='word_1_248' title='bbox 299 2594 332 2621; x_wconf 84' lang='lat' dir='ltr'>et</span> <span class='ocrx_word' id='word_1_249' title='bbox 348 2587 598 2632; x_wconf 69' lang='grc' dir='ltr'>ἵδε-ἀπῆλθεν</span> <span class='ocrx_word' id='word_1_250' title='bbox 616 2591 685 2625; x_wconf 81' lang='lat' dir='ltr'>a.k.</span> <span class='ocrx_word' id='word_1_251' title='bbox 703 2591 755 2624; x_wconf 81' lang='grc' dir='ltr'>καὶ</span> <span class='ocrx_word' id='word_1_252' title='bbox 773 2592 813 2624; x_wconf 85' lang='grc' dir='ltr'>τὰ</span> <span class='ocrx_word' id='word_1_253' title='bbox 831 2593 908 2635; x_wconf 75' lang='grc' dir='ltr'>ἑξῆς</span> <span class='ocrx_word' id='word_1_254' title='bbox 925 2598 1004 2637; x_wconf 83' lang='lat' dir='ltr'>post</span> <span class='ocrx_word' id='word_1_255' title='bbox 1022 2593 1118 2626; x_wconf 79' lang='grc' dir='ltr'>οὐδέν</span> <span class='ocrx_word' id='word_1_256' title='bbox 1137 2592 1203 2627; x_wconf 83' lang='lat' dir='ltr'>Ed.</span> <span class='ocrx_word' id='word_1_257' title='bbox 1515 2602 1548 2635; x_wconf 89' lang='lat'>5.</span> <span class='ocrx_word' id='word_1_258' title='bbox 1575 2591 1700 2637; x_wconf 83' lang='grc' dir='ltr'>φονᾶν]</span> <span class='ocrx_word' id='word_1_259' title='bbox 1725 2598 1761 2633; x_wconf 64' lang='lat' dir='ltr'>-f-</span> <span class='ocrx_word' id='word_1_260' title='bbox 1783 2594 1836 2627; x_wconf 83' lang='grc' dir='ltr'>καὶ</span> <span class='ocrx_word' id='word_1_261' title='bbox 1854 2606 1884 2628; x_wconf 88' lang='lat' dir='ltr'>a.</span> 
     </span>
    </p>

    <p class='ocr_par' dir='ltr' id='par_1_15' title="bbox 299 2634 1884 2869">
     <span class='ocr_line' id='line_1_35' title="bbox 299 2634 1883 2685; baseline 0.003 -18"><span class='ocrx_word' id='word_1_262' title='bbox 299 2635 331 2668; x_wconf 87' lang='grc'>8.</span> <span class='ocrx_word' id='word_1_263' title='bbox 351 2634 520 2678; x_wconf 71' lang='grc' dir='ltr'>’Ἕλληνές</span> <span class='ocrx_word' id='word_1_264' title='bbox 537 2651 623 2671; x_wconf 82' lang='grc' dir='ltr'>τινες</span> <span class='ocrx_word' id='word_1_265' title='bbox 640 2637 706 2670; x_wconf 87' lang='lat' dir='ltr'>hoc</span> <span class='ocrx_word' id='word_1_266' title='bbox 725 2638 845 2672; x_wconf 80' lang='lat' dir='ltr'>ordine</span> <span class='ocrx_word' id='word_1_267' title='bbox 863 2640 933 2673; x_wconf 79' lang='lat' dir='ltr'>a.k.</span> <span class='ocrx_word' id='word_1_268' title='bbox 1058 2651 1110 2673; x_wconf 89' lang='lat'>10.</span> <span class='ocrx_word' id='word_1_269' title='bbox 1139 2639 1212 2674; x_wconf 86' lang='lat' dir='ltr'><strong>Ine.</strong></span> <span class='ocrx_word' id='word_1_270' title='bbox 1231 2638 1434 2685; x_wconf 81' lang='grc' dir='ltr'>Ἀπορήσειε</span> <span class='ocrx_word' id='word_1_271' title='bbox 1451 2639 1520 2673; x_wconf 90' lang='lat' dir='ltr'>b.c.</span> <span class='ocrx_word' id='word_1_272' title='bbox 1538 2639 1644 2673; x_wconf 83' lang='lat' dir='ltr'><strong>Cord.</strong></span> <span class='ocrx_word' id='word_1_273' title='bbox 1712 2639 1837 2673; x_wconf 79' lang='lat' dir='ltr'>Statim</span> <span class='ocrx_word' id='word_1_274' title='bbox 1855 2639 1883 2673; x_wconf 79' lang='grc' dir='ltr'>δ’</span> 
     </span>
     <span class='ocr_line' id='line_1_36' title="bbox 299 2682 1883 2728; baseline 0.004 -15"><span class='ocrx_word' id='word_1_275' title='bbox 299 2693 369 2714; x_wconf 87' lang='lat' dir='ltr'>om.</span> <span class='ocrx_word' id='word_1_276' title='bbox 389 2682 458 2715; x_wconf 74' lang='lat' dir='ltr'><strong>a.k.</strong></span> <span class='ocrx_word' id='word_1_277' title='bbox 523 2683 747 2728; x_wconf 76' lang='grc' dir='ltr'>διασκέψεται</span> <span class='ocrx_word' id='word_1_278' title='bbox 765 2696 794 2718; x_wconf 88' lang='lat' dir='ltr'>c.</span> <span class='ocrx_word' id='word_1_279' title='bbox 846 2685 1002 2719; x_wconf 81' lang='lat' dir='ltr'>Verbum</span> <span class='ocrx_word' id='word_1_280' title='bbox 1023 2698 1092 2719; x_wconf 86' lang='lat' dir='ltr'>om.</span> <span class='ocrx_word' id='word_1_281' title='bbox 1114 2685 1220 2720; x_wconf 75' lang='lat' dir='ltr'>Cord.</span> <span class='ocrx_word' id='word_1_282' title='bbox 1422 2697 1475 2719; x_wconf 86' lang='lat'>12.</span> <span class='ocrx_word' id='word_1_283' title='bbox 1502 2688 1601 2719; x_wconf 83' lang='grc' dir='ltr'>τοῦτο</span> <span class='ocrx_word' id='word_1_284' title='bbox 1619 2686 1756 2720; x_wconf 84' lang='lat' dir='ltr'>a.b.c.k.</span> <span class='ocrx_word' id='word_1_285' title='bbox 1777 2686 1883 2721; x_wconf 89' lang='lat' dir='ltr'><strong>Cord.</strong></span> 
     </span>
     <span class='ocr_line' id='line_1_37' title="bbox 299 2727 1884 2776; baseline 0.004 -16"><span class='ocrx_word' id='word_1_286' title='bbox 299 2729 375 2761; x_wconf 83' lang='grc' dir='ltr'>τότε</span> <span class='ocrx_word' id='word_1_287' title='bbox 395 2727 471 2762; x_wconf 86' lang='lat' dir='ltr'>Cat.</span> <span class='ocrx_word' id='word_1_288' title='bbox 494 2729 594 2763; x_wconf 79' lang='lat' dir='ltr'>Harl.</span> <span class='ocrx_word' id='word_1_289' title='bbox 614 2730 681 2764; x_wconf 83' lang='lat' dir='ltr'>Ed.</span> <span class='ocrx_word' id='word_1_290' title='bbox 837 2743 889 2773; x_wconf 86' lang='lat'>14.</span> <span class='ocrx_word' id='word_1_291' title='bbox 916 2733 1035 2767; x_wconf 79' lang='grc' dir='ltr'>αὐτοὺς</span> <span class='ocrx_word' id='word_1_292' title='bbox 1052 2733 1212 2776; x_wconf 76' lang='grc' dir='ltr'>ἀναβῆναι</span> <span class='ocrx_word' id='word_1_293' title='bbox 1229 2734 1330 2776; x_wconf 89' lang='grc' dir='ltr'>μόνον</span> <span class='ocrx_word' id='word_1_294' title='bbox 1347 2733 1484 2766; x_wconf 78' lang='lat' dir='ltr'>inverso</span> <span class='ocrx_word' id='word_1_295' title='bbox 1501 2732 1623 2766; x_wconf 78' lang='lat' dir='ltr'>ordine</span> <span class='ocrx_word' id='word_1_296' title='bbox 1640 2733 1745 2767; x_wconf 78' lang='lat' dir='ltr'>a.b.k.</span> <span class='ocrx_word' id='word_1_297' title='bbox 1764 2732 1884 2767; x_wconf 78' lang='grc' dir='ltr'>αὐτοὺς</span> 
     </span>
     <span class='ocr_line' id='line_1_38' title="bbox 300 2774 1882 2824; baseline 0.004 -18"><span class='ocrx_word' id='word_1_298' title='bbox 300 2785 368 2808; x_wconf 88' lang='lat' dir='ltr'>om.</span> <span class='ocrx_word' id='word_1_299' title='bbox 388 2785 418 2808; x_wconf 84' lang='lat' dir='ltr'>c.</span> <span class='ocrx_word' id='word_1_300' title='bbox 434 2774 540 2809; x_wconf 83' lang='lat' dir='ltr'>Cord.</span> <span class='ocrx_word' id='word_1_301' title='bbox 605 2776 890 2823; x_wconf 73' lang='grc' dir='ltr'>συμμεθέξοντες]</span> <span class='ocrx_word' id='word_1_302' title='bbox 911 2779 949 2812; x_wconf 75' lang='grc' dir='ltr'>οὗ</span> <span class='ocrx_word' id='word_1_303' title='bbox 964 2779 1161 2822; x_wconf 76' lang='grc' dir='ltr'>μεθέξονται</span> <span class='ocrx_word' id='word_1_304' title='bbox 1180 2791 1208 2813; x_wconf 88' lang='lat' dir='ltr'>c.</span> <span class='ocrx_word' id='word_1_305' title='bbox 1229 2779 1483 2824; x_wconf 80' lang='grc' dir='ltr'>συμμετέχουσι</span> <span class='ocrx_word' id='word_1_306' title='bbox 1502 2778 1608 2813; x_wconf 79' lang='lat' dir='ltr'>Cord.</span> <span class='ocrx_word' id='word_1_307' title='bbox 1743 2788 1795 2822; x_wconf 88' lang='lat'>15.</span> <span class='ocrx_word' id='word_1_308' title='bbox 1820 2781 1882 2821; x_wconf 90' lang='grc' dir='ltr'>μό-</span> 
     </span>
     <span class='ocr_line' id='line_1_39' title="bbox 299 2822 1882 2869; baseline 0.003 -16"><span class='ocrx_word' id='word_1_309' title='bbox 299 2834 355 2862; x_wconf 80' lang='grc' dir='ltr'>νης</span> <span class='ocrx_word' id='word_1_310' title='bbox 372 2832 401 2854; x_wconf 89' lang='lat' dir='ltr'>c.</span> <span class='ocrx_word' id='word_1_311' title='bbox 475 2822 741 2857; x_wconf 78' lang='grc' dir='ltr'>συναναθέουσιν</span> <span class='ocrx_word' id='word_1_312' title='bbox 764 2825 881 2868; x_wconf 80' lang='grc' dir='ltr'>ἑορτῆς</span> <span class='ocrx_word' id='word_1_313' title='bbox 907 2825 972 2859; x_wconf 90' lang='lat' dir='ltr'>hoc</span> <span class='ocrx_word' id='word_1_314' title='bbox 998 2825 1119 2860; x_wconf 78' lang='lat' dir='ltr'>ordine</span> <span class='ocrx_word' id='word_1_315' title='bbox 1144 2826 1251 2860; x_wconf 83' lang='lat' dir='ltr'><strong>b.c.k.</strong></span> <span class='ocrx_word' id='word_1_316' title='bbox 1271 2825 1377 2859; x_wconf 85' lang='lat' dir='ltr'><strong>Cord.</strong></span> <span class='ocrx_word' id='word_1_317' title='bbox 1397 2826 1700 2866; x_wconf 81' lang='grc' dir='ltr'>συναναβαίνουσιν</span> <span class='ocrx_word' id='word_1_318' title='bbox 1718 2837 1781 2869; x_wconf 89' lang='lat' dir='ltr'>pro</span> <span class='ocrx_word' id='word_1_319' title='bbox 1801 2840 1882 2858; x_wconf 84' lang='grc' dir='ltr'>συν-</span> 
     </span>
    </p>
   </div>
   <div class='ocr_carea' id='block_1_15' title="bbox 299 2867 1881 2959">
    <p class='ocr_par' dir='ltr' id='par_1_16' title="bbox 299 2867 1881 2959">
     <span class='ocr_line' id='line_1_40' title="bbox 299 2867 1881 2915; baseline 0.004 -17"><span class='ocrx_word' id='word_1_320' title='bbox 299 2867 499 2902; x_wconf 67' lang='grc' dir='ltr'>ανειθέουσιν</span> <span class='ocrx_word' id='word_1_321' title='bbox 517 2871 596 2913; x_wconf 85' lang='lat' dir='ltr'>(pro</span> <span class='ocrx_word' id='word_1_322' title='bbox 614 2870 848 2914; x_wconf 82' lang='lat' dir='ltr'>simplicitate)</span> <span class='ocrx_word' id='word_1_323' title='bbox 868 2883 897 2905; x_wconf 82' lang='lat' dir='ltr'>a.</span> <span class='ocrx_word' id='word_1_324' title='bbox 1056 2883 1110 2906; x_wconf 89' lang='lat'>20.</span> <span class='ocrx_word' id='word_1_325' title='bbox 1136 2871 1298 2908; x_wconf 74' lang='grc' dir='ltr'>Ἰουδαίας</span> <span class='ocrx_word' id='word_1_326' title='bbox 1317 2873 1351 2907; x_wconf 93' lang='lat' dir='ltr'>b.</span> <span class='ocrx_word' id='word_1_327' title='bbox 1512 2882 1567 2906; x_wconf 86' lang='lat'>22.</span> <span class='ocrx_word' id='word_1_328' title='bbox 1592 2870 1765 2915; x_wconf 80' lang='grc' dir='ltr'>ἀλλήλους</span> <span class='ocrx_word' id='word_1_329' title='bbox 1783 2872 1881 2915; x_wconf 84' lang='lat' dir='ltr'>(err.)</span> 
     </span>
     <span class='ocr_line' id='line_1_41' title="bbox 301 2912 942 2959; baseline 0.012 -15"><span class='ocrx_word' id='word_1_330' title='bbox 301 2912 394 2947; x_wconf 78' lang='lat' dir='ltr'><strong>Aub.</strong></span> <span class='ocrx_word' id='word_1_331' title='bbox 539 2926 593 2957; x_wconf 83' lang='lat'>24.</span> <span class='ocrx_word' id='word_1_332' title='bbox 621 2916 680 2959; x_wconf 84' lang='grc' dir='ltr'>τὴν</span> <span class='ocrx_word' id='word_1_333' title='bbox 697 2929 765 2951; x_wconf 84' lang='lat' dir='ltr'>om.</span> <span class='ocrx_word' id='word_1_334' title='bbox 786 2929 815 2952; x_wconf 92' lang='lat' dir='ltr'>c.</span> <span class='ocrx_word' id='word_1_335' title='bbox 836 2917 942 2952; x_wconf 80' lang='lat' dir='ltr'>cord.</span> 
     </span>
    </p>
   </div>
  </div>
 </body>
</html>
