2016 3246
259 126 340 165 110
656 125 707 166 B.
741 125 1019 166 CYRILLI
1060 126 1440 167 ALEXANDR.
1672 121 1757 163 viii.
1775 134 1844 175 49.

36 249 123 283 570
139 246 189 282 A.
218 237 444 303 ειπολλῷ.
511 234 879 302 ε’μφατικώτατα
926 233 1021 301 γὰρ
1070 234 1125 285 τό
1175 232 1296 301 Ἐγιῖ)
1349 231 1564 303 δαιμόνιον
1616 236 1691 283 οὐκ
1741 229 1846 293 ἔχω,

258 317 423 384 φησὶν,
463 315 628 366 ἑαυτὸν
666 315 715 367 δὲ
753 315 916 383 ὥσπερ
955 315 1365 368 ἀντιδιαστέλλων
1403 317 1603 377 ἐκείνοις,
1641 316 1724 377 τῆς
1761 311 1847 375 μὲν

256 399 331 449 ἐπὶ
357 399 508 468 τούτῳ
535 400 772 465 λοιδορίας
798 399 1044 465 ἐλεύθερον
1071 401 1337 468 ἀποφαίνει,
1365 401 1556 451 δεικνύει
1582 398 1630 450 δὲ
1655 403 1847 461 μᾶλλον

257 480 327 531 ἐπ’
361 482 516 531 αὐτῶν
554 480 608 532 τὸ
647 481 889 547 εἰρημένον
923 481 1107 546 ἀληθές.
1167 486 1203 533 εἰ
1241 481 1306 547 μὴ
1345 481 1439 549 γὰρ
1478 482 1609 533 αὐτοὶ
1646 479 1700 530 τὸ
1739 481 1840 529 δαι-

256 560 418 626 μόνιον
458 561 584 630 εἶχον
623 564 826 627 ἀληθῶς,
866 562 954 614 κᾶν
991 564 1281 633 ἀπέφριττον
1322 565 1508 617 εἰκότως
1553 565 1888 625 δαιμονῶνταό

257 650 418 695 καλεῖν
467 643 550 696 τὸν
602 643 678 695 διὰ
733 649 828 695 τῶν
878 645 1030 711 ἔργων
1081 647 1238 700 αὐτοῖς
1293 644 1650 713 μαρτυρηθέντα
1701 641 1841 694 Θεόν.

257 727 556 796 εὐφυέστατα
607 726 763 778 τοίνυν
807 728 861 778 τό
906 727 1043 794 Ἐγὼ,
1091 731 1258 797 φησὶν,
1306 733 1381 780 οὐκ
1429 729 1535 791 ἔχει),
1586 726 1846 790 μετατιθεὶς·

257 808 424 876 ὥσπερ
450 811 519 861 ἐπ’
541 810 737 863 ἐκείνους
765 809 819 860 τὸ
845 809 1084 876 εἰρημένον
1104 814 1181 862 καὶ
1208 812 1363 865 αὐτοῖς
1388 816 1580 875 μᾶλλον
1599 808 1846 871 ἀπονέμων

257 890 371 942 αὐτὸ
411 891 487 943 διὰ
534 890 588 943 τὸ
635 893 782 946 οὕτως
827 892 949 960 ἔχειν
987 892 1107 944 κατὰ
1148 893 1390 958 ἀλήθειαν.
1449 891 1536 960 ἐγῶ
1575 891 1731 943 τοίνυν
1772 893 1846 941 οὐκ

212 972 362 1036 ὺὲχω,
402 976 568 1042 φησὶν,
604 972 716 1024 ἀλλ’
753 975 879 1037 ὑμεῖς
919 973 1139 1038 δηλονότι
1177 973 1231 1026 τὸ
1272 973 1503 1043 δαιμόνιον,
1539 973 1657 1042 τιμῶ
1693 972 1742 1024 δὲ
1780 970 1845 1024 τόν
1869 993 1917 1019 10

256 1057 458 1116 ἐμαυτοῦ
480 1055 676 1125 Πατέρα,
697 1055 822 1107 Θεὸν
848 1056 1050 1121 ἐμαυτὸν
1077 1059 1151 1108 καὶ
1177 1059 1226 1108 ἐκ
1247 1061 1372 1108 Θεοῦ
1398 1057 1655 1126 πεφηνέναι
1679 1054 1845 1120 λέγων,

256 1140 333 1187 καὶ
368 1137 439 1188 ὅτι
473 1139 556 1188 οὐκ
591 1137 740 1203 ε”γνων
769 1139 1003 1204 ἁμαρτίαν
1035 1138 1445 1206 διισχυριζόμενος.
1502 1139 1588 1189 ἔδει
1628 1136 1718 1203 γὰρ
1757 1136 1846 1187 ἔδει

259 1218 383 1270 Θεὸν
407 1218 521 1270 εἶναι
548 1219 630 1270 τὸν
656 1221 705 1271 ἐκ
732 1223 873 1283 Θεοῦ,
899 1222 974 1271 καὶ
1001 1220 1083 1271 τὸν
1109 1223 1158 1272 ἐκ
1195 1227 1278 1272 τοῦ
1311 1221 1377 1285 μὴ
1413 1221 1587 1274 εἰδότος
1614 1220 1846 1286 ἁμαρτίαν

258 1301 378 1352 κατὰ
405 1299 488 1352 τὸν
509 1302 566 1371 ἐξ
591 1300 733 1367 οῦπέρ
759 1304 891 1353 ἐστιν
918 1303 1122 1369 ὁρᾶσθαι
1148 1309 1372 1355 τοιοῦτον.
1418 1302 1475 1368 ἢν
1502 1302 1550 1353 δὲ
1577 1305 1639 1357 ὡς
1665 1301 1845 1366 ἀνάγκη

257 1387 501 1447 συμβῆναι
544 1382 598 1435 τὸ
637 1385 859 1446 ἐναντίον,
899 1388 963 1439 εἰς
1001 1384 1055 1435 τὸ
1094 1385 1410 1452 προσκρούειν
1448 1387 1555 1448 ὑμῖν
1593 1383 1843 1451 παραιτούἡ
1869 1401 1914 1439 15

255 1488 406 1529 μενος,
433 1471 529 1520 τοῖς
568 1467 655 1533 οὐχ
694 1467 814 1516 οὕτω
853 1471 1091 1533 λαμπροῖς
1129 1466 1406 1534 ἐχρησάμην
1438 1467 1616 1533 λόγοις·
1660 1468 1713 1517 οὐ
1751 1465 1846 1532 γὰρ

257 1546 314 1598 ἂν
348 1547 543 1612 ἐτιμήθη
579 1548 702 1601 Θεὸς
728 1547 846 1599 Υἰὸν
879 1549 1000 1616 ἔχειν
1039 1549 1286 1611 νοούμενος
1326 1549 1408 1600 τὸν
1435 1551 1518 1600 οὐκ
1556 1549 1670 1599 ὅντα
1702 1548 1841 1599 Θεόν·

259 1630 341 1680 οὐκ
380 1629 437 1680 ἂν
474 1630 669 1694 ἐτιμήθη
709 1632 862 1699 φησὶν
896 1633 920 1681 ὁ
961 1630 1144 1698 Πατὴρ,
1175 1636 1212 1682 εἰ
1251 1637 1333 1682 τοῦ
1371 1633 1747 1684 καταπίπτοντος
1785 1634 1847 1684 εἰς

219 1713 492 1777 Οάμαρτίαν
534 1712 792 1777 ὠνομοίσθη
839 1713 864 1763 ὁ
909 1713 1067 1778 πατήρ
1113 1717 1281 1781 φησιν.
1352 1715 1518 1765 οὐκοῦν
1559 1716 1743 1783 ἐμαυτῷ
1787 1712 1847 1764 τὰ

259 1794 503 1845 κάλλιστα
530 1799 796 1861 μαρτυρῶν,
819 1798 1086 1861 δυσφημῶν
1106 1796 1192 1860 μέν
1213 1803 1365 1865 φησιν
1385 1798 1612 1859 οὐδαμῶς,
1635 1795 1845 1861 καθάπερ
1866 1818 1916 1843 20

259 1878 385 1939 ὑμεῖς
421 1876 797 1940 ὑπολαμβάνετε,
824 1878 966 1944 τιμῶν
993 1878 1041 1928 δὲ
1077 1883 1268 1940 μᾶλλον
1294 1878 1377 1929 τὸν
1402 1880 1677 1944 γεννήτορα.
1731 1877 1848 1946 τιμῶ

257 1958 306 2008 δὲ
344 1958 493 2010 πάλιν
526 1959 670 2009 αὐτὸν
702 1960 778 2009 καὶ
817 1961 923 2010 καθ’
953 1959 1107 2025 ἕτερον
1133 1960 1327 2026 τρόπον·
1371 1962 1493 2028 φημὶ
1531 1959 1626 2026 γὰρ
1662 1960 1847 2013 δικαίως

257 2042 362 2106 περὶ
414 2043 558 2104 ὑμῶν,
610 2041 681 2092 ὅτι
726 2043 776 2092 ἐκ
825 2047 908 2092 τοῦ
952 2047 1078 2092 Θεοῦ
1122 2044 1204 2093 οὐκ
1248 2042 1369 2104 ε’στὲ,
1414 2045 1508 2094 ἐπεὶ
1553 2042 1669 2107 μηδὲ
1718 2044 1847 2106 θέμις

259 2122 367 2177 τοῦς
418 2128 481 2177 εἰς
530 2129 670 2174 τοῦτο
719 2125 946 2188 πονηρίας
1005 2124 1203 2188 ἥκοντας
1258 2127 1334 2175 καὶ
1390 2123 1525 2192 πάσῃ
1583 2124 1847 2193 φαυλότητι

261 2205 686 2268 βεβαπτισμένους,
727 2207 776 2255 ἐκ
821 2209 947 2256 Θεοῦ
990 2204 1103 2256 εἶναι
1143 2206 1313 2272 λέγειν.
1382 2211 1496 2275 τιμᾷ
1535 2206 1627 2273 γὰρ
1669 2209 1743 2258 καὶ
1782 2211 1845 2258 οἰ-
1866 2228 1914 2266 25

262 2286 496 2350 κειότητος
534 2287 663 2355 ἀξιοῖ
696 2290 778 2350 τῆς
816 2285 935 2353 πρὸς
973 2286 1115 2338 αὐτὸν
1154 2289 1207 2338 οὐ
1245 2286 1328 2338 τὸν
1365 2289 1586 2356 ψεύστην
1625 2291 1700 2339 καὶ
1742 2290 1844 2340 λοί-

261 2371 401 2434 δορον
442 2371 518 2419 καὶ
561 2369 818 2437 δύσφημον
857 2371 933 2419 καὶ
973 2369 1182 2435 ἀλαζόνα
1220 2372 1297 2420 καὶ
1336 2369 1580 2436 ὑβριστὴν,
1621 2370 1725 2421 οὐδὲ
1763 2370 1847 2422 τὸν

262 2451 432 2503 ἀδίκως
483 2454 635 2519 φονᾶν
678 2449 886 2513 εἰωθότα,
934 2451 1066 2501 ἀλλὰ
1109 2450 1192 2502 τὸν
1235 2453 1409 2515 ἐπιεικῆ
1453 2455 1528 2502 καὶ
1572 2457 1725 2518 πρᾶον
1770 2455 1846 2504 καὶ

218 2533 435 2596 ᾶεύσεβῆ
475 2535 550 2584 καὶ
589 2532 816 2601 φιλόθεον
854 2535 928 2584 καὶ
969 2533 1163 2598 ἀγαθόν.
1233 2535 1400 2584 οὐκοῦν
1438 2536 1513 2584 καὶ
1551 2533 1671 2585 κατὰ
1708 2540 1846 2586 τοῦτο

311 2664 343 2700 7.
362 2656 556 2700 Assumpta
573 2658 612 2690 τό
629 2655 719 2700 Ἐγώ
737 2658 847 2701 φησιν
860 2657 919 2690 οὐκ
936 2657 1004 2701 ἕχω
1023 2668 1063 2690 ex
1078 2656 1106 2690 Β
1120 2668 1203 2702 mg„
1214 2655 1623 2701 μετατιθεὶς-εἰρημένον
1634 2669 1675 2690 ex
1690 2657 1718 2690 B
1730 2669 1801 2701 mg.
1814 2669 1845 2692 a.

263 2702 296 2735 8.
323 2703 469 2738 ἐκείνους
485 2703 587 2736 edidi.
609 2703 744 2739 ἐκείνοις
765 2704 793 2737 Β
813 2715 884 2748 mg.
902 2704 949 2739 εἷς
966 2704 1112 2738 ἐκείνους
1130 2715 1160 2737 a.
1261 2704 1504 2738 αὐτοῖς-αὐτὸ
1526 2703 1566 2737 Β.
1585 2704 1847 2739 αὐτὸς-αὐτοῖς

264 2747 331 2781 Ed.
495 2761 548 2784 10.
574 2749 762 2796 δαιμόνιον]
786 2754 823 2791 -ξ-
844 2751 947 2786 τιθεὶς
965 2752 1083 2794 ὥσπερ
1101 2749 1152 2784 ἐπ’
1171 2750 1307 2785 ἐκείνοις
1323 2751 1361 2783 τὸ
1379 2750 1552 2795 εἰρημένον
1569 2750 1624 2784 hic
1642 2750 1736 2784 haud
1754 2756 1846 2784 recte

263 2806 304 2827 ex
325 2794 353 2827 B
373 2807 444 2839 mg.
464 2795 605 2830 adscita.
627 2797 745 2831 Holst.
766 2797 832 2831 Ed.
933 2808 986 2831 11.
1005 2797 1148 2841 ἐμαυτὸν
1165 2798 1217 2831 καὶ
1235 2797 1302 2831 hoc
1318 2797 1441 2830 ordine
1461 2797 1534 2830 B.a.
1628 2807 1680 2838 14.
1700 2797 1845 2841 ὁρᾶσθαι

263 2843 417 2874 τοιοῦτον
436 2842 501 2876 hoc
518 2843 640 2877 ordine
660 2843 701 2878 B.
814 2844 867 2877 16.
894 2844 953 2877 οὐκ
971 2844 1010 2877 ἂν
1027 2845 1092 2888 γὰρ
1110 2856 1140 2877 a.
1253 2855 1305 2888 19.
1332 2845 1350 2876 ὁ
1367 2849 1400 2877 et
1417 2845 1527 2888 φησιν
1543 2849 1723 2887 assumpta
1740 2855 1782 2876 ex
1802 2843 1844 2877 Β.

263 2887 456 2921 Abbreviat
472 2900 502 2921 a.
633 2900 689 2924 20.
714 2893 893 2934 μαρτυρῶν
911 2891 1102 2935 δυσφημῶν
1121 2890 1162 2926 Β.
1183 2890 1245 2923 Ht.
1264 2893 1422 2934 μαρτυρῶ
1440 2890 1630 2934 δυσφημῶν
1647 2888 1846 2924 emendavit

264 2933 358 2969 Aub.
496 2945 550 2969 21.
577 2936 772 2981 Assumpta
789 2940 873 2981 τιμῶ
890 2937 1103 2981 δέ-τρόπον
1120 2949 1162 2971 ex
1181 2936 1210 2970 B
1230 2949 1301 2982 mg.
1320 2948 1363 2977 a.,
1381 2937 1447 2980 γὰρ
1465 2947 1505 2969 ex
1524 2947 1554 2969 a.
