2022 3272
82 133 318 174 xv.14‚15.
365 121 431 161 IN
476 122 518 162 S.
553 123 890 162 JOANNEM.
955 123 1081 162 L113.
1118 122 1168 161 X.
1232 122 1366 161 CAV.
1402 121 1460 160 ΙΙ.
1579 120 1662 159 579

83 228 168 293 τὴν
211 232 331 281 ἰδίαν
368 231 460 300 ἕξει
498 231 664 299 φύσιν
727 235 895 299 χρῆναι
937 231 1029 298 γὰρ
1066 231 1191 295 οἶμαι
1229 231 1322 297 πρὸ
1369 235 1462 281 τῶν
1498 230 1663 279 ἄλλων

83 310 224 361 αὐτὸν
263 319 473 364 τοιοῦτον
512 313 625 364 εἶναι
660 315 927 381 φαίνεσθαι,
962 314 1103 364 δώσει
1143 313 1235 379 γὰρ
1274 313 1376 363 τότε
1416 311 1655 376 πρεπωδέ-

83 415 255 459 στερον
291 399 385 447 τοῖς
424 397 505 445 οὐκ
535 396 696 462 ε”χουσι
728 395 781 445 τὸ
821 395 934 445 ἴδιον
963 394 1157 461 ἀγαθόν.
1211 394 1342 444 ἀλλὰ
1381 398 1476 445 τοῖς
1515 394 1661 457 ἁγίοις

82 477 372 530 ἀποστόλοις
400 476 427 541 ἦ
456 480 529 527 καὶ
555 483 652 531 τοῖς
677 478 845 531 ἄλλοις
871 476 1022 528 ἅπασι
1052 478 1194 544 τυχὸν
1220 481 1314 529 τοῖς
1348 475 1423 527 διὰ
1456 476 1661 527 πίστεως

41 574 62 611 5
83 563 144 611 εἷς
179 559 345 626 φιλίαν
380 560 689 620 ἀναβαίνουσι
728 560 812 623 τὴν
838 559 955 625 πρὸς
995 559 1076 610 τὸν
1108 560 1282 624 Κύριον
1316 560 1445 622 ἡμῶν
1472 559 1662 619 Ἰησοῦν

83 640 310 706 Χριστὸν,
339 642 541 692 ἐπακτὸν
577 640 635 691 ἂν
667 642 734 705 εἰἠ
774 644 847 692 καὶ
889 641 1039 705 &mk-as,
1081 645 1142 695 ὡς
1181 644 1228 692 ἐν
1268 641 1397 709 τάξει
1436 642 1571 702 τιμῆς
1608 637 1661 688 τὸ

82 722 280 790 ἀξίωμα,
309 723 416 790 ἕχον
449 723 496 774 δὲ
536 724 684 774 οὐκέτι
727 723 844 774 κατὰ
883 724 964 774 τὸν
1004 724 1111 774 ’ίσον
1150 723 1343 789 τρόπον·
1392 725 1432 773 οἱ
1472 721 1564 787 γὰρ
1604 725 1661 789 τῇ
1681 727 1707 767 d

81 803 199 871 πρὸς
234 804 375 855 αὑτὸν
403 806 622 867 ὁμοιώσει
656 805 775 872 πρὸς
807 806 892 869 τὴν
918 809 1000 870 τῆς
1037 807 1299 871 ἐλευθερίας
1331 804 1662 871 ἀνατρέχοντες

82 885 240 955 δόξαν,
269 888 393 956 αὐτῷ
426 887 481 950 δη
520 888 671 957 τούτῳ
707 890 781 937 καὶ
822 887 950 956 μόνῳ
989 887 1175 954 προσὸν
1217 891 1431 953 φυσικῶς
1470 886 1660 936 ἀποδεί-

15 993 61 1017 10
82 968 225 1036 ξειαν.
282 973 347 1037 τῷ
371 970 464 1035 γὰρ
490 970 607 1020 κατὰ
636 969 783 1038 φύσιν
811 972 877 1019 ἀεὶ
906 969 959 1020 τὸ
987 969 1105 1019 κατὰ
1130 970 1264 1020 θέσιν
1291 968 1628 1033 παρεικάζεται.

155 1051 444 1114 Σημειωτεόν
471 1052 633 1116 γεμήν·
689 1054 781 1102 δεῖν
807 1050 899 1116 γὰρ
935 1049 1059 1113 οἶμαι
1097 1051 1172 1101 διὰ
1205 1050 1379 1103 παντὸς
1408 1050 1519 1100 ἱέναι
1546 1053 1660 1099 θεω-

80 1131 286 1198 ρήματος
325 1133 562 1199 χρησίμου
594 1156 642 1184 τε
675 1136 749 1183 καὶ
786 1133 895 1183 λίαν
932 1134 1190 1198 ἀναγκαίαν
1217 1133 1405 1199 ε”χοντος
1439 1131 1524 1195 τὴν
1550 1130 1657 1199 ἐξή-

81 1233 241 1279 γησιν·
291 1214 361 1264 ὅτι
396 1218 477 1278 τῆς
517 1215 635 1265 κατὰ
675 1215 817 1279 νόμον
845 1215 1146 1277 δικαιοσύνης
1185 1215 1213 1277 ἡ
1252 1216 1300 1264 ἐκ
1339 1214 1544 1266 πίστεως
1583 1214 1664 1274 τῆς

82 1299 142 1348 εἰς
170 1295 386 1362 Χριστὸν
414 1296 718 1365 ἀρχαιοτέραν
745 1298 835 1364 ἔχει
876 1296 961 1360 τὴν
997 1296 1245 1364 ἀνάδειξιν,
1282 1296 1356 1345 καὶ
1394 1295 1512 1361 πρὸς
1550 1293 1661 1345 τού-

12 1395 61 1434 15
81 1399 190 1438 τοις,
218 1377 288 1428 ὅτι
315 1383 410 1432 τοῖς
440 1379 719 1430 πιστεύουσι
756 1381 829 1429 καὶ
865 1378 1152 1430 ὑπακούουσι
1185 1381 1251 1446 τῷ
1276 1381 1490 1445 Χριστῷ,
1518 1377 1545 1440 ἡ
1572 1381 1666 1426 τῶν

82 1459 217 1509 θείων
262 1462 534 1526 μυστηρίων
579 1461 960 1512 ἀποκαλύπτεται
1002 1465 1195 1525 γνῶσις,
1236 1461 1312 1509 καὶ
1350 1459 1377 1521 ἡ
1416 1464 1499 1509 τοῦ
1539 1462 1704 1509 Θεοῦθ

81 1543 155 1591 καὶ
197 1541 387 1607 Πατρὸς
433 1542 728 1608 ἑρμηνεύεται
772 1541 927 1604 βουλὴ
973 1540 1103 1606 παρὰ
1143 1546 1226 1591 τοῦ
1272 1539 1446 1603 ταύτην
1491 1538 1666 1592 εἰδότος

81 1626 214 1673 Υὶοῦ”
256 1628 352 1677 τοῖς
380 1622 428 1674 δὲ
452 1623 774 1687 ἀπειθήσασιν
801 1623 963 1674 οὐκέτι.

158 1707 250 1755 Καὶ
291 1705 402 1772 φέρε
444 1705 591 1756 πάλιν
637 1705 750 1756 αὐτὸ
795 1706 869 1756 διὰ
912 1709 993 1769 τῆς
1035 1704 1352 1756 θεοπνεύστου
1390 1704 1668 1765 δεικνύωμεν

13 1813 60 1837 20
81 1789 284 1853 γραφῆς,
309 1788 450 1852 ὀλίγα
477 1789 722 1854 χρησίμως
749 1787 1178 1854 ἀδολεσχήσαντες.
1221 1787 1485 1851 γέγραπται
1513 1785 1667 1835 τοίνυν

82 1871 129 1919 ἐν
173 1870 334 1937 βίβλῳ
378 1870 637 1930 Μωυσέως,
691 1869 760 1919 ὅτι
809 1869 1089 1920 πεπίστευκε
1141 1868 1224 1932 μὲν
1277 1865 1549 1932 ““Αβραάμ
1600 1870 1666 1935 τῷ
1726 1869 1878 1901 Gemxv.

1727 1912 1756 1942 6.

83 1959 109 1981 ‘⁶
137 1951 284 2019 Θεῲ,”
328 1949 458 2014 πλὴν
484 1951 511 2013 ἡ
537 1951 697 2003 πίστις
730 1951 854 2018 αὐτῷ
895 1949 1174 2015 λελόγισται
1216 1957 1242 1979 “
1263 1953 1324 2002 εἷς
1350 1948 1665 2012 δικαιοσύνην,
1727 1967 1760 1998 S
1775 1968 1849 1998 Jac.

81 2040 108 2062 “
136 2034 209 2082 καὶ
247 2033 390 2100 φίλος
430 2036 554 2083 Θεοῦ
594 2031 813 2096 ἐκλήθη.”
869 2034 943 2082 καὶ
981 2032 1049 2085 τίς
1077 2033 1101 2081 ὁ
1129 2034 1211 2095 τῆς
1242 2032 1446 2083 πίστεως
1479 2029 1664 2095 τρόπος,
1726 2020 1829 2050 11'23'

81 2113 110 2178 ἢ
137 2119 236 2168 πῶς
263 2114 353 2181 ἄρα
389 2114 531 2183 φίλος
568 2113 743 2178 ἐκλήθη
771 2118 896 2164 Θεοῦ
920 2135 931 2175 ;
977 2114 1178 2178 ἤκουσεν
1219 2110 1465 2181 “’Έξελθε
1496 2113 1545 2162 ἐκ
1584 2114 1703 2175 τῆςᾶ
1726 2124 1822 2202 c{90
1838 2122 1887 2178 A·

12 2214 61 2253 25
82 2202 109 2225 “
135 2199 222 2262 γῆς
258 2219 349 2246 σου
377 2198 451 2246 καὶ
477 2197 526 2246 ἐκ
557 2199 638 2259 τῆς
666 2195 943 2261 συγγενείας
977 2218 1080 2257 σου,
1109 2197 1183 2245 καὶ
1211 2197 1342 2260 δεῦρο
1369 2198 1429 2247 εἷς
1463 2192 1548 2257 τὴν
1576 2196 1666 2259 γῆν
1730 2183 1809 2247 Len'
1831 2183 1886 2203 ML

83 2277 192 2345 “fyv
219 2278 277 2328 ἄν
302 2301 380 2328 σοι
410 2277 588 2346 δει’ξω.”
639 2276 769 2327 ἀλλὰ
796 2279 871 2327 καὶ
904 2276 977 2327 ὅτε
1019 2275 1101 2327 τὸν
1139 2279 1370 2341 μονογενῆ
1404 2277 1665 2342 προσετοῖτ-

81 2383 186 2411 τετο
225 2359 349 2410 θύειν
388 2365 449 2413 εἰς
488 2359 636 2410 τύπον
667 2364 897 2425 Χριστοῦ,
927 2358 1008 2410 τὸν
1035 2360 1082 2410 ἐν
1108 2363 1174 2427 τῷ
1209 2362 1316 2427 Θεῷ
1355 2358 1669 2424 κεκρυμμένον

83 2441 354 2492 ἐδιδάσκετο
388 2441 585 2492 σκοπόν·
643 2443 717 2491 καὶ
753 2447 868 2506 γοῦν
896 2441 920 2490 ὁ
952 2439 1119 2506 Σωτὴρ
1146 2440 1236 2509 ε”φη
1276 2442 1380 2505 περὶ
1406 2440 1547 2489 αὐτοῦ
1573 2443 1668 2491 τοῖς

82 2524 292 2576 ἀνοσίοις
329 2523 570 2575 Ἰουδαίοις
619 2527 919 2587 προσλαλῶν
965 2529 991 2552 “
1016 2521 1241 2588 (Αβραάμ
1283 2523 1307 2572 ὁ
1345 2519 1501 2584 πατὴρ
1540 2521 1668 2581 ὑμῶν
1728 2533 1856 2608 Sffprzf6

3 2611 110 2661 -3066
137 2602 474 2669 ἠγαλλιάσατο
506 2604 580 2654 ἵνα
621 2604 694 2670 ’ίδῃ
731 2602 817 2666 τὴν
843 2602 1020 2668 ἡμέραν
1058 2601 1143 2666 τὴν
1182 2601 1311 2665 ε’μὴν,
1350 2603 1426 2651 καὶ
1465 2599 1552 2651 εἶδε
1591 2602 1667 2650 καὶ
1726 2587 1793 2609 uu.
1815 2595 1831 2616 ὓ

83 2692 110 2715 “
137 2684 324 2752 ἐχάρη.”
396 2685 562 2735 οὐκοῦν
615 2685 667 2734 δι’
715 2686 920 2747 ὑπακοῆς
974 2686 1049 2733 καὶ
1105 2683 1270 2736 θυσίας
1329 2684 1353 2732 ὁ
1413 2682 1666 2735 θεσπέσιος

81 2766 309 2832 “Αβραὰμ
348 2767 491 2833 φίλος
523 2765 700 2829 ἐκλήθη
729 2769 866 2827 Θεοῦ,
899 2767 972 2814 καὶ
1013 2763 1066 2815 τὸ
1105 2767 1187 2827 τῆς
1228 2763 1525 2828 δικαιοσύνης
1563 2766 1665 2814 ἀνε-
1683 2777 1710 2817 b

134 2928 260 2961 31-—p.
283 2917 362 2961 580,
386 2929 414 2950 1.
443 2916 607 2951 ὁ-θείων
624 2928 693 2950 om.
717 2916 757 2950 E.
983 2927 1037 2961 3²·
1065 2915 1253 2960 ἀνεδήσατο
1271 2915 1467 2950 emendavit
1486 2916 1619 2960 Migne.

819 2986 847 3022 4
868 2983 891 3010 E
916 2983 936 3012 2
