2001 3231
262 131 315 170 82
667 133 716 174 Β.
748 134 1024 175 CYRILLI
1067 135 1448 176 ALEXANDR.
1679 133 1854 185 viii.41.

262 239 430 291 οὐκοῦν
466 240 615 307 ἁγίοις
653 241 739 304 μὲν
776 244 975 309 πατέρες
1014 248 1055 295 οἳ
1094 243 1234 310 ἅγιοι,
1266 249 1487 310 πονηροῖς
1526 243 1573 295 δὲ
1612 243 1670 293 αὖ
1707 240 1857 293 πάλιν

262 324 304 372 οἱ
329 325 526 388 πονηροὶ
553 323 845 389 τρεπόμενοι,
872 327 1273 392 πρεπωδέστατοι.
1326 329 1401 377 καὶ
1429 329 1471 377 οἱ
1506 325 1591 389 μὲν
1616 324 1701 389 τὴν
1729 324 1858 375 θείαν

261 404 456 473 μορφὴν
484 404 601 455 ὅσον
628 406 738 471 ἧκεν
768 412 912 458 εἰπεῖν
940 409 988 458 ἐν
1014 409 1240 478 ἁγιασμῷ
1265 413 1365 462 ταῖς
1391 409 1567 459 ἑαυτῶν
1593 405 1857 468 άναματτό-

261 508 391 549 μενοι
418 490 611 554 ψυχαῖς,
641 490 716 538 καὶ
747 488 833 552 τὴν
861 491 1039 543 οἰκείοις
1068 493 1181 543 υἱοῖς
1217 490 1495 556 πρέπουσαν
1522 489 1703 557 ἔχοντες
1728 488 1851 554 παῤ-

40 565 200 615 83Matth.

38 620 81 640 v1.
101 620 131 650 9.

41 663 184 698 551Α.
224 673 245 696 a
264 654 443 717 φαῦλοι
470 651 517 701 δὲ
545 650 693 702 πάλιν
720 657 786 722 τῷ
824 655 922 704 κατ’
953 653 1121 707 αὐτοὺς
1147 656 1475 705 ἀνακείσονται
1500 655 1657 720 πατρὶ,
1685 674 1852 718 γεννη-

263 731 418 786 θέντες
457 731 620 800 ὥσπερ
667 734 742 785 διὰ
784 738 867 798 τῆς
913 739 976 789 εἷς
1017 735 1159 787 αὐτὸν
1201 736 1469 800 ὁμοιώσεως
1515 740 1576 789 εἰς
1620 735 1706 799 τὴν
1746 734 1858 798 ἰ’σην

262 816 528 883 μοχθηρίαν
555 817 723 868 αὐτῶν.
782 817 963 884 πατέρα
993 824 1245 883 τοιγαροῦν
1271 820 1511 871 Ἰουδαίοις
1545 818 1702 884 ἕτερον
1727 815 1859 883 παρὰ

262 897 346 948 τὸν
380 897 517 964 ἅγιον
542 898 770 965 Ἃβραάμ
810 900 946 966 ὁρίζει
985 923 1033 951 τε
1075 903 1150 951 καὶ
1189 901 1400 967 ὀνομάζει
1432 898 1659 966 Χριστός·
1708 900 1778 954 τίς
1810 898 1858 950 δὲ

263 980 411 1042 οὗτος,
440 982 571 1032 οὔπω
598 982 726 1047 λέγει
753 987 942 1051 σαφῶς.

336 1143 466 1188 Εἶπον
505 1144 579 1189 οὖν
618 1147 736 1202 αὐτῷ
760 1145 915 1196 “Ημεῖο
953 1149 1001 1190 ὲκ
1039 1148 1242 1205 Πορνείαε
1281 1150 1328 1190 οὐ
1368 1150 1665 1198 ΓεΓεννήμε-ῑθα·
1712 1149 1786 1190 ἕνα

747 1232 914 1288 Πατέρα
952 1233 1105 1288 ἔχομεν
1144 1233 1217 1274 τὸν
1256 1232 1378 1275 Θεόν.

341 1344 542 1400 Φθάσας
584 1346 673 1411 ἤδη
713 1352 940 1413 προεῖπον
980 1346 1050 1398 ὅτι
1090 1346 1260 1412 πικρὰς
1300 1349 1375 1398 καὶ
1415 1347 1634 1401 ἀνοσίους
1675 1347 1749 1398 ἐπὶ
1792 1350 1859 1416 τῷ

221 1431 246 1471 b
267 1430 452 1492 Σωτῆρι
479 1432 680 1498 Χριστῷ
707 1428 791 1482 τὰς
819 1427 1073 1498 διαλήψεις
1100 1428 1296 1480 ἐνόσουν
1325 1433 1365 1480 οἱ
1397 1429 1553 1481 πάντα
1589 1433 1858 1492 τολμῶντες

264 1511 481 1561 Ἰουδαῖοι
524 1510 743 1565 εὐκόλως.
811 1509 960 1581 ᾤοντο
1007 1510 1101 1576 γὰρ
1145 1512 1424 1580 διεφθάρθαι
1465 1511 1549 1575 μὲν
1592 1512 1676 1574 τὴν
1718 1510 1858 1576 ἁγίαν

262 1592 511 1657 παρθένον,
540 1591 625 1656 τὴν
659 1599 742 1644 τοῦ
776 1594 953 1659 Κυρίου
982 1593 1162 1659 μήτερα
1196 1596 1331 1663 φημὶ,
1359 1594 1563 1661 ε”χουσαν
1596 1593 1643 1644 δὲ
1679 1594 1859 1643 ἁλῶναι

265 1674 386 1725 κατὰ
412 1674 624 1741 γαστρὸς
651 1677 735 1726 οὐκ
762 1676 818 1744 ἐξ
840 1676 1008 1740 Ἀγίου
1036 1676 1328 1739 Πνεύματος,
1356 1675 1384 1740 ἢ
1419 1677 1476 1746 ἐξ
1510 1677 1740 1742 ἐνεργείας
1776 1678 1860 1738 τῆς

264 1756 458 1819 ἄνωθεν,
487 1759 598 1807 ἀλλ’
630 1756 719 1808 ὑπό
745 1781 829 1809 του
855 1757 1001 1825 τυχὸν
1027 1763 1122 1809 τῶν
1148 1760 1221 1810 ἐπὶ
1257 1762 1339 1823 τῆς
1373 1762 1472 1824 γῆς.
1530 1761 1732 1812 ἀπειθεῖς
1766 1756 1861 1824 γὰρ

266 1837 394 1893 ὅντες
434 1841 509 1890 καὶ
549 1838 765 1891 ἀσύνετοι
804 1839 1121 1905 παντελῶς,ἢ
1159 1840 1307 1907 λόγον
1338 1841 1502 1892 οὐδένα
1539 1845 1633 1891 τῶν
1663 1845 1854 1907 προφη-

265 1925 407 1972 τικῶν
457 1923 697 1973 ἐποιοῦντο
749 1922 1057 1989 γραμμάτων,
1108 1925 1255 1975 καίτοι
1311 1923 1562 1991 διαῤῥήδην
1614 1923 1860 1976 ἀκούοντες

42 2001 96 2031 Es.
113 2000 168 2031 vii.

266 2003 327 2032 “²
424 2001 436 2018 x
491 2004 500 2017 e
682 2004 694 2019 t
820 2007 830 2020 2
1046 2008 1059 2024 χ
1106 2006 1128 2021 η
1294 2008 1306 2023 x
1386 2005 1397 2021 t
1593 2005 1625 2021 ex
1676 2005 1700 2021 n
1733 2002 1751 2021 ,x
1824 2008 1833 2022 ³

46 2053 94 2082 14.
335 2006 442 2055 Ιδου
476 2027 503 2068 η
536 2008 769 2071 παρθενος
808 2027 856 2055 εν
885 2028 1061 2071 γαστρι
1101 2007 1194 2075 εξει
1234 2030 1309 2057 και
1345 2007 1523 2075 τεξεται
1563 2029 1674 2066 υιον,
1728 2028 1757 2068 η
1797 2027 1859 2058 εις

265 2085 416 2149 μόνην
453 2087 651 2152 ὁρῶντες
690 2086 776 2151 τὴν
812 2086 985 2153 σάρκα,
1014 2091 1087 2138 καὶ
1128 2094 1228 2142 ταῖς
1267 2089 1373 2140 καθ’
1402 2089 1523 2152 ἡμᾶς
1562 2087 1859 2140 ἀκολουθίαις

229 2166 498 2231 οὲπόμενοι,
534 2167 620 2232 τὴν
659 2167 708 2219 δὲ
748 2172 823 2219 καὶ
864 2169 979 2236 ὑπὲρ
1018 2170 1167 2235 λόγον
1206 2170 1395 2236 ἐργάτιν
1433 2171 1515 2221 οὐκ
1554 2168 1860 2233 ἐννοήσαντες

268 2249 431 2318 φύσιν,
453 2247 482 2317 ᾗ
510 2250 775 2314 δυσήνυτον
795 2249 880 2313 μὲν
905 2250 1053 2314 οὐδὲν,
1073 2250 1200 2303 ἅπαν
1227 2250 1275 2302 δὲ
1300 2252 1354 2303 τὸ
1379 2256 1547 2303 δοκοῦν
1573 2251 1858 2315 ἱππήλατον,

266 2329 332 2395 μὴ
392 2332 558 2398 ἑτέρως
616 2331 851 2383 δυ’νασθαι
911 2338 1160 2400 κυοφορεῖν
1217 2339 1417 2400 γυναῖκα
1479 2334 1762 2400 νομίζουσιν,
1821 2336 1858 2384 εἷ

266 2412 332 2477 μὴ
372 2414 421 2463 ἐκ
459 2411 664 2465 συνόδου
702 2417 784 2477 τῆς
822 2413 942 2480 πρὸς
981 2414 1129 2480 ἄνδρα
1166 2417 1241 2466 καὶ
1282 2416 1467 2484 μίξεως.
1521 2415 1740 2478 τοιαύτην
1776 2437 1854 2465 νο-

268 2501 465 2549 σοῦντες
508 2495 594 2560 τὴν
635 2496 849 2564 ὑποψίαν
889 2500 930 2547 οἱ
973 2495 1182 2560 δείλαιοι,
1221 2501 1537 2566 συκοφαντεῖν
1575 2494 1860 2560 ἀπετόλμων

268 2576 355 2642 τὴν
399 2576 475 2628 διὰ
521 2584 604 2629 τοῦ
649 2577 929 2642 Πνεύματος
982 2579 1203 2644 γέννησιν
1247 2585 1330 2630 τοῦ
1375 2580 1500 2630 θείου
1551 2601 1599 2630 τε
1652 2579 1726 2630 καὶ
1777 2578 1860 2629 οὐκ

322 2728 350 2750 1.
378 2717 413 2750 δὲ
438 2717 476 2751 Β.
496 2717 523 2751 δ’
546 2718 666 2752 Holst.
685 2718 752 2753 Ed.
922 2730 952 2753 2.
980 2721 1179 2763 τρεπόμενοι
1200 2719 1242 2754 Β.
1263 2720 1326 2754 Ht.
1393 2719 1535 2753 Lacuna
1552 2718 1587 2752 in
1607 2717 1701 2752 Aub.
1719 2723 1861 2762 propter

271 2762 514 2798 difficultatem
532 2771 571 2798 ut
588 2765 659 2799 vid.
772 2777 805 2807 4.
831 2765 912 2810 ἕχον
932 2766 972 2800 Β.
992 2766 1191 2800 emendavit
1212 2767 1274 2801 Ht.
1385 2776 1416 2811 7.
1443 2766 1497 2799 διὰ
1515 2771 1736 2808 assumptum
1755 2776 1797 2797 ex
1819 2763 1859 2798 B.

274 2819 287 2842 1
299 2820 327 2842 1.
354 2810 389 2842 ἐκ
407 2812 563 2853 πορνείας
581 2811 673 2855 ἡμεῖς
690 2812 830 2846 inverso
848 2812 971 2847 ordine
992 2813 1054 2847 Ht.
1075 2813 1142 2847 Ed.
1330 2824 1383 2857 19.
1409 2812 1428 2856 ἢ
1446 2811 1609 2846 emendat
1629 2810 1758 2855 Heyse.
1776 2809 1795 2853 ἡ
1817 2809 1859 2844 Β.

271 2854 447 2889 Neutrum
469 2857 598 2892 habent
619 2858 681 2893 Ηῑ.
703 2858 769 2893 Ed.
882 2871 937 2904 23.
965 2859 1036 2905 καὶ]
1061 2864 1098 2900 —f-
1119 2860 1179 2903 τὴν
1200 2860 1239 2894 Β.
1261 2859 1324 2893 Ht.
1390 2859 1526 2903 ἐργάτιν
1542 2857 1703 2891 emendat
1723 2856 1858 2901 Migne.

271 2901 415 2945 ἐργάτην
435 2902 501 2936 Ed.
691 2916 746 2948 24.
772 2903 795 2949 ᾗ
813 2905 1002 2949 δυσήνυτον
1018 2907 1080 2949 μὲν
1096 2906 1259 2940 emendat
1280 2906 1408 2951 Heyse.
1427 2905 1506 2948 ἡδὺς
1523 2904 1684 2947 ἠνύτομεν
1702 2903 1743 2936 Β.
1762 2903 1861 2947 νηδὺς

271 2949 371 2990 ἤνυτο
387 2948 448 2991 μὲν
467 2948 530 2983 Ht.
551 2950 644 2984 unde
663 2951 729 2985 Ed.
797 2952 988 2995 ἱππήλατον
1005 2952 1168 2987 emendat
1188 2954 1318 2998 Heyse.
1337 2953 1534 2995 ἶππηλατῶν
1554 2950 1594 2983 B.
1616 2949 1680 2983 Ed.

261 569 449 635 ῥησιάν,
481 569 669 623 εἰκότως
709 572 870 636 ἐροῦσι
897 579 923 600 “
948 571 1108 637 Πάτερ
1148 572 1279 636 ἡμῶν
1317 573 1342 622 ὁ
1381 574 1429 623 ἐν
1461 576 1557 625 τοῖς
1596 570 1853 636 οὐρανοῖς.”
1877 579 1899 618 5

1884 997 1931 1022 10

1882 1944 1931 1969 20
