2022 3272
124 147 208 190 xiii.
231 150 381 202 26‚27.
502 151 573 191 IN
620 154 660 192 S.
695 151 1031 192 JOANNEM.
1099 151 1154 191 11]
1177 152 1218 190 Β.
1257 151 1330 191 lx.
1622 152 1705 189 361>

123 258 417 322 ἠσθενηκότα
462 260 591 327 μέρη,
636 261 1041 327 προσκομίζεσθαι
1085 260 1260 311 κελεύει
1312 260 1394 313 τὰς
1443 259 1705 321 ἑλεπόλεις,

123 341 344 406 εὐκαίρως
388 342 599 408 αἱρήσειν
643 345 851 394 ἐντεῦθεν
896 343 1043 396 εἰδώς·
1103 342 1224 392 κατὰ
1267 341 1350 392 τὸν
1395 340 1538 391 αὐτὸν
1582 339 1709 403 οἶμαι

123 420 300 487 τρόπον
327 424 351 473 ὁ
389 430 615 486 σατανᾶς,
642 426 717 476 ὅτε
752 423 838 488 τὴν
864 425 1116 490 ἀνθρώπου
1151 423 1315 492 ψυχὴν
1340 425 1710 488 ἐκπολιορκῆσαι

124 503 364 567 βούλεται,
390 505 507 572 πρὸς
533 505 585 556 τὸ
612 509 852 570 ἀτονῆσαν
878 507 1015 571 με’ρος
1042 508 1090 557 ἐν
1117 507 1233 572 αὐτῇ
1261 510 1415 572 χωρεῖ,
1443 505 1705 569 καταστρέ-

83 588 238 653 5ψειν
279 588 425 642 οὕτως
465 588 669 642 εὐκόλως
710 588 931 651 οἰόμενος,
969 589 1082 639 ὅταν
1118 588 1191 655 ἰ’δῃ
1231 586 1448 650 μάλιστα
1483 588 1712 650 μηδεμίαν
1731 592 1755 631 d

127 667 457 735 ἐπιδεχομένην
477 670 562 734 τὴν
589 671 769 735 ὄνησιν,
787 672 841 721 δι’
864 669 928 721 ὧν
954 669 1012 734 ἦν
1040 670 1156 723 εἰκὸς
1185 673 1444 721 ἀδικεῖσθαι
1470 668 1524 720 τὸ
1550 669 1715 730 πάθος,

129 748 227 800 οἷον
263 752 535 817 εἷσηγήσεις
570 752 763 818 ἀγαθὰς,
790 751 896 806 τούς
931 753 999 803 ἐπ’
1029 753 1215 820 ἀνδρείᾳ
1249 749 1605 820 παροξυσμοὺς,
1633 750 1716 803 τὰς

130 834 191 884 εἷς
227 832 472 894 εὐσέβειαν
504 834 806 898 ὑπομνήσεις,
836 836 909 885 καὶ
945 834 1031 898 τὴν
1063 833 1298 897 μυστικὴν
1335 834 1570 898 εὐλογίαν.
1628 855 1713 882 κα-

131 919 298 979 ταργεῖ
337 914 430 982 γὰρ
474 915 692 979 μάλιστα
737 915 794 980 δὴ
840 922 978 966 τοῦτο
1023 921 1105 966 τοῦ
1151 915 1383 975 διαβόλου
1430 914 1512 965 τὸν
1553 915 1720 979 ἀνδρο-

65 1014 113 1039 10
133 994 300 1047 κτόνον
339 996 422 1048 ἱόν.

210 1079 399 1129 Οὐκοῦν
441 1079 465 1129 ὁ
509 1078 745 1145 προδότης
790 1080 870 1129 οὐκ
914 1078 1139 1146 ἐλέγχους
1183 1077 1466 1142 ἐδυσωπήθη
1510 1078 1617 1131 τούς
1658 1078 1723 1128 ε”τι

136 1158 406 1224 λεληθότως
445 1163 520 1211 καὶ
558 1162 606 1212 ἐν
640 1160 941 1231 παραβύστῳ
979 1161 1454 1227 προκεκομισμένους,
1482 1161 1593 1210 ἀλλ’
1621 1159 1725 1210 οὐδὲ

136 1241 222 1305 τὴν
263 1243 450 1310 ἄμαχον
489 1246 572 1306 τῆς
622 1243 809 1308 ἀγάπης
852 1242 1008 1311 ἰσχὺν,
1055 1244 1107 1293 οὐ
1152 1242 1291 1306 τιμὴν
1337 1244 1412 1292 καὶ
1460 1242 1606 1310 δόξαν
1650 1243 1726 1292 καὶ

139 1323 293 1391 χάριν,
327 1326 381 1375 οὐ
421 1324 506 1389 τὴν
541 1326 764 1390 εὐλογίαν
798 1324 884 1385 τὴν
919 1324 1051 1390 παρὰ
1086 1328 1322 1391 Χριστοῦ·
1372 1324 1765 1390 ἀπερισκέπτωςθ

74 1414 119 1467 Ῑ5,
141 1407 188 1457 δὲ
232 1406 396 1473 ὥσπερ
441 1409 516 1457 καὶ
561 1407 900 1476 ἀπερικλάστῳ
945 1405 1067 1476 τόνῳ
1113 1405 1231 1473 πρὸς
1276 1407 1420 1457 ἐκεῖνο
1465 1409 1541 1457 καὶ
1584 1407 1729 1470 μόνον

141 1490 279 1555 ὁρῶν,
322 1493 385 1542 εἰς
430 1488 545 1555 ὅπερ
590 1490 678 1554 ἤδη
722 1488 1004 1556 προήττητο,
1045 1491 1128 1553 τῆς
1171 1490 1495 1556 φιλοκερδείας
1542 1487 1732 1552 νόσημά

142 1574 279 1639 φημι,
306 1569 476 1622 λοιπὸν
502 1571 779 1637 ὁλοκλήρως
815 1571 918 1635 ἥλω
952 1594 1001 1621 τε
1037 1572 1113 1621 καὶ
1148 1571 1407 1621 πέπτωκεν.
1465 1570 1639 1636 οὐγὰρ
1666 1569 1733 1619 ε”τι

142 1651 424 1715 σύμβουλον
462 1653 554 1720 ε”χει
595 1651 678 1704 τὸν
716 1657 945 1716 σατανᾶν,
981 1654 1093 1703 ἀλλ’
1132 1652 1248 1717 ὅλης
1289 1653 1378 1717 ἤδη
1419 1655 1502 1716 τῆς
1543 1652 1734 1717 καρδίας

144 1734 383 1799 δεσπότην
410 1737 486 1786 καὶ
525 1734 936 1804 κατεξουσιαστὴν
967 1740 1165 1787 ποιεῖται
1196 1737 1279 1798 τῆς
1311 1735 1476 1785 ἑαυτοῦ
1509 1732 1731 1794 διάνοιας,

77 1841 127 1866 20
145 1815 228 1867 τὸν
252 1817 300 1867 ἐν
327 1818 493 1884 ἀρχαῖς
519 1817 841 1886 ψιθυρίζοντα.
896 1816 1064 1877 εἰσ-ἦλθε
1098 1815 1192 1883 γὰρ
1226 1822 1285 1871 εἷς
1321 1815 1477 1879 αὐτὸν,
1505 1814 1624 1866 κατὰ
1650 1813 1736 1876 τὴν

145 1904 229 1950 τοῦ
255 1899 534 1964 εὐαγγελίου
561 1899 739 1968 φωνήν.

222 1980 495 2031 Φυλακτεόν
522 1981 603 2031 οὖν
629 1981 735 2046 ἄρα,
761 1982 836 2031 καὶ
870 1983 1010 2031 παντὶ
1048 1979 1202 2031 σθένει
1241 1979 1553 2046 παραιτητέον
1578 1976 1662 2030 τὰς
1687 1978 1736 2026 ἐκ

147 2065 242 2112 τῶν
275 2066 574 2128 προπαθειῶν
610 2062 790 2128 ζημίας·
838 2065 1007 2129 χρῆναι
1047 2061 1095 2112 δὲ
1134 2065 1228 2112 δεῖν
1268 2063 1615 2124 διαμεμνῆσθαι
1653 2064 1776 2110 τοῦιι
1811 2075 1893 2109 ’739
1910 2072 1961 2107 A.

149 2142 369 2209 λε’γοντος
403 2143 566 2194 “Ἐᾶν
604 2149 790 2207 πνεῦμα
829 2149 913 2194 τοῦ
953 2142 1308 2212 ἐξουσιάζοντος
1349 2144 1504 2210 ἀναβῇ
1543 2143 1617 2192 ἐπὶ
1656 2140 1733 2203 σὲ,
1799 2145 1924 2227 {301¹OE-

83 2232 177 2280 25“
202 2223 350 2277 τόπον
400 2248 493 2276 σου
547 2225 611 2290 μὴ
670 2227 811 2294 ἀφῇς,
860 2225 931 2276 ὅτι
986 2226 1101 2290 ἰἀμα
1159 2224 1454 2276 καταπαύσει
1511 2223 1740 2289 ἁμαρτίας
1801 2214 1832 2220 ..

150 2314 178 2338 “
204 2306 464 2373 μεγάλας.”
508 2306 691 2374 ἀνάγκη
726 2307 812 2370 μὲν
847 2307 941 2374 γὰρ
977 2306 1312 2373 ἀνακτίζεσθαί
1343 2330 1443 2360 πως
1479 2308 1527 2357 ἐν
1552 2304 1743 2368 δυνάμει

145 2383 404 2456 ιλογισμῶν
447 2395 547 2444 ταῖς
598 2390 839 2455 ἡμετέραις
891 2390 1101 2456 καρδίαις
1150 2387 1204 2440 τὸ
1255 2395 1338 2439 τοῦ
1389 2386 1743 2457 ἐξουσιάζοντος

151 2476 350 2533 πνεῦμα.
405 2475 443 2522 εἰ
483 2470 576 2537 γὰρ
615 2473 663 2522 ἐν
699 2472 809 2535 ἡμῖν
843 2471 898 2522 τὸ
932 2471 1166 2522 δύνασθαι
1202 2471 1490 2531 διακωλύειν,
1517 2468 1655 2520 τοῦτό
1690 2490 1744 2533 γε

152 2551 282 2615 πλὴν
314 2553 362 2602 ἐν
395 2553 518 2615 ἡμῖν,
551 2551 604 2602 τὸ
645 2551 859 2617 κολάζειν
889 2555 1182 2619 παραχρῆμα
1219 2550 1274 2602 τὸ
1314 2550 1534 2612 ἀνελθὸν,
1566 2552 1641 2600 καὶ
1680 2548 1744 2612 μὴ

86 2656 136 2691 3ο
155 2633 415 2700 ε’πιτρέπειν
466 2634 710 2699 ῥιζοῦσθαι
760 2638 862 2686 ταῖς
918 2635 968 2683 ἐκ
1023 2633 1253 2701 ῥᾳθυμίας
1306 2630 1574 2692 ἐνδόσεσιν,
1631 2632 1743 2680 ἀλλ’

155 2714 318 2781 ὥσπερ
381 2713 485 2765 τινὰ
547 2715 732 2780 πικρίας
795 2711 948 2780 ἀρχὴν
1004 2714 1281 2776 ἀποτέμνειν
1334 2713 1619 2778 ἐπείγεσθαι,
1671 2714 1746 2761 καὶ

206 2871 240 2905 3.
266 2859 468 2904 ἐκπολιορκῆ
490 2858 570 2903 (sic)
592 2858 633 2892 E.
866 2869 919 2892 10.
945 2858 996 2892 ἶόν
1014 2857 1055 2892 Ε.
1075 2864 1108 2891 et
1126 2857 1174 2890 ita
1191 2856 1389 2891 emendavit
1409 2856 1544 2901 Migne.
1563 2857 1634 2890 υἱόν
1651 2856 1746 2890 Aub.

162 2917 218 2940 21.
246 2905 497 2950 Legendumne
515 2906 788 2950 εὐαγγελιστοῦὲ
1046 2915 1100 2949 23.
1127 2904 1343 2950 προπαθειῶν
1361 2904 1403 2938 Ε.
1420 2903 1662 2948 προσπαθειῶν
1680 2902 1747 2937 Ed.

164 2953 219 2987 28.
247 2952 499 2996 Legendurnne
517 2952 545 2986 εἰ
561 2954 627 2997 γὰρ
644 2952 713 2996 μὴὲ

220 3018 312 3046 VOL.
335 3019 385 3047 11.
919 3019 942 3059 3
966 3018 990 3044 Β
