2037 3266
115 1318 221 1358 Supra

113 1371 180 1392 vel*-
204 1371 215 1391 Ι
222 1370 251 1391 Ο.

124 2140 230 2180 Supra

124 2195 168 2214 111.
191 2192 241 2214 2.0

325 147 410 186 434
726 144 777 185 B.
810 141 1085 183 CYRILLI
1127 136 1508 180 ALEXANDR.
1743 130 1913 170 xiv.11.

324 254 470 317 τάτην
496 254 667 321 ἔχοντα
700 253 786 317 τὴν
813 254 886 303 ε’πι
921 254 988 319 τῷ
1014 253 1116 318 Υιῲ
1152 247 1399 315 διάληψιν,
1426 243 1654 309 μηδεμίαν
1680 244 1774 290 τῶν
1802 258 1902 301 παρ

324 336 511 389 ἐκείνοις
548 334 849 399 ποιήσασθαι
887 332 1091 396 μνήμην.
1145 328 1303 392 ἐπειδὴ
1345 327 1391 379 δὲ
1431 323 1621 377 ἀπεικὸς
1657 320 1789 373 οὐδὲν
1822 322 1917 369 τοῖς

326 419 509 472 ἀθλιοις
560 417 745 468 ἐκείνων
788 413 1127 481 περιτυχόντας
1177 411 1360 478 ῥήμασι
1410 407 1776 474 συναρπαγῆναι
1825 403 1920 450 τῶν

327 499 674 564 ἁπλουστερων
712 501 775 550 εἷς
819 496 1017 547 σύνεσίν
1055 516 1197 556 τινας,
1237 495 1495 558 ἀναγκαῖον
1533 487 1692 558 ᾠήθην
1730 487 1826 536 τοῖς
1867 479 1924 549 ἐξ

327 582 550 645 ἀληθείας
601 579 810 645 δόγμασι
859 577 918 628 τὰ
967 578 1017 628 ἐκ
1062 579 1146 639 τῆς
1191 575 1374 625 ἐκείνων
1417 571 1655 641 φλυαριας
1699 561 1914 631 διακρου-
1941 575 1963 613 5

330 667 516 714 σασθαι
563 662 744 756 βλάβη,
791 658 1134 724 εὐανάτρεπτόν
1175 679 1225 708 τε
1272 659 1519 708 παντελῶς
1570 649 1793 718 ἐπιδεῖξαι
1837 644 1924 708 τὴν

287 752 312 793 (1
331 745 672 813 συκοφαντίαν,
699 743 758 807 ἣν
793 741 1080 811 ἐπιτειχίζειν
1111 738 1370 800 βούλονται
1408 738 1475 805 τῷ
1509 738 1628 804 weg),
1657 736 1847 796 μᾶλλον
1875 725 1924 777 δὲ

332 827 423 895 ολῃ
450 831 508 894 τῇ
534 826 634 877 θειά
662 825 822 894 φύσει’
863 828 1003 874 τοῦτο
1030 844 1123 888 γαρ
1151 825 1294 872 εἰπεῖν
1322 788 1661 882 άληθιεστερον.

405 912 675 975 Τοιγαροῦν
713 906 931 973 ἐνετυχον
972 904 1197 972 βιβλιδίῳ
1236 907 1330 953 τῶν
1366 901 1420 951 δι’
1456 898 1677 951 ἐναντίας·
1730 891 1828 945 εἶτα
1866 889 1927 941 τὰ

332 992 381 1041 ἐν
412 994 479 1060 τῷ
513 988 801 1058 προκειμένω
840 990 968 1057 ῥητῶ
1007 984 1375 1052 διερευνώμενος,
1403 983 1622 1048 εὕρισκον
1648 978 1723 1030 ε’πι
1755 974 1927 1043 λεξεως
1948 990 1997 1016 10

333 1073 474 1135 αὐτῆς
526 1073 648 1123 οὕτω
700 1070 906 1137 λεγοντα
956 1069 1062 1132 μεθ’
1115 1065 1249 1133 ετερά
1299 1088 1405 1118 τινα
1449 1104 1477 1127 ,,
1503 1065 1567 1114 Ο
1618 1061 1774 1113 τοίνυν
1811 1054 1928 1109 Υἱὸς

334 1194 360 1217 ,,
388 1154 631 1207 οὐσιωδῶς
667 1151 997 1251 περιεχόμενος
1036 1150 1127 1201 ὑπὸ
1165 1154 1249 1200 τοῦ
1290 1145 1496 1214 Πατρὸς,
1534 1144 1617 1196 τὸν
1650 1141 1843 1207 Πατερα
1880 1139 1929 1189 ἐν

334 1277 362 1300 ,,
389 1237 538 1306 ἑαυτῷ
569 1236 660 1303 ἐχει
695 1235 754 1286 τὰ
785 1233 975 1302 ῥήματα
1003 1232 1335 1301 φθεγγόμενον
1362 1253 1436 1280 και
1473 1227 1531 1279 τὰ
1567 1229 1740 1290 σημεῖα
1772 1224 1926 1273 ἐπιτε-

336 1358 363 1380 ,,
390 1323 585 1369 λοῦντα”
643 1317 758 1384 ὅπερ
797 1316 1036 1382 ἐρμηνεύει
1076 1314 1271 1380 λεγωνς
1288 1310 1354 1363 Α
1395 1311 1486 1378 ἐγὼ
1526 1312 1663 1360 λαλῶ
1703 1308 1810 1369 ὑμῖν
1849 1302 1927 1354 ἀπ’

337 1441 363 1463 ,,
390 1402 591 1501 ἐμαυτου
629 1401 683 1450 οὑ
721 1403 875 1461 λαλῶ,
916 1399 940 1448 ὁ
982 1398 1030 1448 δὲ
1072 1393 1242 1461 Πατηρ
1284 1397 1331 1446 ἐν
1371 1396 1471 1458 ἐμοὶ
1515 1391 1667 1456 μένων
1705 1391 1831 1439 ποιεῖ
1871 1383 1930 1436 τὰ
1952 1402 2001 1441 15

338 1523 364 1546 „
393 1483 508 1549 ἐργα
543 1481 712 1535 αὐτός]
734 1482 759 1498 ”

413 1566 563 1616 Ταυτι
603 1567 687 1627 τῆς
725 1564 898 1614 ἐκείνου
938 1563 1174 1628 τερθρειας
1213 1583 1271 1610 τα
1309 1558 1513 1626 ῥήματα·
1557 1553 1714 1618 ἐπειδη
1753 1551 1801 1604 δε
1840 1548 1931 1618 χρὴ

338 1670 414 1698 και
441 1647 563 1712 ἡμᾶς
590 1650 734 1697 εἰπεῖν
761 1644 815 1696 τὸ
850 1649 946 1698 τοῖς
981 1643 1238 1709 εἷρημενοις
1270 1644 1583 1692 ἀντιστατοῦν
1609 1661 1684 1688 και
1710 1634 1933 1696 ἀδόκιμον

339 1729 453 1781 ὅντα
483 1729 567 1779 τὸν
594 1734 703 1779 νοῦν
730 1727 989 1794 διελέγχειν
1016 1724 1287 1787 δυνάμενον,
1315 1721 1458 1773 ἐκεῖνό
1495 1725 1617 1789 φημι
1642 1718 1713 1770 Τὸ
1740 1716 1825 1779 μέν
1851 1715 1934 1766 οὖν

339 1813 581 1865 οὐσιωδῶς
604 1810 906 1876 περιέχεσθαι
934 1808 1091 1873 λέγειν
1117 1805 1200 1857 τὸν
1226 1804 1344 1856 Υἱὸν
1373 1802 1463 1855 ὑπὸ
1490 1807 1574 1854 τοῦ
1604 1798 1809 1866 Πατρὸς,
1839 1798 1863 1849 ὅ
1889 1819 1933 1848 τι
1954 1818 2005 1844 20

340 1892 455 1945 ποτὲ
482 1892 573 1958 ἄρα
599 1893 746 1954 ἐστὶν,
770 1889 798 1955 ὴ
834 1891 882 1941 τί
914 1890 1005 1956 ἄρα
1036 1891 1188 1953 δηλοῖ,
1216 1888 1268 1938 οὐ
1295 1886 1490 1955 σφόδρα
1516 1883 1723 1946 συνίημι·
1765 1883 1934 1948 χρῆναι

341 1998 436 2041 γαρ
474 1973 602 2038 οἶμαι
641 1972 694 2024 τὸ
734 1971 907 2036 ἀληθὲς
945 1975 1105 2022 εἰπεῖν
1149 1968 1390 2033 τοσαύτην
1428 1967 1520 2035 ε’χει
1558 1965 1645 2029 τὴν
1679 1963 1931 2030 ἀσάφειαν.

344 2061 535 2126 ἐρυθριᾶ
568 2079 662 2122 γαρ
697 2053 862 2121 ὥσπερ
897 2077 972 2104 και
1007 2052 1340 2104 συστελλεταί
1374 2073 1474 2103 πως
1508 2047 1627 2115 πρὸς
1661 2069 1716 2097 το
1754 2044 1933 2156 ἀφανε-

345 2163 518 2205 στερον
543 2137 818 2205 παῤῥησίαν
845 2137 928 2187 οὐκ
956 2135 1064 2202 ἐχον
1090 2134 1144 2185 τὸ
1172 2133 1408 2199 θεώρημα.
1463 2130 1628 2196 ὥσπερ
1652 2128 1784 2194 γαρί
1789 2128 1846 2177 ζὁ
1878 2125 1938 2177 τὰ

126 2237 276 2273 786A
309 2229 374 2270 a“
403 2226 569 2289 φαῦλα
602 2219 842 2286 πράσσων
874 2222 1011 2281 μισεῖ
1044 2216 1097 2265 τὸ
1139 2220 1240 2282 φῶς
1281 2218 1356 2264 καὶ
1395 2214 1477 2263 οὐκ
1515 2213 1697 2278 ἔρχεται
1730 2232 1848 2275 προς
1883 2230 1937 2259 το
1957 2226 2006 2266 25

347 2311 375 2333 ‘⁶
402 2307 518 2372 φῶς,
557 2302 632 2352 ίνα
676 2300 741 2364 μὴ
786 2297 1033 2366 ἐλεγχθῇ,”
1076 2320 1197 2347 κατα
1240 2295 1326 2359 τὴν
1363 2300 1446 2346 τοῦ
1489 2296 1708 2358 Σωτῆρος
1753 2289 1935 2359 φωνήν·

349 2386 470 2436 οὕτω
505 2387 598 2436 πᾶς
634 2379 779 2447 λόγος
814 2381 838 2431 ὁ
871 2379 930 2430 τὰ
965 2384 1131 2448 φαῦλα
1167 2381 1338 2442 δηλῶν,
1367 2376 1442 2428 διὰ
1473 2379 1728 2426 σκοτεινῶν
1752 2375 1939 2423 ἐννοιῶν

349 2467 573 2533 ἔρχεσθαι
601 2468 744 2533 φιλεῖ,
772 2464 848 2513 καὶ
875 2462 994 2527 πρὸς
1021 2460 1074 2511 τὸ
1102 2459 1367 2527 σαφηνείας
1393 2459 1479 2525 οὐχ
1505 2457 1605 2526 ἥξει
1633 2461 1748 2525 φῶς,
1774 2455 1849 2506 ἵνα
1874 2452 1939 2517 μὴ

350 2550 556 2614 ἐλεγχθῇ
595 2548 677 2609 τῆς
715 2544 915 2608 ἐνούσης
952 2544 1077 2611 αὐτῷ
1111 2541 1409 2607 σαθρότητος
1445 2540 1471 2604 ἡ
1508 2536 1728 2590 εὐτέλεια.
1779 2537 1829 2588 τί
1859 2536 1940 2586 οὖν

351 2631 444 2695 ἄρα
498 2629 601 2678 ἐστὶ
652 2625 706 2677 τὸ
758 2627 999 2678 οὐσιωδῶς
1053 2623 1358 2690 περιέχεσθαι
1413 2621 1496 2672 τὸν
1546 2619 1664 2671 Υἱὸν
1716 2617 1805 2670 ὑπὸ
1856 2621 1939 2667 τοῦ
1958 2634 2008 2670 30

355 2708 580 2775 Πατρός;
651 2709 749 2772 ἰἠμι
806 2706 898 2773 γὰρ
949 2706 1006 2769 δὴ
1064 2706 1118 2754 δι’
1172 2704 1349 2757 ἐννοίας
1403 2701 1609 2766 ἀπάσης,
1662 2700 1829 2765 οἷσπερ
1882 2697 1939 2750 ἂν

399 2899 431 2932 6.
456 2900 628 2933 παντελῶς
647 2902 870 2941 assumptum
890 2908 930 2930 ex
951 2895 991 2929 E.
996 2907 1030 2940 p.
1424 2904 1458 2937 9.
1484 2890 1647 2935 βιβλιδίῳ
1665 2889 1707 2924 Ε.
1724 2888 1852 2932 βιβλίῳ
1872 2886 1938 2922 Ed.

358 2956 409 2988 13.
437 2945 653 2989 φθεγγόμενα
674 2944 715 2977 Ε.
860 2954 915 2987 31.
942 2940 1030 2986 ιημι]
1054 2941 1109 2975 Sic
1129 2927 1223 2974 Λιιὼ,
