2011 3266
319 155 404 196 210
720 154 772 194 B.
804 150 1084 194 CYRILLI
1122 148 1505 191 ALEXANDR.
1804 157 1843 182 x.
1862 142 1902 181 6.

320 264 592 329 ἐκκλησίαις
619 262 679 314 τὰ
710 262 786 313 διὰ
819 265 901 326 τῆς
937 261 1255 312 θεοπνεύστου
1287 260 1477 327 γραφῆς
1512 252 1905 321 παρακομίζοντες

321 345 550 412 δόγματα,
577 346 653 396 καὶ
692 344 854 411 ὥσπερ
888 342 991 394 τινὰ
1027 341 1211 410 τροφὴν
1239 337 1555 403 πνευματικὴν
1589 336 1672 388 τὸν
1703 335 1901 399 εὐαγγε-

321 426 456 479 λικόν
480 451 530 479 τε
566 429 642 478 καὶ
676 423 1000 478 ἀποστολικὸν
1025 423 1357 490 παρατιθέντες
1392 419 1556 486 λόγον.
1612 415 1831 480 κατήκοοι
1857 412 1906 464 δὲ

279 514 416 560 ῠτῶν
453 508 677 560 τοιούτων
714 510 833 559 εἰσὶν
871 511 914 558 οἱ
950 506 1253 558 πιστεύοντες
1292 508 1354 558 εἰς
1392 500 1623 569 Χριστὸν,
1663 501 1738 550 καὶ
1777 499 1908 547 ἀδια-

322 591 524 661 στρόφῳ
555 590 889 656 διαπρέποντες
925 592 983 656 τῇ
1016 588 1190 645 πίστει,
1217 591 1556 653 παραιτοῦνται
1591 583 1638 634 δὲ
1672 579 1792 646 πρὸς
1824 578 1908 632 τὰς

321 679 417 725 τῶν
454 671 843 742 ψευδοποιμένων
883 669 1060 738 φωνὰς,
1095 671 1170 720 καὶ
1211 671 1271 722 ὡς
1311 667 1526 733 ὀλέθριον
1565 662 1909 730 ἀποτρέπονται

321 755 487 810 πάθος.
555 756 603 805 τί
643 755 725 805 οὖν
762 753 854 819 ἄρα
892 751 946 803 τὸ
986 752 1207 814 ἐντεῦθεν,
1247 752 1342 816 ἐρεῖ
1375 773 1456 812 τις,
1496 752 1592 801 τοῖς
1632 744 1909 811 Φαρισαίοις

324 837 738 903 ὑποδηλούμενον;
782 834 1000 886 συνελὼν
1028 836 1090 887 ὡς
1123 836 1171 884 ἐν
1203 837 1378 900 βραχεῖ
1406 854 1456 882 τε
1491 834 1565 881 καὶ
1600 825 1910 897 κεφαλαιώδει

324 919 457 990 λόγῳ
495 919 645 971 πάλιν
675 921 781 985 ε’ρῶ.
837 915 1003 968 ἑαυτὸν
1033 915 1318 977 ἐπιδεικνύει,
1345 915 1420 965 καὶ
1454 915 1536 976 τῆς
1572 912 1718 973 αὐλῆς
1753 907 1911 973 κύριον

324 1005 399 1053 καὶ
427 1001 557 1069 θύραν
583 1004 658 1052 καὶ
687 1000 872 1069 θυρωρὸν,
900 1000 975 1050 ἵνα
1002 998 1058 1062 δὴ
1085 996 1278 1059 μάθοιεν
1304 998 1508 1062 ἀκριβῶς
1535 996 1597 1046 ὡς
1628 993 1715 1058 οὑχ
1750 990 1912 1058 ἕξουσι

322 1088 406 1148 τῆς
441 1084 692 1150 ἡγεμονίας
728 1081 975 1148 ἱδρυμένην
1010 1079 1095 1144 τὴν
1130 1077 1322 1140 στάσιν,
1351 1082 1387 1128 εἰ
1426 1076 1491 1141 μὴ
1532 1076 1585 1126 δι’
1615 1075 1757 1125 αὐτοῦ
1795 1069 1914 1137 πρὸς

276 1167 499 1230 ἀταύτην
538 1164 683 1218 ἰόντες
722 1162 776 1215 τὸ
815 1162 1071 1214 θεόσδοτον
1111 1162 1258 1229 ἔχοιεν
1297 1159 1491 1226 ἀγαθόν.
1552 1156 1823 1223 προστιθεὶς
1865 1151 1914 1203 δὲ

325 1249 396 1300 ὅτι
443 1247 502 1299 τὰ
546 1246 768 1314 πρόβατα
812 1250 909 1298 τοῖς
954 1246 1084 1298 ἰδίοις
1127 1242 1453 1294 καταπείθεται
1496 1238 1703 1303 ποιμέσι,
1744 1235 1824 1288 τῶν
1867 1233 1915 1285 δὲ

323 1333 565 1399 ἀλλοτρίων
590 1328 859 1398 ἐξάλλεται,
886 1326 1035 1378 πάλιν
1062 1327 1246 1393 εὐφυῶς
1273 1324 1587 1375 ὑπαινίττεται
1616 1323 1678 1374 ὡς
1711 1320 1910 1370 ἐπιστα-

325 1413 531 1477 τήσουσι
571 1412 656 1475 μὲν
695 1412 911 1473 οὐδαμῶς
953 1411 1084 1459 αὐτοὶ
1127 1411 1221 1458 τῶν
1261 1405 1540 1470 μελλόντων
1577 1401 1816 1455 πιστεύειν
1853 1404 1916 1454 εἷς

327 1495 483 1557 αὑτὸν,
519 1493 833 1562 ἀποφοιτήσει
873 1491 921 1542 δὲ
959 1490 1109 1542 πάλιν
1147 1492 1229 1553 τῆς
1270 1489 1378 1554 παρ’
1408 1488 1564 1540 αὐτοῖς
1605 1483 1917 1536 δικασκαλίας

327 1576 387 1628 τὰ
413 1577 651 1643 πρόβατα,
682 1576 757 1626 καὶ
783 1578 880 1627 τοῖς
907 1574 960 1624 δι’
989 1573 1132 1623 αὐτοῦ
1157 1570 1350 1635 ποιμέσι
1377 1569 1728 1636 προσκείσεται.

287 1750 503 1791 6ΤοιύτΗν
540 1750 618 1791 τήν
656 1746 889 1805 Παροιμίαι]
927 1741 1046 1786 εἶπεν
1084 1741 1231 1786 αὐτοῖς
1266 1744 1290 1784 ὁ
1321 1742 1501 1784 ἸΗσοῡε-
1557 1737 1713 1781 ἐκεῖνοι
1754 1737 1800 1779 δὲ
1841 1736 1917 1778 οὐκ

698 1832 890 1878 ἓτνωσοιν
928 1829 1021 1871 τίνοι
1061 1825 1110 1869 ἦν
1148 1829 1173 1868 ἃ
1212 1828 1359 1868 ἐλάλει
1398 1822 1553 1866 αὐτοῖς.

293 1892 316 1919 e

406 1948 624 1999 Ἀπλοῦς
649 1949 744 1996 τῶν
771 1945 920 2010 ἁγίων
948 1945 972 1994 ὁ
1000 1942 1158 2008 λόγος,
1180 1944 1255 1992 καὶ
1280 1944 1362 2004 τῆς
1381 1937 1634 2003 Ἑλλήνων
1659 1937 1922 2003 περιεργίας

113 2039 126 2061 1
141 2030 215 2061 Cor.
227 2030 247 2062 i.

111 2080 164 2115 27·
335 2028 719 2094 ἀπηλλαγμένος·
774 2034 800 2056 “
826 2025 1117 2095 Ἐξελέξατο
1168 2022 1261 2090 γὰρ
1312 2025 1336 2073 ὁ
1380 2021 1501 2075 Θεὸς
1546 2020 1604 2070 τὰ
1654 2018 1790 2085 μωρὰ
1841 2023 1924 2069 τοῦ

335 2118 363 2140 “
389 2111 591 2175 κόσμου,
636 2109 755 2160 κατὰ
795 2108 879 2172 τὴν
925 2114 1008 2159 τοῦ
1050 2107 1250 2157 Παύλου
1295 2103 1471 2173 φωνὴν,
1516 2103 1591 2153 ἵνα
1633 2100 1925 2168 καταισχύνῃ

335 2201 363 2222 “
390 2192 498 2246 τοὺς
546 2191 778 2259 σοφούς.”
845 2192 1174 2256 κατεχρήσατο
1226 2188 1383 2237 τοίνυν
1426 2189 1492 2254 τῷ
1542 2187 1624 2247 τῆς
1675 2186 1924 2251 παροιμίαις

338 2273 550 2338 ὀνόματι·
611 2277 751 2323 καλεῖ
795 2271 888 2337 γὰρ
935 2272 1056 2321 οὕτω
1100 2269 1185 2332 τὴν
1227 2266 1528 2334 παραβολήν·
1594 2265 1718 2332 τάχα
1762 2263 1811 2314 δὲ
1853 2263 1924 2314 ὅτι

338 2355 560 2420 μέμικταί
586 2377 686 2407 πως
722 2354 791 2402 ἀεὶ
826 2357 921 2402 τῶν
947 2350 1170 2402 τοιούτων
1205 2351 1229 2399 ὁ
1270 2346 1513 2416 χαρακτὴρ
1552 2348 1627 2397 καὶ
1662 2346 1716 2396 δι’
1746 2347 1924 2413 ἀμφοῖν

117 2455 204 2490 639
220 2452 270 2488 A.
299 2440 403 2491 ειὼς
442 2438 495 2488 δι’
531 2434 631 2488 ἑνὸς
670 2439 837 2485 νοεῖται
876 2432 930 2484 τὸ
970 2431 1274 2497 δηλούμενον.
1332 2428 1462 2493 πλὴν
1493 2426 1635 2478 ἐκεῖνό
1675 2432 1832 2495 φαμεν
1863 2428 1924 2479 ὡς

341 2517 658 2583 ἀποθαυμάζει
690 2515 886 2585 σφόδρα
912 2513 998 2578 τὴν
1026 2518 1120 2565 τῶν
1144 2513 1384 2564 Ἰουδαίων
1410 2510 1668 2561 ἀσυνεσίαν
1696 2511 1720 2560 ὁ
1746 2509 1920 2559 θεσπέ-

341 2621 446 2652 σιος
473 2597 855 2664 Εὐαγγελιστής.
899 2599 961 2650 ὡς
996 2594 1090 2662 γὰρ
1126 2593 1243 2659 αὐτὴ
1281 2598 1374 2645 τῶν
1403 2589 1696 2659 πραγμάτων
1729 2591 1757 2653 ἡ
1790 2595 1927 2655 πεῖρα

343 2680 717 2747 διαμαρτύρεται,
753 2679 943 2746 πέτραις
982 2677 1010 2743 ὴ
1049 2676 1231 2746 σιδήρῳ
1269 2675 1615 2742 παραπλησίαν
1646 2672 1809 2740 ἔχουσι
1843 2671 1928 2735 τὴν

391 2832 425 2865 3.
441 2820 672 2855 ἆποστολικὸν
689 2826 722 2853 et
739 2819 959 2864 εὐαγγελικὸν
976 2818 1068 2852 inter
1086 2829 1121 2851 se
1139 2816 1338 2861 transponit
1356 2827 1385 2849 a.
1482 2823 1514 2856 5.
1534 2816 1573 2857 τῇ
1593 2814 1817 2856 assumptum
1835 2823 1876 2845 ex
1895 2823 1926 2845 a.

349 2877 402 2911 13.
429 2867 640 2901 κατατίθεται
660 2866 701 2901 Β.
721 2865 839 2899 Holst.
857 2865 1094 2899 καταπείθεται
1117 2863 1317 2897 emendavit
1334 2867 1426 2895 recte
1449 2867 1488 2894 ut
1505 2860 1574 2895 vid.
1594 2858 1688 2893 Aub.
1707 2858 1750 2892 ef.
1770 2858 1927 2891 καταπεί-

345 2913 467 2947 θεσθαι
486 2925 592 2957 supra
610 2926 642 2957 p.
657 2924 736 2958 209,
754 2912 814 2946 lin.
832 2922 886 2956 27.
1005 2923 1059 2955 23.
1085 2909 1214 2955 τοίνυν]
1234 2909 1270 2943 δέ
1288 2908 1431 2943 ἐνταῦθα
1448 2919 1478 2941 a.
1600 2915 1655 2950 27.
1681 2905 1928 2948 ἀποθαυμάζειν

348 2958 389 2992 B.
412 2959 474 2993 Ht.
493 2960 691 2994 emendavit
708 2971 725 2993 e
745 2959 822 2993 Cat.
841 2964 880 2993 ut
897 2957 968 2993 vid.
987 2958 1081 2992 Aub.

1927 593 1949 632 5

1935 1007 1983 1034 10

1943 1959 1992 1986 20
