2022 3272
144 161 313 218 xiv.31.
406 166 479 207 IN
523 168 565 208 S.
599 170 939 214 JOANNEM.
1004 176 1129 219 LIB.
1166 180 1216 220 X.
1279 182 1411 223 (JAl’.
1450 186 1480 225 Ι.
1649 190 1725 228 531

143 271 395 338 ἀρχιερέων
425 279 838 344 εἷσκεκομισμενον
870 284 980 347 ἡμῖν
1010 288 1253 358 εΗπιδειξας,
1282 294 1404 343 οὕτω
1440 295 1591 362 φησίν
1619 303 1644 326 “
1667 301 1730 348 Οἱ
1793 303 1952 387 ζΧῖῙίἕῑὲξΪ

144 357 172 381 “
198 352 246 404 δε
289 356 515 423 ἀρχιερεῖς
559 362 634 411 καὶ
681 361 734 412 τὸ
779 366 1024 432 συνεδριον
1065 369 1178 420 ὅλον
1220 371 1406 437 ἐζήτουν
1448 379 1726 444 ψευδομαρ·
1793 388 1844 419 ⁶0·
1896 378 1902 385 ⁸
1939 372 1945 383 '

143 437 359 502 “τυριάν
393 440 514 491 κατὰ
551 448 634 493 τοῦ
668 448 957 511 Χριστοῦ,”’
932 473 1060 504 οπως
1097 452 1239 505 αὐτὸν
1275 457 1612 523 θανατώσωσι,
1655 464 1731 512 καὶ

143 518 284 585 “οὐχ
333 519 482 587 εὑρον,
522 530 723 577 πολλῶν
767 531 1139 596 προσελθόντων
1184 539 1633 635 ψευδομαρτύρωνΫ
1692 548 1729 594 εἰ

98 597 236 665 5γάρ
286 604 362 652 καὶ
411 605 466 654 δι’
507 607 770 674 ἀνθρώπων
809 611 1006 678 ἐζητεῖτο
1058 615 1117 666 τὰ
1169 641 1257 669 κατ
1311 620 1469 682 αὐτὸν,
1513 625 1624 674 ἀλλ’
1667 628 1729 679 ὡς

140 680 359 747 ὀργάνοις
415 688 491 737 καὶ
547 690 798 758 ὑπουργοῖς
861 718 944 759 της
1001 697 1200 764 ἐνούσης
1258 703 1383 753 αὐτῶ
1438 708 1728 805 δυστροπιας

139 763 308 831 ἐχρῆτο
346 767 371 817 ὁ
399 769 649 867 Ηδιάβολος,
685 797 760 825 και
799 776 938 832 αὐτὸς
976 778 1033 843 ἧν
1063 786 1255 845 μᾶλλον
1287 809 1407 852 ηπερ
1445 788 1597 854 ἕτερός
1634 814 1721 855 τις,
1747 802 1773 843 b

139 847 164 897 ὁ
205 848 351 914 εὑρεῖν
386 851 435 901 ἐν
473 854 599 904 αὐτῶ
639 855 787 922 ζητῶν
825 862 1170 961 πλημμέλημα.
1227 868 1394 919 οὐκοῦν
1432 871 1669 970 ἀληθὲς,
1656 873 1727 924 ότι

137 932 233 979 τῶν
271 932 397 983 ἱδιων
434 932 545 986 οὐδὲν
579 934 699 1033 εἶχεν
735 941 758 990 ὁ
799 942 1023 1003 διάβολος
1063 948 1111 996 ἐν
1149 949 1286 1018 αὐτῶ,
1325 974 1378 1001 ον
1410 955 1486 1003 καὶ
1520 953 1727 1023 ἄρχοντα

67 1025 117 1051 10
138 1035 207 1062 του
239 1036 406 1081 κοῦ-μου
444 1016 563 1082 πρὸς
595 1019 649 1070 τὸ
684 1044 838 1089 παρον
870 1024 1130 1092 ὠνόμασεν,
1158 1031 1245 1098 οὐχ
1285 1034 1346 1086 ὡς
1385 1036 1574 1099 ἀληθῶς
1613 1037 1727 1088 ὄντα

135 1092 391 1160 δεσπότην,
418 1100 529 1151 ἀλλ’
558 1098 723 1169 ὡσπερ
749 1105 853 1156 τινὰ
880 1112 974 1158 τῶν
1001 1111 1255 1177 ἀλιτηριων
1280 1116 1555 1183 βαρβάρων,
1581 1127 1726 1170 πλεο-

134 1175 291 1244 νεξίας
329 1178 458 1249 νόμω
502 1183 808 1249 κρατήσαντα
851 1193 945 1240 τῶν
984 1193 1082 1242 κατ’
1117 1194 1278 1246 οὐδενα
1316 1197 1493 1262 τρόπον
1530 1223 1719 1266 προση-

132 1256 314 1311 κόντων
345 1263 484 1331 αὐτῶ.
542 1266 620 1332 ὑφ’
650 1268 798 1319 εαυτῶ
835 1269 929 1337 γὰρ
970 1274 1227 1339 ἐποιήσατο
1268 1278 1343 1328 διὰ
1378 1283 1460 1375 της
1494 1282 1723 1348 ἁμαρτιας

133 1362 216 1391 τον
241 1342 507 1410 ἄνθρωπον,
534 1349 609 1398 καὶ
638 1372 801 1416 ωσπερ
834 1352 939 1404 τινὰ
965 1378 1168 1421 ποιμνην
1195 1360 1570 1427 ἀνεπιστατητον
1596 1367 1719 1417 ἀπο-

64 1433 111 1472 Ι5
131 1425 441 1489 βουκολήσας
467 1431 593 1480 Θεου
620 1435 714 1482 τῶν
740 1434 1056 1502 ἀλλοτρίων’
1034 1461 1228 1504 εκρατει.
1272 1443 1511 1511 τοιγάρτοι
1538 1470 1611 1498 και
1639 1451 1722 1512 τῆς

132 1506 253 1557 οὕτω
291 1511 603 1609 πορισθεισης
643 1515 791 1582 ἀρχῆς
832 1518 1017 1573 δικαιως
1056 1522 1353 1587 ἐκβεβληται.
1402 1529 1759 1588 βεβασίλευκεο

130 1586 224 1654 γὰρ
271 1591 333 1658 ἐφ
384 1591 505 1655 ἡμᾶς
550 1594 575 1644 ὁ
620 1596 848 1661 Χριστος,
889 1599 960 1651 διό
1007 1605 1130 1670 φησι
1172 1610 1325 1658 “Νῡν
1363 1610 1388 1659 ὁ
1433 1611 1593 1679 ἅρχων
1634 1636 1717 1664 του
1778 1612 1906 1696 {ij'g‘}

129 1670 365 1735 “κόσμου
405 1673 574 1727 τούτου
618 1678 965 1744 εκβληθήσεται
1010 1684 1115 1753 ἔξω,
1155 1688 1286 1754 κάγὼ
1324 1690 1404 1742 ἐὰν
1443 1694 1624 1762 ὑψωθῶ
1668 1696 1718 1746 ἐκ
1781 1707 1832 1738 32·

129 1755 265 1817 “τῆς
295 1757 396 1820 γῆς,
422 1756 604 1813 πάντας
636 1761 827 1813 ἑλκύσω
858 1786 978 1830 προς
1008 1767 1238 1830 ἐμαυτόν.’

58 1921 109 1948 20
556 1923 816 1983 ἘΓείρεσθε,
854 1929 1025 1979 &soom-:v
1062 1933 1272 1981 ἐντεῦθεν,

199 2032 262 2083 ‘O
287 2032 373 2096 μὲν
399 2035 552 2091 κοινὸς
589 2044 686 2094 τοῖς
724 2049 927 2099 πολλοῖς
961 2048 1036 2097 καὶ
1071 2051 1371 2115 τετριμμένος
1409 2059 1492 2105 τοῦ
1529 2078 1715 2123 προκει-

124 2135 267 2176 μενου
292 2114 490 2182 λόγος’
467 2124 613 2171 εκεῖνο
643 2122 810 2174 δίδωσι
837 2131 971 2191 νοεῖν,
999 2130 1061 2183 ὡς
1086 2132 1273 2200 ἔπειπερ
1309 2157 1333 2185 ο
1367 2138 1450 2200 τῆς
1475 2136 1714 2190 ΗΙουδαιων

124 2197 346 2251 ἀπονοίας
373 2200 632 2257 εισελοῖσας
658 2203 747 2270 ἠδη
778 2207 948 2274 καιρὸς,
975 2217 1226 2282 μονονουχὶ
1261 2217 1508 2283 πεπηγότα
1541 2221 1756 2272 λοιπὸνᾶ

123 2299 206 2328 τον
245 2302 398 2342 τιμιον
440 2289 524 2334 τοῦ
570 2288 791 2353 Σωτῆρος
833 2289 1102 2344 ἐπιδεικνύει
1145 2318 1369 2364 σταυρον,
1411 2304 1473 2354 εἷς
1515 2303 1712 2358 ἐκείνους

55 2376 103 2415 25
123 2357 397 2429 ἀποτρέχειν
421 2386 528 2418 τους
554 2365 728 2422 τόπους
754 2371 871 2434 ὁμοῦ
895 2377 990 2426 τοῖς
1027 2376 1177 2442 ἁγίοις
1210 2383 1496 2475 μαθηταῖς’
1471 2385 1708 2450 ηπείγετο,

134 2441 146 2455 ,
877 2455 888 2469 e

537 2446 550 2462 Χ
651 2449 662 2463 Q
761 2455 781 2465 Α

121 2527 312 2590 σπεῖρα.
366 2548 442 2577 και
477 2529 673 2584 πιθανος
705 2555 791 2595 μεν
822 2535 847 2584 ὁ
884 2542 1004 2590 νοῦς·
1044 2539 1175 2604 πλὴν
1206 2542 1324 2596 εικός
1357 2567 1406 2594 τε
1442 2548 1517 2596 καὶ
1553 2547 1709 2613 ε’τερον

119 2604 296 2656 ἐθελειν
335 2607 617 2674 ὑποδηλοῦν,
652 2635 965 2678 πνευματικον
1004 2621 1223 2683 δηλονότι
1261 2647 1337 2675 και
1377 2648 1704 2693 κεκρυμμενον.

119 2685 206 2750 τὴν
230 2686 324 2755 γὰρ
357 2689 466 2758 ἐξ
445 2713 601 2758 ετερου
635 2693 759 2748 τινὸς
794 2719 912 2763 προς
947 2699 1102 2767 ἕτερόν
1127 2725 1171 2753 τι
1195 2704 1493 2767 μετάστασιν
1518 2732 1594 2760 και
1620 2711 1706 2775 τὴν

50 2790 101 2827 30
119 2767 170 2819 ἐκ
194 2773 288 2821 τῶν
310 2770 534 2838 χειρόνων
560 2797 623 2828 εις
656 2776 709 2826 τὸ
745 2777 934 2841 ἀμεινον
960 2783 1252 2850 ἀποδρομην,
1282 2789 1336 2838 δι’
1365 2790 1507 2841 αὐτοῦ
1540 2814 1591 2843 τε
1627 2817 1702 2845 και
1721 2817 1742 2844 e

169 2930 221 2953 11.
243 2921 410 3002 βίρβάρῳ
429 2922 472 2957 Ε
620 2937 671 2961 12.
698 2930 954 2977 προσηκόντων]
974 2934 1238 2977 προσελθόντων
1257 2937 1297 2972 Ε.
1453 2951 1507 2976 22.
1534 2943 1640 2988 λόγου
1660 2944 1701 2979 Ε.

118 2965 161 3000 ὡς
180 2976 238 3000 ΟΠ]

853 3045 971 3085 3Υ2
