2022 3272
124 147 208 186 xiii.
235 148 296 187 18.
507 148 578 187 IN
621 148 661 186 S.
697 145 1035 186 JOANNEM.
1101 144 1223 184 L113.
1260 144 1337 183 lx.
1628 141 1711 181 :359

123 252 181 317 ἧν
218 254 303 318 μὲν
340 255 432 321 γὰρ
471 257 520 306 ἐν
557 256 846 323 παραδείσῳ,
884 256 959 304 καὶ
998 255 1046 303 ἐν
1085 257 1185 305 ταῖς
1225 251 1449 302 ἀνωτάτω
1489 255 1707 317 τρυφαῖς,

122 341 452 399 πνευματικαῖς
479 337 699 401 δηλονότι
726 339 801 387 καὶ
828 336 945 404 δόξῃ
972 339 1030 401 τῇ
1058 333 1188 400 παρὰ
1215 338 1337 402 Θεῷ.
1391 335 1467 383 καὶ
1494 332 1713 394 διέμεινεν

123 416 181 467 ἂν
218 420 265 467 ἐν
304 423 400 472 τοῖς
438 419 648 486 ἀρχαίοις
687 422 770 482 τῆς
812 418 1004 487 φύσεως
1047 419 1256 481 ἀγαθοῖς,
1296 420 1333 465 εὶ
1375 414 1440 478 μὴ
1481 414 1713 478 τέτραπτο

122 498 241 565 πρὸς
279 500 554 551 ἀπόστασιν
591 503 665 551 καὶ
703 499 960 566 παρακοὴν,
996 497 1302 560 ἀβουλότατα
1338 495 1593 562 παρελθὼν
1629 493 1714 556 τὴν

82 583 449 647 5διορισθεῖσαν
482 582 677 646 ἐντολὴν
713 583 906 633 ἄνωθεν.
959 582 1080 631 οὕτω
1120 579 1300 647 κε’χρικε
1340 578 1422 629 τὸν
1451 576 1613 628 Σαοὺλ
1652 579 1714 628 εἰς

124 663 347 725 βασιλέα·
405 663 460 728 ἧν
491 664 576 728 μὲν
609 664 702 730 γὰρ
742 667 789 714 ἐν
824 666 991 731 ἀρχαῖς
1031 664 1084 713 οὐ
1124 668 1308 730 φαῦλος
1347 660 1478 727 α’νὴρ,
1507 659 1752 727 ὸφθένταο

124 746 274 812 γεμὴν
301 745 451 797 οὐκέτι
486 752 697 797 τοιοῦτον
724 746 926 810 μεθίστη
955 748 1038 809 τῆς
1071 744 1213 811 δόξης
1249 746 1324 795 καὶ
1351 746 1433 807 τῆς
1459 742 1714 802 βασιλίδος

125 831 274 892 τιμῆς.

201 912 369 963 Οὕτως
419 909 675 979 ἐπελέξατο
724 910 807 960 τὸν
851 908 1050 971 Ἰούδαν,
1099 911 1175 959 καὶ
1227 913 1324 961 τοῖς
1374 909 1523 974 ἁγίοις
1574 905 1716 957 αὑτὸν

61 1013 108 1038 10
126 991 311 1061 ἀνέμιξε
357 997 604 1057 μαθηταῖς,
650 991 915 1056 ἐπιτηδείως
961 991 1131 1058 ἔχοντα
1176 990 1397 1055 δηλονότι
1439 988 1558 1056 πρὸς
1599 991 1710 1039 ἁκο-

125 1073 359 1138 λούθησιν
404 1077 451 1125 ἐν
496 1075 675 1142 ἀρχαῖς.
749 1072 906 1136 ἐπειδὴ
950 1073 998 1123 δὲ
1045 1071 1165 1123 κατὰ
1212 1071 1371 1139 βραχὺ
1415 1070 1643 1138 πειράζων
1692 1071 1717 1120 ὁ

128 1160 344 1210 Σατανᾶς
375 1162 474 1210 ταῖς
511 1156 887 1224 αἱσχροκερδιάις
918 1155 1353 1222 προσεχειρώσατο,
1383 1154 1628 1217 νικηθέντα
1653 1158 1719 1222 τῷ

127 1238 280 1301 πάθει,
315 1241 390 1289 καὶ
428 1238 666 1304 προδότην
706 1239 760 1288 δι’
802 1236 915 1288 αὐτὸ
954 1236 1200 1302 γεγονότα,
1234 1235 1405 1287 λοιπὸν
1443 1236 1713 1286 ἀπεώσατο.
1776 1232 1779 1233 ⁷

128 1320 261 1371 οὐδὲν
287 1321 369 1371 οὖν
394 1320 486 1387 ἄρα
519 1321 639 1387 πρὸς
673 1318 755 1371 τὸν
783 1317 1136 1387 ἐπιλεξάμενον.
1190 1317 1247 1382 ἧν
1274 1317 1366 1384 γὰρ
1402 1320 1449 1368 ἐν
1476 1318 1632 1386 ἐκείνω
1665 1316 1719 1367 τὸ

64 1414 111 1453 15
130 1402 361 1454 δύνασθαι
387 1402 451 1467 μὴ
478 1406 732 1465 διαπεσεῖν,
760 1403 969 1470 ἑλομένῳ
997 1400 1217 1464 δηλονότι
1244 1400 1303 1450 τὰ
1329 1398 1715 1465 πρεπωδέστερα,

129 1483 249 1548 ὅλην
284 1508 332 1535 τε
373 1484 457 1548 τὴν
493 1486 613 1535 ἰδίαν
647 1485 938 1547 μετατιθέντι
974 1484 1180 1534 διάνοιαν
1207 1485 1270 1536 εἰς
1308 1480 1362 1534 τὸ
1401 1484 1570 1549 χρῆναι
1608 1490 1766 1546 γνη-(1

130 1566 247 1620 σίως
273 1568 599 1630 ἀκολουθῆσαι
627 1570 843 1635 Χριστῷ.

205 1652 288 1702 Εἰς
327 1648 381 1698 δέ
414 1671 467 1714 γε
506 1653 600 1699 τῶν
631 1647 950 1714 προκειμένων
981 1646 1035 1698 τὸ
1076 1647 1233 1714 ἕτερον
1265 1644 1409 1697 ἐκεῖνό
1450 1650 1606 1713 φαμεν
1635 1643 1722 1707 Μὴ

131 1730 225 1797 γάρ
259 1754 326 1784 τις
359 1730 544 1793 οἰέσθω,
573 1730 693 1781 κατὰ
728 1729 814 1794 τὴν
840 1734 981 1781 τινῶν
1006 1730 1254 1792 ἀβουλίαν,
1282 1727 1357 1778 διὰ
1387 1733 1526 1778 τοῦτο
1561 1726 1718 1794 διεξά-

64 1837 114 1862 20
131 1816 301 1878 γεσθαι
346 1812 464 1878 πρὸς
503 1813 648 1879 πέρας
689 1812 747 1864 τὰ
787 1812 903 1879 ἔργα
942 1811 1000 1863 τὰ
1040 1811 1475 1880 κεχρησμῳδημένα
1516 1808 1591 1859 διὰ
1629 1813 1723 1859 τῶν

133 1895 281 1959 ἁγίων
305 1899 580 1962 προφητῶν,
606 1894 683 1945 ἵνα
717 1898 1008 1959 πληρωθεῖεν
1041 1897 1087 1944 αἱ
1126 1893 1325 1960 γραφαί.
1376 1896 1413 1942 εἰ
1450 1890 1544 1956 γὰρ
1583 1889 1722 1940 τοῦτό

132 1977 263 2026 ἐστιν
289 1977 474 2039 ἀληθὲς,
502 1976 634 2027 οὐδὲν
661 1975 785 2029 ὅλως
813 1975 1099 2026 διακωλύσει
1124 1973 1232 2027 τοὺς
1257 1978 1354 2026 τοῖς
1381 1971 1723 2038 γεγραμμένοις

133 2058 396 2122 ἀναγκαίως
447 2058 849 2123 ὑπηρετήσαντας,
901 2058 983 2107 οὐκ
1041 2054 1415 2124 ἀπροφάσιστον
1466 2054 1588 2122 ἔχειν
1637 2053 1724 2117 τὴν

133 2140 378 2206 ἁμαρτίαν,
412 2144 603 2204 μᾶλλον
643 2139 690 2190 δὲ
729 2140 829 2190 οὐδ’
871 2138 995 2192 ὅλως
1033 2137 1500 2202 πεπλημμεληκέναι.
1556 2139 1591 2185 εἰ
1630 2135 1724 2201 γὰρ

67 2236 114 2275 25
133 2221 221 2272 ἔδει
252 2220 567 2287 πληρωθῆναί
599 2226 764 2290 φησιν,
792 2222 886 2287 ἐρεῖ
915 2243 998 2283 τις,
1025 2221 1291 2286 ἐπληροῦτο
1327 2218 1375 2269 δὲ
1411 2217 1487 2269 διὰ
1520 2217 1720 2279 τούτων,
1743 2245 1765 2271 e

134 2307 177 2354 οἱ
202 2304 257 2353 δι’
286 2301 350 2353 ὧν
376 2303 467 2369 ἄρα
491 2302 831 2369 πεπλήρωνται
864 2301 1026 2366 πάσης
1058 2301 1114 2352 ἂν
1141 2299 1230 2352 εἷεν
1256 2301 1448 2364 εὐθύνης
1475 2298 1722 2366 ἐλεύθεροι.

472 2387 486 2403 Χ

134 2384 297 2438 ἄλλως
332 2408 380 2436 τε
412 2408 488 2436 και
515 2392 541 2413 “
563 2384 774 2438 διάκονος
801 2385 1061 2451 ἁμαρτίας”
1089 2384 1117 2448 ἡ
1144 2384 1245 2433 θεία
1272 2381 1328 2446 δὴ
1363 2381 1552 2435 πάντως
1583 2404 1718 2432 κατε·
1788 2393 1910 2425 Gal-ii-

135 2466 329 2535 φαίνετο
359 2465 536 2535 γραφὴ,
564 2471 784 2517 καλοῦσα
821 2465 1035 2531 καθάπερ
1072 2466 1120 2515 ἐκ
1154 2467 1264 2525 βίας
1299 2468 1360 2517 εἰς
1395 2462 1545 2514 ἐκεῖνά
1578 2486 1722 2521 τινας,
1793 2448 1840 2477 ¹⁴⁸

135 2546 165 2597 ἃ
207 2549 425 2598 ἐλαλεῖτο
478 2546 532 2597 δι’
580 2549 735 2611 αὐτῆς,
782 2548 858 2598 ἵνα
902 2550 977 2597 καὶ
1022 2551 1085 2599 εἰς
1128 2546 1274 2612 πέρας
1319 2545 1423 2609 ἥκοι
1470 2545 1523 2595 τὸ
1572 2544 1725 2595 πάλαι

68 2646 116 2682 30
134 2629 487 2697 πεφωνημένον.
548 2627 659 2677 ἀλλ’
689 2626 816 2691 οἶμαι
851 2628 1004 2682 πολὺς
1037 2629 1112 2679 ἐπὶ
1146 2628 1298 2696 τούτῳ
1333 2629 1415 2689 τῆς
1451 2626 1726 2693 δυσφημίας

187 2739 215 2761 Ι.
241 2726 297 2771 ἦν]
318 2726 392 2760 ἐστι
412 2725 452 2759 Ε.
643 2725 676 2758 6.
703 2724 758 2770 ἦν]
779 2726 855 2759 ἔστι
874 2725 915 2759 Ε.
1101 2736 1134 2769 9.
1161 2722 1286 2769 ἁγίοις]
1306 2723 1408 2756 ἄλλοι
1429 2723 1481 2767 (=
1500 2723 1620 2757 ἄλλοις
1633 2722 1661 2766 ἓ)
1682 2722 1724 2757 Ε.

140 2785 193 2816 14.
220 2772 275 2818 ἦν]
291 2774 366 2807 ἔστι
386 2773 426 2806 Ε.
526 2783 580 2816 23.
607 2771 799 2816 ἀναγκαίοις
819 2771 924 2806 Cord.
943 2771 1136 2815 ἀναγκαίοις
1152 2770 1396 2814 γεγραμμένοις
1415 2781 1443 2804 c.
1462 2768 1523 2802 sed
1541 2769 1727 2814 ἀναγκαίως

136 2820 241 2855 habet
258 2832 288 2853 a.
354 2820 414 2853 οὐκ
432 2831 501 2853 om.
517 2818 596 2862 (Sic)
614 2817 706 2851 Catt.
806 2829 860 2860 24.
888 2817 958 2851 οὐδ’
978 2818 1066 2852 ὅλως
1086 2817 1126 2850 Ε.
1146 2817 1299 2859 οὐδαμῶς
1318 2815 1384 2851 Ed.
1481 2824 1535 2859 27.
1563 2815 1726 2859 ἁμαρτίας

137 2867 210 2901 τισί
226 2866 381 2911 γίνεσθαι
402 2866 567 2909 πρόξενον
585 2865 704 2898 οὐκοῦν
723 2866 877 2899 καλοῦσα
899 2863 1155 2909 [τισί-οὐκοῦν
1172 2875 1212 2896 ex
1239 2863 1328 2896 infra
1348 2861 1443 2907 (360,
1463 2862 1498 2906 3)
1520 2862 1574 2895 hic
1601 2863 1725 2906 posita,

140 2913 265 2947 deinde
283 2913 422 2957 punctis
440 2910 587 2956 notata.]
609 2912 650 2945 E.
776 2911 831 2946 28.
858 2911 904 2947 εἷς
921 2922 991 2945 om.
1010 2922 1073 2945 a.c.
1093 2909 1200 2945 Cord.
1218 2909 1322 2944 habet
1340 2909 1374 2944 b.
1440 2922 1513 2943 τινα
1531 2908 1598 2943 b.c.
1619 2908 1724 2943 Cord.

140 2966 305 2994 neutrum
322 2959 427 2994 habet
444 2970 474 2993 a.
