2037 3266
260 119 345 160 390
663 122 716 164 B.
749 121 1025 164 CYRILLI
1066 122 1450 165 ALEXANDR.
1677 124 1764 165 xiii.
1784 133 1850 178 35.

258 228 308 278 ἐν
349 229 475 298 αὐτῷ
518 229 612 297 γὰρ
650 230 877 300 συνήφθη
916 230 975 282 τὰ
1016 230 1187 296 πάντα,
1226 231 1286 282 τὰ
1326 232 1453 284 κάτω
1492 237 1587 286 τοῖς
1626 233 1738 294 ἅνω,
1777 233 1853 282 καὶ

259 310 315 360 δι’
342 311 487 362 αὑτοῦ
524 312 899 379 κατηλλάγημεν
932 317 998 383 τῷ
1031 318 1140 383 Θεῷ
1174 317 1250 365 καὶ
1279 317 1451 381 Πατρὶ,
1477 315 1626 366 καίτοι
1659 311 1854 377 πολλὴν

258 392 306 441 ἐν
348 394 516 461 ἀρχαῖς
560 394 950 460 ἐπιτηδεύσαντες
995 394 1081 459 τὴν
1118 396 1409 459 ἀπόστασιν,
1449 395 1525 447 διὰ
1565 394 1652 460 τὴν
1690 399 1753 449 εἷς
1798 394 1852 446 τὸ

35 487 122 523 754
136 487 188 522 A.
219 477 452 543 αφαῦλον
491 476 781 543 ἀποδρομὴν,
818 479 895 528 καὶ
933 481 997 530 εἷς
1035 477 1118 528 δύο
1155 477 1270 529 ποτὲ
1307 479 1643 545 μεμερισμένοι
1687 476 1849 538 λαοὺς,

32 558 119 599 Eph.
135 559 169 591 ii.

36 610 86 640 15.

34 645 153 686 Ib.14.

39 2455 57 2476 2
70 2446 144 2477 Cor.

36 2500 105 2521 xm.
126 2498 154 2530 3.

260 555 324 610 ε’ίς
360 580 410 608 τε
445 557 505 609 τὰ
543 558 652 622 ε”θνη
691 560 768 608 καὶ
805 557 889 609 τὸν
922 557 1140 624 Ἰσραὴλ,
1178 563 1243 614 εἷς
1283 560 1364 611 ἕνα
1402 559 1563 611 καινὸν
1601 559 1894 626 ἄνθρωπον5

258 640 545 704 ἐκτίσθημεν
570 642 618 690 ἐν
645 642 789 709 αὐτῷ·
833 639 1030 691 λέλυται
1060 640 1155 707 γὰρ
1186 641 1241 692 τὸ
1267 642 1552 709 μεσότοιχον
1577 647 1661 693 τοῦ
1687 645 1848 710 φραγ-

257 727 367 785 μοῦ,
397 724 473 772 καὶ
500 720 793 788 κατήργηται
819 725 901 786 τῆς
936 722 1109 790 ἔχθρας
1142 723 1170 786 ἡ
1207 723 1416 788 δύναμις,
1442 723 1682 789 δόγμασιν
1708 724 1848 788 εὐαγ-

257 807 466 868 γελικοῖς
504 804 947 870 κατασιγασθέντος
983 810 1066 855 τοῦ
1103 804 1266 868 νόμου·
1309 810 1411 859 πῶς
1446 805 1504 856 ἂν
1535 806 1854 872 ἐγνώσθησαν

257 885 330 936 ὅτι
371 888 456 950 τῆς
505 884 689 953 εἰρήνης
738 885 971 952 γεγόνασι
1023 889 1231 951 μαθηταὶ
1281 891 1326 938 οἱ
1369 887 1456 952 τὴν
1497 892 1560 942 εὶς
1608 887 1854 952 ἀλλήλους

258 965 445 1033 εἰρήνην
470 968 554 1019 οὐκ
581 968 767 1036 ἔχοντες
790 991 802 1031 3
848 970 897 1020 τί
919 968 1013 1034 γὰρ
1038 968 1198 1035 ἕτερον
1223 968 1292 1034 εἰἠ
1318 968 1464 1037 τυχὸν
1490 971 1515 1021 ὁ
1549 973 1633 1034 τῆς
1665 968 1854 1035 ἀγάπης
1877 990 1925 1017 ιο

259 1048 582 1114 διασπασμὸς,
619 1049 648 1116 ἢ
687 1051 903 1115 πολέμου
942 1051 1128 1117 γένεσις
1160 1053 1236 1102 καὶ
1275 1051 1457 1118 εἰρήνης
1493 1050 1736 1118 ἀνατροπὴ
1776 1052 1853 1101 καὶ

259 1132 485 1199 διψυχίας
535 1132 729 1197 ἀπάσης
779 1135 998 1200 εὕρεσις;
1060 1131 1225 1201 ὥσπερ
1280 1133 1375 1200 γὰρ
1431 1135 1480 1185 ἐν
1528 1135 1727 1201 ἀῤῥαγεῖ
1769 1136 1854 1198 τῆς

212 1222 240 1262 b
260 1211 449 1278 ἀγάπης
475 1216 733 1285 συνδέσμῳ
759 1215 819 1267 τὰ
844 1218 892 1268 ἐκ
918 1219 1002 1280 τῆς
1028 1215 1211 1282 εἰρήνης
1238 1216 1348 1280 ἡμῖν
1374 1214 1533 1282 ἀγαθὰ
1559 1214 1851 1281 διασώζεται·

258 1294 343 1346 τὸν
369 1294 512 1348 αὐτὸν
538 1294 667 1361 οἶμαι
693 1297 872 1364 τρόπον
897 1299 946 1348 ἐν
971 1301 1030 1366 τῇ
1056 1300 1140 1361 τῆς
1164 1297 1353 1363 ἀγάπης
1380 1301 1583 1365 διακοπῇ
1614 1296 1668 1348 τὸ
1693 1299 1742 1348 ἐκ
1768 1302 1853 1348 τοῦ

258 1377 472 1442 πολέμου
510 1379 654 1430 κακὸν
691 1381 1039 1446 παρεισδύεται.
1106 1381 1183 1431 καὶ
1221 1380 1270 1430 τί
1303 1379 1357 1431 τὸ
1395 1382 1638 1443 ἐντεῦθεν;
1696 1381 1852 1446 ὕβρεις
1876 1404 1924 1443 15

259 1462 335 1510 καὶ
380 1462 662 1528 φιλονεικίαι
705 1464 780 1512 καὶ
820 1462 958 1527 ζῆλοι
997 1464 1074 1513 καὶ
1113 1463 1251 1528 ὀργαὶ
1289 1465 1366 1513 καὶ
1405 1465 1546 1527 θυμοὶ
1584 1463 1661 1514 καὶ
1699 1464 1849 1530 ψιθυ-

257 1545 422 1608 ρισμοὶ
448 1545 523 1594 καὶ
550 1546 837 1595 καταλαλιαὶ
862 1546 939 1595 καὶ
965 1543 1136 1613 φθόνοι
1167 1545 1243 1595 καὶ
1274 1549 1370 1596 πᾶν
1396 1543 1515 1599 εἶδος
1550 1543 1853 1614 φαυλότητος

218 1670 229 1675 ι
258 1625 584 1694 ἀναφαίνεται.

329 1707 555 1771 Ἀπάσης
580 1714 829 1775 τοιγαροῦν
857 1711 1023 1775 ἀρετῆς
1052 1710 1102 1760 ἐν
1128 1712 1194 1779 τῷ
1222 1712 1305 1773 τῆς
1332 1709 1522 1775 ἀγάπης
1549 1709 1657 1760 εἴδει
1691 1732 1741 1760 τε
1778 1709 1855 1760 καὶ

257 1786 419 1859 τρόπῳ
445 1791 952 1858 συγκεφαλαιουμένης
979 1815 1028 1843 τε
1055 1793 1131 1842 καὶ
1158 1791 1504 1857 πληρουμένης,
1532 1790 1597 1855 μὴ
1628 1791 1753 1858 μέγα
1784 1812 1855 1844 τις
1875 1815 1925 1843 20

258 1872 488 1938 φρονείτω
527 1876 622 1923 τῶν
659 1874 708 1923 ἐν
743 1874 854 1937 ἡμῖν
892 1874 960 1924 ἐπ’
998 1874 1202 1926 ἀσιτίαις
1252 1875 1328 1925 καὶ
1372 1874 1664 1942 χαμευνίαις,
1706 1873 1855 1938 ἤγουν

218 1954 329 2021 οε’φ’
369 1954 541 2020 ἑτέροις
579 1957 679 2005 τισὶ
717 1960 812 2006 τῶν
849 1956 907 2024 ἐξ
943 1955 1195 2020 ἀσκήσεως
1233 1956 1412 2017 πόνοις,
1451 1960 1489 2007 εἰ
1527 1956 1593 2020 μὴ
1632 1954 1855 2021 διασώζοι

256 2039 416 2089 καλῶς
451 2036 537 2101 τὴν
573 2041 634 2091 εἷς
668 2037 751 2088 τὸν
785 2037 999 2105 ἀδελφὸν
1027 2037 1288 2104 ἀγάπησιν.
1342 2038 1434 2107 ἔξω
1473 2037 1567 2104 γὰρ
1605 2044 1689 2089 τοῦ
1727 2061 1848 2102 καμ·

255 2120 434 2184 πτῆρος
460 2122 543 2183 τῆς
571 2119 756 2183 νύσσης
791 2120 995 2188 φέρεται,
1024 2120 1144 2171 κατὰ
1179 2119 1286 2174 τοὺς
1320 2125 1416 2171 τῶν
1442 2120 1644 2188 ἡνιόχων
1670 2122 1851 2184 ἀμαθε-

257 2198 466 2266 στέρους,
495 2202 863 2261 ὑπο[π]λανᾶται
889 2201 936 2252 δὲ
963 2201 1252 2268 κυβερνήτου
1279 2203 1428 2267 δίκην,
1458 2201 1508 2256 ὃς
1539 2202 1633 2270 ἔχει
1659 2201 1746 2265 μὲν
1771 2204 1855 2266 τῆς
1875 2222 1924 2261 25

260 2280 372 2334 νεὼς
396 2281 450 2332 τὸ
476 2282 725 2346 πηδάλιον,
752 2283 835 2333 τὸν
862 2281 1013 2349 γεμὴν
1038 2283 1326 2349 προτεθέντα
1351 2286 1419 2352 τῷ
1445 2282 1633 2352 διάπλῳ
1667 2282 1855 2336 σκοπὸν

259 2363 317 2432 ἐξ
339 2364 541 2427 ἀμαθίας
568 2364 622 2414 οὐ
648 2364 933 2416 διεσώσατο.
988 2364 1065 2416 διὰ
1091 2370 1231 2416 τοῦτο
1258 2366 1334 2415 καὶ
1370 2366 1394 2416 ὁ
1430 2364 1685 2432 θαρσήσας
1711 2369 1855 2416 εἰπεῖν

263 2451 289 2475 “
318 2448 377 2496 Εἰ
422 2444 618 2510 δοκιμὴν
663 2445 837 2512 ζητεῖτε
887 2452 971 2497 τοῦ
1021 2448 1069 2497 ἐν
1112 2448 1213 2510 ἐμοὶ
1260 2451 1526 2500 λαλοῦντος
1572 2451 1790 2514 Χριστοῦ
1809 2448 1852 2510 ;''

263 2529 385 2595 φημὶ
434 2526 483 2578 δὲ
525 2526 582 2592 δὴ
627 2526 711 2578 τὸν
755 2527 1015 2580 θεσπέσιον
1058 2530 1271 2591 Παῦλον,
1315 2529 1398 2579 οὐκ
1444 2530 1519 2580 ἐπὶ
1563 2532 1630 2598 τῷ
1674 2528 1855 2580 διώκειν

262 2610 442 2673 ἁπλῶς,
482 2610 592 2660 ἀλλ’
633 2610 682 2660 ἐν
719 2614 786 2679 τῷ
828 2609 949 2661 κατὰ
989 2610 1176 2662 σκοπὸν
1215 2616 1356 2662 τοῦτο
1398 2614 1514 2677 δρᾶν
1552 2609 1850 2674 ἐσεμνύνετο·
1873 2632 1923 2669 30

261 2690 315 2742 τὸ
341 2690 448 2758 γὰρ,
475 2690 618 2756 οἶμαι,
644 2696 933 2755 σωματικοῖς
960 2694 1228 2760 ἐπαυχῆσαι
1262 2691 1436 2755 πόνοις,
1463 2697 1558 2743 τῶν
1585 2696 1854 2761 κεφαλαιω-

311 2841 339 2863 1.
367 2831 475 2864 πάντα
492 2831 533 2864 τὰ
551 2836 732 2875 assumpta
749 2844 791 2865 ex
811 2832 850 2865 E.
1017 2840 1048 2874 5.
1075 2832 1203 2878 καινὸν]
1225 2832 1278 2865 καὶ
1296 2831 1377 2874 (Sic)
1398 2830 1439 2865 E.
1607 2831 1641 2865 8.
1667 2844 1852 2875 κατασιγη-

261 2876 377 2912 θέντος
397 2877 436 2911 Ε.
616 2889 649 2922 9.
676 2879 706 2911 οἱ
725 2884 949 2923 assumptum
967 2891 1008 2913 cx
1030 2880 1068 2914 E.
1238 2889 1292 2921 25.
1319 2879 1552 2912 ὑποπλανᾶται
1571 2876 1754 2911 emendavi
1772 2883 1852 2922 post

263 2922 398 2967 Migne.
419 2924 626 2958 ὑπολιινᾶται
645 2923 726 2967 (Sic)
746 2924 840 2958 Aub.
