<?xml version="1.0" encoding="UTF-8"?>
<!DOCTYPE html PUBLIC "-//W3C//DTD XHTML 1.0 Transitional//EN"
    "http://www.w3.org/TR/xhtml1/DTD/xhtml1-transitional.dtd">
<html xmlns="http://www.w3.org/1999/xhtml" xml:lang="en" lang="en">
 <head>
  <title>
</title>
<meta http-equiv="Content-Type" content="text/html;charset=utf-8" />
  <meta name='ocr-system' content='tesseract 3.04.00' />
  <meta name='ocr-capabilities' content='ocr_page ocr_carea ocr_par ocr_line ocrx_word'/>
</head>
<body>
  <div class='ocr_page' id='page_1' title='image "./operacyrilli04cyriuoft_0426.png"; bbox 0 0 2037 3266; ppageno 0'>
   <div class='ocr_carea' id='block_1_1' title="bbox 318 137 1905 187">
    <p class='ocr_par' dir='ltr' id='par_1_1' title="bbox 318 137 1905 187">
     <span class='ocr_line' id='line_1_1' title="bbox 318 137 1905 187; baseline -0.003 -7"><span class='ocrx_word' id='word_1_1' title='bbox 318 141 405 182; x_wconf 78' lang='lat'>414</span> <span class='ocrx_word' id='word_1_2' title='bbox 722 141 773 182; x_wconf 91' lang='lat' dir='ltr'>B.</span> <span class='ocrx_word' id='word_1_3' title='bbox 806 140 1087 183; x_wconf 88' lang='lat' dir='ltr'>CYRILLI</span> <span class='ocrx_word' id='word_1_4' title='bbox 1124 140 1510 182; x_wconf 88' lang='lat' dir='ltr'><strong>ALEXANDR.</strong></span> <span class='ocrx_word' id='word_1_5' title='bbox 1764 137 1847 178; x_wconf 83' lang='lat' dir='ltr'><strong>xiv.</strong></span> <span class='ocrx_word' id='word_1_6' title='bbox 1869 144 1905 187; x_wconf 91' lang='lat'>7.</span> 
     </span>
    </p>
   </div>
   <div class='ocr_carea' id='block_1_2' title="bbox 271 244 1914 959">
    <p class='ocr_par' dir='ltr' id='par_1_2' title="bbox 318 244 1908 401">
     <span class='ocr_line' id='line_1_2' title="bbox 318 244 1908 320; baseline -0.001 -19"><span class='ocrx_word' id='word_1_7' title='bbox 318 254 416 304; x_wconf 84' lang='grc' dir='ltr'>τοῖς</span> <span class='ocrx_word' id='word_1_8' title='bbox 462 249 637 319; x_wconf 74' lang='grc' dir='ltr'>ἔξωθεν</span> <span class='ocrx_word' id='word_1_9' title='bbox 679 251 950 320; x_wconf 75' lang='grc' dir='ltr'>ἀξιώμασιν</span> <span class='ocrx_word' id='word_1_10' title='bbox 994 251 1019 301; x_wconf 85' lang='grc' dir='ltr'>ὁ</span> <span class='ocrx_word' id='word_1_11' title='bbox 1057 249 1172 305; x_wconf 79' lang='grc' dir='ltr'>Υἱὸς</span> <span class='ocrx_word' id='word_1_12' title='bbox 1216 250 1326 314; x_wconf 82' lang='grc' dir='ltr'>ἡμῖν</span> <span class='ocrx_word' id='word_1_13' title='bbox 1365 253 1427 304; x_wconf 86' lang='grc' dir='ltr'>εἰς</span> <span class='ocrx_word' id='word_1_14' title='bbox 1470 249 1555 314; x_wconf 87' lang='grc' dir='ltr'>τὴν</span> <span class='ocrx_word' id='word_1_15' title='bbox 1593 254 1676 300; x_wconf 86' lang='grc' dir='ltr'>τοῦ</span> <span class='ocrx_word' id='word_1_16' title='bbox 1717 244 1908 312; x_wconf 82' lang='grc' dir='ltr'>Πατρὸς</span> 
     </span>
     <span class='ocr_line' id='line_1_3' title="bbox 319 330 1905 401; baseline -0.003 -18"><span class='ocrx_word' id='word_1_17' title='bbox 319 331 519 397; x_wconf 84' lang='grc' dir='ltr'>ἰσότητα</span> <span class='ocrx_word' id='word_1_18' title='bbox 544 332 895 401; x_wconf 74' lang='grc' dir='ltr'>σχηματίζεται,</span> <span class='ocrx_word' id='word_1_19' title='bbox 922 335 998 385; x_wconf 80' lang='grc' dir='ltr'>καὶ</span> <span class='ocrx_word' id='word_1_20' title='bbox 1022 334 1075 384; x_wconf 81' lang='grc' dir='ltr'>οὐ</span> <span class='ocrx_word' id='word_1_21' title='bbox 1101 331 1312 399; x_wconf 88' lang='grc' dir='ltr'>καθάπερ</span> <span class='ocrx_word' id='word_1_22' title='bbox 1338 355 1407 386; x_wconf 91' lang='grc' dir='ltr'>τις</span> <span class='ocrx_word' id='word_1_23' title='bbox 1432 333 1480 382; x_wconf 83' lang='grc' dir='ltr'>ἐν</span> <span class='ocrx_word' id='word_1_24' title='bbox 1504 331 1696 384; x_wconf 81' lang='grc' dir='ltr'>πίνακος</span> <span class='ocrx_word' id='word_1_25' title='bbox 1722 330 1905 397; x_wconf 85' lang='grc' dir='ltr'>γραφῇ,</span> 
     </span>
    </p>

    <p class='ocr_par' dir='ltr' id='par_1_3' title="bbox 271 409 1914 959">
     <span class='ocr_line' id='line_1_4' title="bbox 271 409 1909 482; baseline -0.004 -15"><span class='ocrx_word' id='word_1_26' title='bbox 271 426 298 467; x_wconf 82' lang='grc'>(1</span> <span class='ocrx_word' id='word_1_27' title='bbox 317 414 481 478; x_wconf 83' lang='grc' dir='ltr'>μόναις</span> <span class='ocrx_word' id='word_1_28' title='bbox 508 415 619 480; x_wconf 82' lang='grc' dir='ltr'>ἡμῖν</span> <span class='ocrx_word' id='word_1_29' title='bbox 644 421 746 470; x_wconf 86' lang='grc' dir='ltr'>ταῖς</span> <span class='ocrx_word' id='word_1_30' title='bbox 781 420 876 467; x_wconf 81' lang='grc' dir='ltr'>τῶν</span> <span class='ocrx_word' id='word_1_31' title='bbox 901 413 1167 482; x_wconf 79' lang='grc' dir='ltr'>χρωμάτων</span> <span class='ocrx_word' id='word_1_32' title='bbox 1194 414 1332 468; x_wconf 83' lang='grc' dir='ltr'>ἰδεάις</span> <span class='ocrx_word' id='word_1_33' title='bbox 1368 413 1795 474; x_wconf 84' lang='grc' dir='ltr'>καταποικίλλεται,</span> <span class='ocrx_word' id='word_1_34' title='bbox 1821 409 1909 473; x_wconf 89' lang='grc' dir='ltr'>τὴν</span> 
     </span>
     <span class='ocr_line' id='line_1_5' title="bbox 316 490 1909 564; baseline -0.004 -16"><span class='ocrx_word' id='word_1_35' title='bbox 316 502 401 548; x_wconf 88' lang='grc' dir='ltr'>τοῦ</span> <span class='ocrx_word' id='word_1_36' title='bbox 422 498 664 559; x_wconf 64' lang='grc' dir='ltr'>βασιλέως</span> <span class='ocrx_word' id='word_1_37' title='bbox 689 496 1017 561; x_wconf 85' lang='grc' dir='ltr'>πλαττόμενός</span> <span class='ocrx_word' id='word_1_38' title='bbox 1044 519 1093 547; x_wconf 90' lang='grc' dir='ltr'>τε</span> <span class='ocrx_word' id='word_1_39' title='bbox 1121 498 1196 547; x_wconf 76' lang='grc' dir='ltr'>καὶ</span> <span class='ocrx_word' id='word_1_40' title='bbox 1225 495 1512 564; x_wconf 82' lang='grc' dir='ltr'>ψευδόμενος</span> <span class='ocrx_word' id='word_1_41' title='bbox 1544 493 1749 563; x_wconf 85' lang='grc' dir='ltr'>μορφὴν,</span> <span class='ocrx_word' id='word_1_42' title='bbox 1776 490 1909 544; x_wconf 81' lang='grc' dir='ltr'>ἀλλὰ</span> 
     </span>
     <span class='ocr_line' id='line_1_6' title="bbox 317 574 1907 646; baseline -0.003 -16"><span class='ocrx_word' id='word_1_43' title='bbox 317 579 562 646; x_wconf 87' lang='grc' dir='ltr'>χαρακτήρ</span> <span class='ocrx_word' id='word_1_44' title='bbox 608 581 712 630; x_wconf 87' lang='grc' dir='ltr'>ἐστι</span> <span class='ocrx_word' id='word_1_45' title='bbox 758 582 834 629; x_wconf 83' lang='grc' dir='ltr'>καὶ</span> <span class='ocrx_word' id='word_1_46' title='bbox 876 577 1012 628; x_wconf 82' lang='grc' dir='ltr'>εἰκὼν</span> <span class='ocrx_word' id='word_1_47' title='bbox 1047 580 1238 641; x_wconf 79' lang='grc' dir='ltr'>ἀληθῶς</span> <span class='ocrx_word' id='word_1_48' title='bbox 1281 582 1365 628; x_wconf 88' lang='grc' dir='ltr'>τοῦ</span> <span class='ocrx_word' id='word_1_49' title='bbox 1410 576 1626 630; x_wconf 78' lang='grc' dir='ltr'>τεκόντος</span> <span class='ocrx_word' id='word_1_50' title='bbox 1665 574 1821 638; x_wconf 81' lang='grc' dir='ltr'>αὑτὸν,</span> <span class='ocrx_word' id='word_1_51' title='bbox 1859 576 1907 625; x_wconf 87' lang='grc' dir='ltr'>ἐν</span> 
     </span>
     <span class='ocr_line' id='line_1_7' title="bbox 318 658 1908 728; baseline -0.002 -17"><span class='ocrx_word' id='word_1_52' title='bbox 318 662 447 714; x_wconf 80' lang='grc' dir='ltr'>ἰδίοις</span> <span class='ocrx_word' id='word_1_53' title='bbox 482 663 557 711; x_wconf 76' lang='grc' dir='ltr'>καὶ</span> <span class='ocrx_word' id='word_1_54' title='bbox 592 665 814 728; x_wconf 81' lang='grc' dir='ltr'>φυσικοῖς</span> <span class='ocrx_word' id='word_1_55' title='bbox 848 662 1045 725; x_wconf 79' lang='grc' dir='ltr'>ἀγαθοῖς</span> <span class='ocrx_word' id='word_1_56' title='bbox 1077 658 1163 723; x_wconf 86' lang='grc' dir='ltr'>τὴν</span> <span class='ocrx_word' id='word_1_57' title='bbox 1189 665 1272 710; x_wconf 82' lang='grc' dir='ltr'>τοῦ</span> <span class='ocrx_word' id='word_1_58' title='bbox 1307 659 1498 725; x_wconf 82' lang='grc' dir='ltr'>Πατρὸς</span> <span class='ocrx_word' id='word_1_59' title='bbox 1537 658 1687 727; x_wconf 82' lang='grc' dir='ltr'>φύσιν</span> <span class='ocrx_word' id='word_1_60' title='bbox 1721 659 1908 726; x_wconf 83' lang='grc' dir='ltr'>ἐμφανῆ</span> 
     </span>
     <span class='ocr_line' id='line_1_8' title="bbox 317 738 1914 808; baseline -0.002 -16"><span class='ocrx_word' id='word_1_61' title='bbox 317 741 563 795; x_wconf 82' lang='grc' dir='ltr'>καθιστάς.</span> <span class='ocrx_word' id='word_1_62' title='bbox 631 741 707 792; x_wconf 80' lang='grc' dir='ltr'>διὰ</span> <span class='ocrx_word' id='word_1_63' title='bbox 741 747 881 793; x_wconf 84' lang='grc' dir='ltr'>τοῦτο</span> <span class='ocrx_word' id='word_1_64' title='bbox 919 741 1012 808; x_wconf 80' lang='grc' dir='ltr'>γὰρ</span> <span class='ocrx_word' id='word_1_65' title='bbox 1052 740 1296 808; x_wconf 83' lang='grc' dir='ltr'>ἀμήχανον</span> <span class='ocrx_word' id='word_1_66' title='bbox 1326 739 1443 791; x_wconf 74' lang='grc' dir='ltr'>εἶναί</span> <span class='ocrx_word' id='word_1_67' title='bbox 1475 747 1628 808; x_wconf 91' lang='grc' dir='ltr'>φησιν</span> <span class='ocrx_word' id='word_1_68' title='bbox 1658 738 1914 806; x_wconf 79' lang='grc' dir='ltr'>ἐπιγνῶναί</span> 
     </span>
     <span class='ocr_line' id='line_1_9' title="bbox 317 821 1908 893; baseline -0.003 -17"><span class='ocrx_word' id='word_1_69' title='bbox 317 848 417 876; x_wconf 91' lang='grc' dir='ltr'>τισι</span> <span class='ocrx_word' id='word_1_70' title='bbox 443 826 526 877; x_wconf 81' lang='grc' dir='ltr'>τὸν</span> <span class='ocrx_word' id='word_1_71' title='bbox 544 825 750 891; x_wconf 75' lang='grc' dir='ltr'>Πατέρα,</span> <span class='ocrx_word' id='word_1_72' title='bbox 770 824 836 890; x_wconf 70' lang='grc' dir='ltr'>μὴ</span> <span class='ocrx_word' id='word_1_73' title='bbox 861 826 964 893; x_wconf 79' lang='grc' dir='ltr'>οὐχὶ</span> <span class='ocrx_word' id='word_1_74' title='bbox 990 824 1222 892; x_wconf 89' lang='grc' dir='ltr'>πρότερον</span> <span class='ocrx_word' id='word_1_75' title='bbox 1247 823 1566 890; x_wconf 85' lang='grc' dir='ltr'>ἐπεγνωκόσιν</span> <span class='ocrx_word' id='word_1_76' title='bbox 1591 821 1749 885; x_wconf 76' lang='grc' dir='ltr'>αὐτὸν,</span> <span class='ocrx_word' id='word_1_77' title='bbox 1774 844 1908 873; x_wconf 89' lang='grc' dir='ltr'>τουτ-</span> 
     </span>
     <span class='ocr_line' id='line_1_10' title="bbox 318 907 686 959; baseline 0 -1"><span class='ocrx_word' id='word_1_78' title='bbox 318 908 422 959; x_wconf 80' lang='grc' dir='ltr'>έστι</span> <span class='ocrx_word' id='word_1_79' title='bbox 448 907 530 959; x_wconf 79' lang='grc' dir='ltr'>τὸν</span> <span class='ocrx_word' id='word_1_80' title='bbox 554 907 686 959; x_wconf 79' lang='grc' dir='ltr'>Υἱόν.</span> 
     </span>
    </p>
   </div>
   <div class='ocr_carea' id='block_1_3' title="bbox 489 1055 1749 1115">
    <p class='ocr_par' dir='ltr' id='par_1_4' title="bbox 489 1055 1749 1115">
     <span class='ocr_line' id='line_1_11' title="bbox 489 1055 1749 1115; baseline -0.001 -17"><span class='ocrx_word' id='word_1_81' title='bbox 489 1057 563 1098; x_wconf 79' lang='grc' dir='ltr'>Καὶ</span> <span class='ocrx_word' id='word_1_82' title='bbox 600 1058 763 1115; x_wconf 79' lang='grc' dir='ltr'>ἀπάρτι</span> <span class='ocrx_word' id='word_1_83' title='bbox 799 1057 1029 1106; x_wconf 76' lang='grc' dir='ltr'>Γινώῡκετε</span> <span class='ocrx_word' id='word_1_84' title='bbox 1067 1056 1197 1098; x_wconf 82' lang='grc' dir='ltr'>αὐτὸν</span> <span class='ocrx_word' id='word_1_85' title='bbox 1237 1055 1305 1097; x_wconf 80' lang='grc' dir='ltr'>καὶ</span> <span class='ocrx_word' id='word_1_86' title='bbox 1340 1057 1568 1113; x_wconf 80' lang='grc' dir='ltr'>ἑωράκατε</span> <span class='ocrx_word' id='word_1_87' title='bbox 1606 1056 1749 1097; x_wconf 83' lang='grc' dir='ltr'>αὐτόν.</span> 
     </span>
    </p>
   </div>
   <div class='ocr_carea' id='block_1_4' title="bbox 96 1156 1915 2622">
    <p class='ocr_par' dir='ltr' id='par_1_5' title="bbox 279 1156 1909 1310">
     <span class='ocr_line' id='line_1_12' title="bbox 279 1156 1909 1229; baseline -0.001 -18"><span class='ocrx_word' id='word_1_88' title='bbox 279 1176 301 1204; x_wconf 80' lang='lat' dir='ltr'><strong>e</strong></span> <span class='ocrx_word' id='word_1_89' title='bbox 384 1158 558 1229; x_wconf 74' lang='grc' dir='ltr'>’Ἄξιον</span> <span class='ocrx_word' id='word_1_90' title='bbox 586 1158 712 1224; x_wconf 77' lang='grc' dir='ltr'>οἶμαι</span> <span class='ocrx_word' id='word_1_91' title='bbox 747 1160 1007 1223; x_wconf 81' lang='grc' dir='ltr'>θαυμάσαι,</span> <span class='ocrx_word' id='word_1_92' title='bbox 1036 1162 1112 1211; x_wconf 79' lang='grc' dir='ltr'>καὶ</span> <span class='ocrx_word' id='word_1_93' title='bbox 1146 1159 1297 1229; x_wconf 80' lang='grc' dir='ltr'>τούτῳ</span> <span class='ocrx_word' id='word_1_94' title='bbox 1331 1159 1417 1222; x_wconf 86' lang='grc' dir='ltr'>τὴν</span> <span class='ocrx_word' id='word_1_95' title='bbox 1443 1161 1645 1210; x_wconf 82' lang='grc' dir='ltr'>ἐνοῦσαν</span> <span class='ocrx_word' id='word_1_96' title='bbox 1675 1162 1742 1228; x_wconf 74' lang='grc' dir='ltr'>τῷ</span> <span class='ocrx_word' id='word_1_97' title='bbox 1775 1156 1909 1227; x_wconf 80' lang='grc' dir='ltr'>λόγῳ</span> 
     </span>
     <span class='ocr_line' id='line_1_13' title="bbox 319 1241 1909 1310; baseline -0.001 -18"><span class='ocrx_word' id='word_1_98' title='bbox 319 1242 571 1306; x_wconf 88' lang='grc' dir='ltr'>διασκευὴν</span> <span class='ocrx_word' id='word_1_99' title='bbox 602 1245 678 1293; x_wconf 77' lang='grc' dir='ltr'>καὶ</span> <span class='ocrx_word' id='word_1_100' title='bbox 711 1243 981 1310; x_wconf 78' lang='grc' dir='ltr'>ἀπόῤῥητον</span> <span class='ocrx_word' id='word_1_101' title='bbox 1011 1242 1295 1306; x_wconf 81' lang='grc' dir='ltr'>οἰκονομίαν.</span> <span class='ocrx_word' id='word_1_102' title='bbox 1349 1241 1542 1307; x_wconf 80' lang='grc' dir='ltr'>εἰρηκὼς</span> <span class='ocrx_word' id='word_1_103' title='bbox 1577 1241 1670 1307; x_wconf 77' lang='grc' dir='ltr'>γὰρ</span> <span class='ocrx_word' id='word_1_104' title='bbox 1706 1241 1777 1292; x_wconf 79' lang='grc' dir='ltr'>ὅτι</span> <span class='ocrx_word' id='word_1_105' title='bbox 1804 1248 1831 1270; x_wconf 82' lang='grc'><strong>“</strong></span> <span class='ocrx_word' id='word_1_106' title='bbox 1850 1243 1909 1291; x_wconf 85' lang='grc' dir='ltr'>Εἰ</span> 
     </span>
    </p>

    <p class='ocr_par' dir='ltr' id='par_1_6' title="bbox 318 1323 1910 1558">
     <span class='ocr_line' id='line_1_14' title="bbox 319 1323 1910 1392; baseline 0.001 -18"><span class='ocrx_word' id='word_1_107' title='bbox 319 1330 347 1353; x_wconf 86' lang='grc'><strong>“</strong></span> <span class='ocrx_word' id='word_1_108' title='bbox 372 1324 624 1390; x_wconf 70' lang='grc' dir='ltr'>ἐγνώκειτέ</span> <span class='ocrx_word' id='word_1_109' title='bbox 639 1347 697 1389; x_wconf 88' lang='grc' dir='ltr'>με</span> <span class='ocrx_word' id='word_1_110' title='bbox 724 1328 799 1376; x_wconf 76' lang='grc' dir='ltr'>καὶ</span> <span class='ocrx_word' id='word_1_111' title='bbox 825 1324 908 1376; x_wconf 81' lang='grc' dir='ltr'>τὸν</span> <span class='ocrx_word' id='word_1_112' title='bbox 936 1325 1129 1391; x_wconf 77' lang='grc' dir='ltr'>Πατέρα</span> <span class='ocrx_word' id='word_1_113' title='bbox 1156 1347 1246 1384; x_wconf 88' lang='grc' dir='ltr'>μου</span> <span class='ocrx_word' id='word_1_114' title='bbox 1273 1323 1329 1374; x_wconf 81' lang='grc' dir='ltr'>ἂν</span> <span class='ocrx_word' id='word_1_115' title='bbox 1356 1323 1543 1392; x_wconf 84' lang='grc' dir='ltr'>ᾕδειτε,”</span> <span class='ocrx_word' id='word_1_116' title='bbox 1567 1326 1643 1375; x_wconf 79' lang='grc' dir='ltr'>καὶ</span> <span class='ocrx_word' id='word_1_117' title='bbox 1670 1326 1910 1386; x_wconf 80' lang='grc' dir='ltr'>νομισθεὶς</span> 
     </span>
     <span class='ocr_line' id='line_1_15' title="bbox 319 1405 1906 1472; baseline 0 -16"><span class='ocrx_word' id='word_1_118' title='bbox 319 1407 536 1472; x_wconf 81' lang='grc' dir='ltr'>ἐγκαλεῖν</span> <span class='ocrx_word' id='word_1_119' title='bbox 568 1412 664 1460; x_wconf 88' lang='grc' dir='ltr'>τοῖς</span> <span class='ocrx_word' id='word_1_120' title='bbox 703 1411 934 1471; x_wconf 79' lang='grc' dir='ltr'>μαθηταῖς</span> <span class='ocrx_word' id='word_1_121' title='bbox 972 1412 1068 1458; x_wconf 83' lang='grc' dir='ltr'>τῶν</span> <span class='ocrx_word' id='word_1_122' title='bbox 1099 1408 1246 1460; x_wconf 83' lang='grc' dir='ltr'>οὕτως</span> <span class='ocrx_word' id='word_1_123' title='bbox 1283 1407 1550 1471; x_wconf 83' lang='grc' dir='ltr'>ἀναγκαίων</span> <span class='ocrx_word' id='word_1_124' title='bbox 1581 1405 1666 1470; x_wconf 84' lang='grc' dir='ltr'>τὴν</span> <span class='ocrx_word' id='word_1_125' title='bbox 1691 1406 1906 1471; x_wconf 77' lang='grc' dir='ltr'>ἄγνοιαν,</span> 
     </span>
     <span class='ocr_line' id='line_1_16' title="bbox 318 1487 1909 1558; baseline 0 -19"><span class='ocrx_word' id='word_1_126' title='bbox 318 1487 653 1555; x_wconf 84' lang='grc' dir='ltr'>τεθεράπευκεν</span> <span class='ocrx_word' id='word_1_127' title='bbox 678 1490 811 1543; x_wconf 79' lang='grc' dir='ltr'>εὐθύς</span> <span class='ocrx_word' id='word_1_128' title='bbox 838 1488 1032 1558; x_wconf 71' lang='grc' dir='ltr'>Ἀπάρτι</span> <span class='ocrx_word' id='word_1_129' title='bbox 1062 1489 1218 1554; x_wconf 79' lang='grc' dir='ltr'>λέγων</span> <span class='ocrx_word' id='word_1_130' title='bbox 1244 1489 1482 1554; x_wconf 72' lang='grc' dir='ltr'>γινώσκετε</span> <span class='ocrx_word' id='word_1_131' title='bbox 1512 1489 1640 1540; x_wconf 61' lang='grc' dir='ltr'>αὐτέν</span> <span class='ocrx_word' id='word_1_132' title='bbox 1669 1492 1749 1540; x_wconf 61' lang='grc' dir='ltr'>καὶ</span> <span class='ocrx_word' id='word_1_133' title='bbox 1777 1487 1909 1558; x_wconf 73' lang='grc' dir='ltr'>ἑωρά-</span> 
     </span>
    </p>

    <p class='ocr_par' dir='ltr' id='par_1_7' title="bbox 322 1569 1911 1720">
     <span class='ocr_line' id='line_1_17' title="bbox 324 1569 1911 1638; baseline -0.001 -16"><span class='ocrx_word' id='word_1_134' title='bbox 324 1594 435 1622; x_wconf 73' lang='grc' dir='ltr'>κατε</span> <span class='ocrx_word' id='word_1_135' title='bbox 470 1574 610 1623; x_wconf 74' lang='grc' dir='ltr'>αὐτόν.</span> <span class='ocrx_word' id='word_1_136' title='bbox 663 1569 820 1635; x_wconf 84' lang='grc' dir='ltr'>ἐπειδὴ</span> <span class='ocrx_word' id='word_1_137' title='bbox 861 1571 955 1638; x_wconf 81' lang='grc' dir='ltr'>γὰρ</span> <span class='ocrx_word' id='word_1_138' title='bbox 994 1571 1199 1634; x_wconf 72' lang='grc' dir='ltr'>ἔμελλον</span> <span class='ocrx_word' id='word_1_139' title='bbox 1225 1575 1319 1621; x_wconf 83' lang='grc' dir='ltr'>τῶν</span> <span class='ocrx_word' id='word_1_140' title='bbox 1345 1569 1650 1638; x_wconf 84' lang='grc' dir='ltr'>ἁπανταχόσε</span> <span class='ocrx_word' id='word_1_141' title='bbox 1690 1569 1911 1633; x_wconf 77' lang='grc' dir='ltr'>κειμένων</span> 
     </span>
     <span class='ocr_line' id='line_1_18' title="bbox 322 1652 1907 1720; baseline 0.001 -18"><span class='ocrx_word' id='word_1_142' title='bbox 322 1652 590 1717; x_wconf 79' lang='grc' dir='ltr'>ἐκκλησιῶν</span> <span class='ocrx_word' id='word_1_143' title='bbox 614 1653 837 1720; x_wconf 81' lang='grc' dir='ltr'>ἡγεμόνες</span> <span class='ocrx_word' id='word_1_144' title='bbox 864 1653 1075 1716; x_wconf 74' lang='grc' dir='ltr'>ἔσεσθαι,</span> <span class='ocrx_word' id='word_1_145' title='bbox 1100 1653 1209 1720; x_wconf 85' lang='grc' dir='ltr'>παρ’</span> <span class='ocrx_word' id='word_1_146' title='bbox 1239 1654 1381 1704; x_wconf 80' lang='grc' dir='ltr'>αὐτοῦ</span> <span class='ocrx_word' id='word_1_147' title='bbox 1407 1659 1490 1704; x_wconf 86' lang='grc' dir='ltr'>τοῦ</span> <span class='ocrx_word' id='word_1_148' title='bbox 1518 1655 1738 1719; x_wconf 78' lang='grc' dir='ltr'>Σωτῆρος</span> <span class='ocrx_word' id='word_1_149' title='bbox 1764 1652 1907 1703; x_wconf 83' lang='grc' dir='ltr'>ἀκού-</span> 
     </span>
    </p>

    <p class='ocr_par' dir='ltr' id='par_1_8' title="bbox 96 1733 1912 1966">
     <span class='ocr_line' id='line_1_19' title="bbox 96 1733 1912 1821; baseline 0 -36"><span class='ocrx_word' id='word_1_150' title='bbox 96 1736 263 1821; x_wconf 40' lang='grc' dir='ltr'>ξχῖξίζῗξξ</span> <span class='ocrx_word' id='word_1_151' title='bbox 324 1757 496 1789; x_wconf 88' lang='grc' dir='ltr'>σαντες</span> <span class='ocrx_word' id='word_1_152' title='bbox 529 1734 583 1786; x_wconf 90' lang='grc' dir='ltr'>τό</span> <span class='ocrx_word' id='word_1_153' title='bbox 611 1744 637 1765; x_wconf 83' lang='grc'><strong>“</strong></span> <span class='ocrx_word' id='word_1_154' title='bbox 658 1735 970 1802; x_wconf 71' lang='grc' dir='ltr'>Πορευθέντες</span> <span class='ocrx_word' id='word_1_155' title='bbox 1003 1734 1334 1799; x_wconf 83' lang='grc' dir='ltr'>μαθητεύσατε</span> <span class='ocrx_word' id='word_1_156' title='bbox 1369 1734 1525 1786; x_wconf 83' lang='grc' dir='ltr'>πάντα</span> <span class='ocrx_word' id='word_1_157' title='bbox 1560 1734 1619 1786; x_wconf 81' lang='grc' dir='ltr'>τὰ</span> <span class='ocrx_word' id='word_1_158' title='bbox 1653 1735 1806 1799; x_wconf 70' lang='grc' dir='ltr'>ἐθνη,”</span> <span class='ocrx_word' id='word_1_159' title='bbox 1836 1733 1912 1785; x_wconf 79' lang='grc' dir='ltr'>διὰ</span> 
     </span>
     <span class='ocr_line' id='line_1_20' title="bbox 98 1816 1911 1886; baseline -0.004 -13"><span class='ocrx_word' id='word_1_160' title='bbox 98 1838 181 1873; x_wconf 86' lang='grc'>772</span> <span class='ocrx_word' id='word_1_161' title='bbox 194 1836 244 1870; x_wconf 88' lang='lat' dir='ltr'>A.</span> <span class='ocrx_word' id='word_1_162' title='bbox 285 1817 499 1882; x_wconf 61' lang='grc' dir='ltr'>ειταύτην</span> <span class='ocrx_word' id='word_1_163' title='bbox 534 1820 596 1872; x_wconf 85' lang='grc' dir='ltr'>ὡς</span> <span class='ocrx_word' id='word_1_164' title='bbox 637 1819 812 1886; x_wconf 72' lang='grc' dir='ltr'>ἐγῷμαι</span> <span class='ocrx_word' id='word_1_165' title='bbox 847 1818 1064 1880; x_wconf 89' lang='grc' dir='ltr'>μάλιστα</span> <span class='ocrx_word' id='word_1_166' title='bbox 1098 1816 1185 1881; x_wconf 88' lang='grc' dir='ltr'>τὴν</span> <span class='ocrx_word' id='word_1_167' title='bbox 1216 1818 1380 1879; x_wconf 84' lang='grc' dir='ltr'>αἰτίαν,</span> <span class='ocrx_word' id='word_1_168' title='bbox 1412 1817 1759 1886; x_wconf 76' lang='grc' dir='ltr'>προαποδείξας</span> <span class='ocrx_word' id='word_1_169' title='bbox 1797 1839 1911 1884; x_wconf 91' lang='grc' dir='ltr'>χρη-</span> 
     </span>
     <span class='ocr_line' id='line_1_21' title="bbox 324 1897 1910 1966; baseline 0.001 -15"><span class='ocrx_word' id='word_1_170' title='bbox 324 1901 479 1963; x_wconf 87' lang='grc' dir='ltr'>σίμως</span> <span class='ocrx_word' id='word_1_171' title='bbox 506 1902 582 1950; x_wconf 78' lang='grc' dir='ltr'>καὶ</span> <span class='ocrx_word' id='word_1_172' title='bbox 608 1900 764 1951; x_wconf 81' lang='grc' dir='ltr'>κοινὸν</span> <span class='ocrx_word' id='word_1_173' title='bbox 791 1898 955 1966; x_wconf 79' lang='grc' dir='ltr'>ὥσπερ</span> <span class='ocrx_word' id='word_1_174' title='bbox 983 1903 1044 1952; x_wconf 84' lang='grc' dir='ltr'>εἰς</span> <span class='ocrx_word' id='word_1_175' title='bbox 1071 1897 1282 1953; x_wconf 81' lang='grc' dir='ltr'>ἅπαντας</span> <span class='ocrx_word' id='word_1_176' title='bbox 1315 1899 1635 1964; x_wconf 82' lang='grc' dir='ltr'>ποιησάμενος</span> <span class='ocrx_word' id='word_1_177' title='bbox 1660 1899 1822 1965; x_wconf 89' lang='grc' dir='ltr'>λόγον,</span> <span class='ocrx_word' id='word_1_178' title='bbox 1849 1901 1910 1952; x_wconf 86' lang='grc' dir='ltr'>ὡς</span> 
     </span>
    </p>

    <p class='ocr_par' dir='ltr' id='par_1_9' title="bbox 323 1980 1915 2050">
     <span class='ocr_line' id='line_1_22' title="bbox 323 1980 1915 2050; baseline -0.001 -17"><span class='ocrx_word' id='word_1_179' title='bbox 323 1983 366 2033; x_wconf 81' lang='grc' dir='ltr'>εἴ</span> <span class='ocrx_word' id='word_1_180' title='bbox 404 2006 473 2037; x_wconf 91' lang='grc' dir='ltr'>τις</span> <span class='ocrx_word' id='word_1_181' title='bbox 514 1983 650 2047; x_wconf 80' lang='grc' dir='ltr'>εἰδείη</span> <span class='ocrx_word' id='word_1_182' title='bbox 689 1982 771 2032; x_wconf 82' lang='grc' dir='ltr'>τὸν</span> <span class='ocrx_word' id='word_1_183' title='bbox 805 1981 937 2044; x_wconf 71' lang='grc' dir='ltr'>Υἰὸν,</span> <span class='ocrx_word' id='word_1_184' title='bbox 973 1981 1145 2032; x_wconf 79' lang='grc' dir='ltr'>εἴσεται</span> <span class='ocrx_word' id='word_1_185' title='bbox 1191 1981 1342 2046; x_wconf 81' lang='grc' dir='ltr'>δήπου</span> <span class='ocrx_word' id='word_1_186' title='bbox 1384 1980 1572 2035; x_wconf 88' lang='grc' dir='ltr'>πάντως</span> <span class='ocrx_word' id='word_1_187' title='bbox 1617 1983 1693 2032; x_wconf 83' lang='grc' dir='ltr'>καὶ</span> <span class='ocrx_word' id='word_1_188' title='bbox 1738 1981 1821 2032; x_wconf 84' lang='grc' dir='ltr'>τὸν</span> <span class='ocrx_word' id='word_1_189' title='bbox 1859 1981 1915 2050; x_wconf 74' lang='grc' dir='ltr'>ἐξ</span> 
     </span>
    </p>

    <p class='ocr_par' dir='ltr' id='par_1_10' title="bbox 324 2062 1913 2131">
     <span class='ocr_line' id='line_1_23' title="bbox 324 2062 1913 2131; baseline 0.001 -15"><span class='ocrx_word' id='word_1_190' title='bbox 324 2064 468 2131; x_wconf 77' lang='grc' dir='ltr'>οὗπέρ</span> <span class='ocrx_word' id='word_1_191' title='bbox 511 2067 614 2116; x_wconf 88' lang='grc' dir='ltr'>ἐστι</span> <span class='ocrx_word' id='word_1_192' title='bbox 655 2064 847 2130; x_wconf 79' lang='grc' dir='ltr'>Πατέρα</span> <span class='ocrx_word' id='word_1_193' title='bbox 891 2065 966 2115; x_wconf 83' lang='grc' dir='ltr'>καὶ</span> <span class='ocrx_word' id='word_1_194' title='bbox 1006 2062 1142 2125; x_wconf 79' lang='grc' dir='ltr'>Θεὸν,</span> <span class='ocrx_word' id='word_1_195' title='bbox 1183 2064 1489 2130; x_wconf 83' lang='grc' dir='ltr'>ἐπιμαρτυρεῖ</span> <span class='ocrx_word' id='word_1_196' title='bbox 1520 2063 1769 2131; x_wconf 84' lang='grc' dir='ltr'>χρησίμως</span> <span class='ocrx_word' id='word_1_197' title='bbox 1815 2068 1913 2118; x_wconf 82' lang='grc' dir='ltr'>τοῖς</span> 
     </span>
    </p>

    <p class='ocr_par' dir='ltr' id='par_1_11' title="bbox 324 2143 1913 2375">
     <span class='ocr_line' id='line_1_24' title="bbox 324 2143 1913 2213; baseline -0.001 -16"><span class='ocrx_word' id='word_1_198' title='bbox 324 2149 490 2198; x_wconf 84' lang='grc' dir='ltr'>ἑαυτοῦ</span> <span class='ocrx_word' id='word_1_199' title='bbox 516 2151 746 2212; x_wconf 88' lang='grc' dir='ltr'>μαθηταῖς</span> <span class='ocrx_word' id='word_1_200' title='bbox 773 2146 858 2210; x_wconf 86' lang='grc' dir='ltr'>τὴν</span> <span class='ocrx_word' id='word_1_201' title='bbox 884 2146 1142 2211; x_wconf 85' lang='grc' dir='ltr'>ἐπίγνωσιν</span> <span class='ocrx_word' id='word_1_202' title='bbox 1169 2146 1222 2196; x_wconf 82' lang='grc' dir='ltr'>οὐ</span> <span class='ocrx_word' id='word_1_203' title='bbox 1248 2146 1614 2212; x_wconf 68' lang='grc' dir='ltr'>κεχαρισμένως·</span> <span class='ocrx_word' id='word_1_204' title='bbox 1657 2147 1711 2196; x_wconf 81' lang='grc' dir='ltr'>οὑ</span> <span class='ocrx_word' id='word_1_205' title='bbox 1736 2145 1830 2213; x_wconf 76' lang='grc' dir='ltr'>γὰρ</span> <span class='ocrx_word' id='word_1_206' title='bbox 1855 2143 1913 2196; x_wconf 81' lang='grc' dir='ltr'>ἂν</span> 
     </span>
     <span class='ocr_line' id='line_1_25' title="bbox 326 2226 1912 2297; baseline -0.001 -18"><span class='ocrx_word' id='word_1_207' title='bbox 326 2229 589 2297; x_wconf 70' lang='grc' dir='ltr'>φθέγξαιτό</span> <span class='ocrx_word' id='word_1_208' title='bbox 627 2252 671 2279; x_wconf 92' lang='grc' dir='ltr'>τι</span> <span class='ocrx_word' id='word_1_209' title='bbox 710 2233 805 2279; x_wconf 82' lang='grc' dir='ltr'>τῶν</span> <span class='ocrx_word' id='word_1_210' title='bbox 843 2229 926 2278; x_wconf 81' lang='grc' dir='ltr'>οὐκ</span> <span class='ocrx_word' id='word_1_211' title='bbox 965 2229 1173 2291; x_wconf 81' lang='grc' dir='ltr'>ἀληθῶν·</span> <span class='ocrx_word' id='word_1_212' title='bbox 1229 2228 1340 2277; x_wconf 86' lang='grc' dir='ltr'>ἀλλ’</span> <span class='ocrx_word' id='word_1_213' title='bbox 1374 2226 1519 2281; x_wconf 83' lang='grc' dir='ltr'>ὅντως</span> <span class='ocrx_word' id='word_1_214' title='bbox 1559 2226 1707 2278; x_wconf 89' lang='grc' dir='ltr'>εἰδόσι</span> <span class='ocrx_word' id='word_1_215' title='bbox 1743 2250 1793 2278; x_wconf 89' lang='grc' dir='ltr'>τε</span> <span class='ocrx_word' id='word_1_216' title='bbox 1836 2228 1912 2278; x_wconf 85' lang='grc' dir='ltr'>καὶ</span> 
     </span>
     <span class='ocr_line' id='line_1_26' title="bbox 325 2307 1911 2375; baseline -0.001 -14"><span class='ocrx_word' id='word_1_217' title='bbox 325 2309 660 2375; x_wconf 76' lang='grc' dir='ltr'>ἐπεγνωκόσιν.</span> <span class='ocrx_word' id='word_1_218' title='bbox 735 2309 806 2360; x_wconf 81' lang='grc' dir='ltr'>ὅτι</span> <span class='ocrx_word' id='word_1_219' title='bbox 851 2308 945 2375; x_wconf 77' lang='grc' dir='ltr'>γὰρ</span> <span class='ocrx_word' id='word_1_220' title='bbox 983 2308 1101 2359; x_wconf 80' lang='grc' dir='ltr'>Υὶὸν</span> <span class='ocrx_word' id='word_1_221' title='bbox 1143 2311 1335 2373; x_wconf 79' lang='grc' dir='ltr'>ἀληθῶς</span> <span class='ocrx_word' id='word_1_222' title='bbox 1379 2307 1492 2359; x_wconf 78' lang='grc' dir='ltr'>εἶναι</span> <span class='ocrx_word' id='word_1_223' title='bbox 1537 2315 1620 2359; x_wconf 86' lang='grc' dir='ltr'>τοῦ</span> <span class='ocrx_word' id='word_1_224' title='bbox 1659 2313 1785 2360; x_wconf 80' lang='grc' dir='ltr'>Θεοῦ</span> <span class='ocrx_word' id='word_1_225' title='bbox 1828 2308 1911 2360; x_wconf 82' lang='grc' dir='ltr'>τὸν</span> 
     </span>
    </p>

    <p class='ocr_par' dir='ltr' id='par_1_12' title="bbox 329 2390 1913 2460">
     <span class='ocr_line' id='line_1_27' title="bbox 329 2390 1913 2460; baseline -0.001 -17"><span class='ocrx_word' id='word_1_226' title='bbox 329 2391 507 2458; x_wconf 82' lang='grc' dir='ltr'>Κύριον</span> <span class='ocrx_word' id='word_1_227' title='bbox 539 2390 718 2460; x_wconf 85' lang='grc' dir='ltr'>ᾕδεσάν</span> <span class='ocrx_word' id='word_1_228' title='bbox 750 2414 798 2442; x_wconf 92' lang='grc' dir='ltr'>τε</span> <span class='ocrx_word' id='word_1_229' title='bbox 838 2394 914 2442; x_wconf 81' lang='grc' dir='ltr'>καὶ</span> <span class='ocrx_word' id='word_1_230' title='bbox 951 2391 1360 2451; x_wconf 79' lang='grc' dir='ltr'>πεπιστεύκεισαν,</span> <span class='ocrx_word' id='word_1_231' title='bbox 1388 2390 1645 2454; x_wconf 78' lang='grc' dir='ltr'>οὐδαμόθεν</span> <span class='ocrx_word' id='word_1_232' title='bbox 1676 2393 1779 2442; x_wconf 75' lang='grc' dir='ltr'>ἐστὶ</span> <span class='ocrx_word' id='word_1_233' title='bbox 1816 2396 1913 2444; x_wconf 88' lang='grc' dir='ltr'>τοῖς</span> 
     </span>
    </p>

    <p class='ocr_par' dir='ltr' id='par_1_13' title="bbox 327 2472 1913 2542">
     <span class='ocr_line' id='line_1_28' title="bbox 327 2472 1913 2542; baseline -0.001 -18"><span class='ocrx_word' id='word_1_234' title='bbox 327 2474 377 2524; x_wconf 78' lang='grc' dir='ltr'>εὖ</span> <span class='ocrx_word' id='word_1_235' title='bbox 404 2479 667 2542; x_wconf 85' lang='grc' dir='ltr'>φρονοῦσιν</span> <span class='ocrx_word' id='word_1_236' title='bbox 693 2475 986 2542; x_wconf 78' lang='grc' dir='ltr'>ἀμφίβολον.</span> <span class='ocrx_word' id='word_1_237' title='bbox 1040 2474 1135 2524; x_wconf 75' lang='grc' dir='ltr'>ἐπεὶ</span> <span class='ocrx_word' id='word_1_238' title='bbox 1163 2472 1282 2523; x_wconf 80' lang='grc' dir='ltr'>κατὰ</span> <span class='ocrx_word' id='word_1_239' title='bbox 1312 2473 1416 2523; x_wconf 78' lang='grc' dir='ltr'>τίνα</span> <span class='ocrx_word' id='word_1_240' title='bbox 1441 2472 1618 2539; x_wconf 88' lang='grc' dir='ltr'>τρόπον</span> <span class='ocrx_word' id='word_1_241' title='bbox 1646 2472 1913 2537; x_wconf 87' lang='grc' dir='ltr'>Ναθαναὴλ</span> 
     </span>
    </p>

    <p class='ocr_par' dir='ltr' id='par_1_14' title="bbox 102 2554 1914 2622">
     <span class='ocr_line' id='line_1_29' title="bbox 102 2554 1914 2622; baseline -0.001 -16"><span class='ocrx_word' id='word_1_242' title='bbox 102 2557 246 2599; x_wconf 74' lang='lat' dir='ltr'>Suprai.</span> <span class='ocrx_word' id='word_1_243' title='bbox 327 2556 352 2606; x_wconf 85' lang='grc' dir='ltr'>ὁ</span> <span class='ocrx_word' id='word_1_244' title='bbox 391 2557 696 2622; x_wconf 87' lang='grc' dir='ltr'>Ἰσραηλίτης</span> <span class='ocrx_word' id='word_1_245' title='bbox 744 2555 953 2609; x_wconf 82' lang='grc' dir='ltr'>ἀκούσας</span> <span class='ocrx_word' id='word_1_246' title='bbox 992 2562 1019 2585; x_wconf 84' lang='grc'><strong>“</strong></span> <span class='ocrx_word' id='word_1_247' title='bbox 1048 2554 1153 2622; x_wconf 82' lang='grc' dir='ltr'>Πρὸ</span> <span class='ocrx_word' id='word_1_248' title='bbox 1198 2560 1282 2606; x_wconf 86' lang='grc' dir='ltr'>τοῦ</span> <span class='ocrx_word' id='word_1_249' title='bbox 1322 2578 1380 2606; x_wconf 93' lang='grc' dir='ltr'>σε</span> <span class='ocrx_word' id='word_1_250' title='bbox 1426 2556 1669 2606; x_wconf 87' lang='grc' dir='ltr'>Φίλιππον</span> <span class='ocrx_word' id='word_1_251' title='bbox 1712 2554 1914 2606; x_wconf 80' lang='grc' dir='ltr'>καλέσαι</span> 
     </span>
    </p>
   </div>
   <div class='ocr_carea' id='block_1_5' title="bbox 104 2611 1914 2706">
    <p class='ocr_par' dir='ltr' id='par_1_15' title="bbox 104 2611 1914 2706">
     <span class='ocr_line' id='line_1_30' title="bbox 104 2611 1914 2706; baseline 0 -16"><span class='ocrx_word' id='word_1_252' title='bbox 104 2611 146 2642; x_wconf 83' lang='lat'>49</span> <span class='ocrx_word' id='word_1_253' title='bbox 281 2648 308 2690; x_wconf 92' lang='lat' dir='ltr'><strong>b</strong></span> <span class='ocrx_word' id='word_1_254' title='bbox 328 2645 354 2667; x_wconf 73' lang='lat'>‘⁵</span> <span class='ocrx_word' id='word_1_255' title='bbox 380 2637 494 2690; x_wconf 81' lang='grc' dir='ltr'>ὅντα</span> <span class='ocrx_word' id='word_1_256' title='bbox 536 2636 626 2690; x_wconf 80' lang='grc' dir='ltr'>ὑπὸ</span> <span class='ocrx_word' id='word_1_257' title='bbox 664 2636 751 2702; x_wconf 85' lang='grc' dir='ltr'>τὴν</span> <span class='ocrx_word' id='word_1_258' title='bbox 785 2641 937 2701; x_wconf 84' lang='grc' dir='ltr'>συκῆν</span> <span class='ocrx_word' id='word_1_259' title='bbox 969 2635 1092 2688; x_wconf 79' lang='grc' dir='ltr'>εἶδόν</span> <span class='ocrx_word' id='word_1_260' title='bbox 1126 2638 1225 2700; x_wconf 87' lang='grc' dir='ltr'>σε,”</span> <span class='ocrx_word' id='word_1_261' title='bbox 1253 2640 1544 2706; x_wconf 82' lang='grc' dir='ltr'>παραχρῆμα</span> <span class='ocrx_word' id='word_1_262' title='bbox 1587 2640 1670 2701; x_wconf 86' lang='grc' dir='ltr'>τῆς</span> <span class='ocrx_word' id='word_1_263' title='bbox 1707 2637 1914 2690; x_wconf 86' lang='grc' dir='ltr'>πίστεως</span> 
     </span>
    </p>
   </div>
   <div class='ocr_carea' id='block_1_6' title="bbox 329 2759 1913 2899">
    <p class='ocr_par' dir='ltr' id='par_1_16' title="bbox 329 2759 1913 2899">
     <span class='ocr_line' id='line_1_31' title="bbox 376 2759 1913 2807; baseline -0.002 -11"><span class='ocrx_word' id='word_1_264' title='bbox 376 2774 410 2804; x_wconf 81' lang='lat'>4.</span> <span class='ocrx_word' id='word_1_265' title='bbox 435 2761 526 2795; x_wconf 82' lang='grc' dir='ltr'>ἀλλὰ</span> <span class='ocrx_word' id='word_1_266' title='bbox 543 2760 715 2807; x_wconf 82' lang='grc' dir='ltr'>χαρακτήρ</span> <span class='ocrx_word' id='word_1_267' title='bbox 733 2760 808 2796; x_wconf 75' lang='grc' dir='ltr'>ἔστι</span> <span class='ocrx_word' id='word_1_268' title='bbox 827 2761 868 2795; x_wconf 89' lang='grc' dir='ltr'>Ε.</span> <span class='ocrx_word' id='word_1_269' title='bbox 887 2760 965 2795; x_wconf 80' lang='grc' dir='ltr'>ἀλλ’</span> <span class='ocrx_word' id='word_1_270' title='bbox 984 2761 1059 2795; x_wconf 70' lang='grc' dir='ltr'>ἔστι</span> <span class='ocrx_word' id='word_1_271' title='bbox 1076 2760 1248 2805; x_wconf 83' lang='grc' dir='ltr'>χαρακτὴρ</span> <span class='ocrx_word' id='word_1_272' title='bbox 1269 2760 1334 2794; x_wconf 79' lang='lat' dir='ltr'>Ed.</span> <span class='ocrx_word' id='word_1_273' title='bbox 1565 2760 1599 2795; x_wconf 85' lang='lat'>8.</span> <span class='ocrx_word' id='word_1_274' title='bbox 1623 2759 1668 2804; x_wconf 88' lang='grc' dir='ltr'>μὴ</span> <span class='ocrx_word' id='word_1_275' title='bbox 1686 2771 1756 2794; x_wconf 89' lang='lat' dir='ltr'>om.</span> <span class='ocrx_word' id='word_1_276' title='bbox 1776 2759 1913 2803; x_wconf 80' lang='lat' dir='ltr'>Migne.</span> 
     </span>
     <span class='ocr_line' id='line_1_32' title="bbox 331 2806 1913 2853; baseline -0.002 -11"><span class='ocrx_word' id='word_1_277' title='bbox 331 2818 386 2842; x_wconf 83' lang='lat'>11.</span> <span class='ocrx_word' id='word_1_278' title='bbox 413 2806 483 2853; x_wconf 85' lang='grc' dir='ltr'>καὶ]</span> <span class='ocrx_word' id='word_1_279' title='bbox 504 2808 564 2841; x_wconf 84' lang='grc' dir='ltr'>κάν</span> <span class='ocrx_word' id='word_1_280' title='bbox 580 2809 719 2853; x_wconf 86' lang='lat' dir='ltr'>conjicit</span> <span class='ocrx_word' id='word_1_281' title='bbox 737 2807 831 2842; x_wconf 86' lang='lat' dir='ltr'>haud</span> <span class='ocrx_word' id='word_1_282' title='bbox 849 2809 939 2842; x_wconf 82' lang='lat' dir='ltr'>male</span> <span class='ocrx_word' id='word_1_283' title='bbox 957 2808 1052 2842; x_wconf 91' lang='lat' dir='ltr'><strong>Aub.</strong></span> <span class='ocrx_word' id='word_1_284' title='bbox 1070 2808 1106 2841; x_wconf 88' lang='lat' dir='ltr'>in</span> <span class='ocrx_word' id='word_1_285' title='bbox 1124 2820 1196 2852; x_wconf 87' lang='lat' dir='ltr'>mg.</span> <span class='ocrx_word' id='word_1_286' title='bbox 1263 2807 1388 2841; x_wconf 81' lang='lat' dir='ltr'>Statim</span> <span class='ocrx_word' id='word_1_287' title='bbox 1407 2806 1534 2841; x_wconf 79' lang='grc' dir='ltr'>τούτων</span> <span class='ocrx_word' id='word_1_288' title='bbox 1552 2806 1593 2840; x_wconf 89' lang='grc' dir='ltr'>Ε.</span> <span class='ocrx_word' id='word_1_289' title='bbox 1731 2817 1783 2850; x_wconf 87' lang='lat'>13.</span> <span class='ocrx_word' id='word_1_290' title='bbox 1811 2806 1913 2850; x_wconf 83' lang='grc' dir='ltr'>ἐγνώ-</span> 
     </span>
     <span class='ocr_line' id='line_1_33' title="bbox 329 2852 1911 2899; baseline -0.002 -11"><span class='ocrx_word' id='word_1_291' title='bbox 329 2869 405 2888; x_wconf 81' lang='grc' dir='ltr'>κατε</span> <span class='ocrx_word' id='word_1_292' title='bbox 425 2854 465 2888; x_wconf 89' lang='grc' dir='ltr'>Ε.</span> <span class='ocrx_word' id='word_1_293' title='bbox 484 2855 528 2888; x_wconf 89' lang='lat' dir='ltr'>cf.</span> <span class='ocrx_word' id='word_1_294' title='bbox 548 2855 637 2888; x_wconf 87' lang='lat' dir='ltr'>infra</span> <span class='ocrx_word' id='word_1_295' title='bbox 656 2864 720 2899; x_wconf 87' lang='lat'>772</span> <span class='ocrx_word' id='word_1_296' title='bbox 740 2866 770 2888; x_wconf 92' lang='lat' dir='ltr'>c.</span> <span class='ocrx_word' id='word_1_297' title='bbox 842 2869 907 2898; x_wconf 89' lang='grc' dir='ltr'>μου</span> <span class='ocrx_word' id='word_1_298' title='bbox 924 2866 992 2888; x_wconf 80' lang='lat' dir='ltr'><strong>ass.</strong></span> <span class='ocrx_word' id='word_1_299' title='bbox 1012 2866 1053 2888; x_wconf 84' lang='lat' dir='ltr'>ex</span> <span class='ocrx_word' id='word_1_300' title='bbox 1074 2854 1114 2888; x_wconf 87' lang='lat' dir='ltr'>E.</span> <span class='ocrx_word' id='word_1_301' title='bbox 1290 2862 1342 2898; x_wconf 86' lang='lat'>15.</span> <span class='ocrx_word' id='word_1_302' title='bbox 1368 2853 1479 2898; x_wconf 84' lang='grc' dir='ltr'>λέγων</span> <span class='ocrx_word' id='word_1_303' title='bbox 1498 2853 1539 2887; x_wconf 89' lang='grc' dir='ltr'>Ε.</span> <span class='ocrx_word' id='word_1_304' title='bbox 1559 2852 1625 2887; x_wconf 93' lang='lat' dir='ltr'>Ed.</span> <span class='ocrx_word' id='word_1_305' title='bbox 1644 2863 1716 2898; x_wconf 86' lang='lat' dir='ltr'>mg.</span> <span class='ocrx_word' id='word_1_306' title='bbox 1734 2853 1826 2897; x_wconf 74' lang='grc' dir='ltr'>λέγω</span> <span class='ocrx_word' id='word_1_307' title='bbox 1845 2852 1911 2886; x_wconf 87' lang='lat' dir='ltr'>Ed.</span> 
     </span>
    </p>
   </div>
   <div class='ocr_carea' id='block_1_7' title="bbox 329 2898 1912 2993">
    <p class='ocr_par' dir='ltr' id='par_1_17' title="bbox 329 2898 1912 2993">
     <span class='ocr_line' id='line_1_34' title="bbox 331 2898 1912 2945; baseline -0.001 -11"><span class='ocrx_word' id='word_1_308' title='bbox 331 2911 386 2934; x_wconf 90' lang='lat'>20.</span> <span class='ocrx_word' id='word_1_309' title='bbox 412 2902 626 2945; x_wconf 79' lang='grc' dir='ltr'>ποιησόμεθα</span> <span class='ocrx_word' id='word_1_310' title='bbox 645 2902 686 2935; x_wconf 88' lang='grc' dir='ltr'>Ε.</span> <span class='ocrx_word' id='word_1_311' title='bbox 793 2901 850 2936; x_wconf 85' lang='lat'>26.</span> <span class='ocrx_word' id='word_1_312' title='bbox 874 2900 1004 2945; x_wconf 81' lang='grc' dir='ltr'>ᾕδεσάν</span> <span class='ocrx_word' id='word_1_313' title='bbox 1020 2916 1056 2935; x_wconf 81' lang='grc' dir='ltr'>τε</span> <span class='ocrx_word' id='word_1_314' title='bbox 1075 2907 1296 2945; x_wconf 80' lang='lat' dir='ltr'><strong>assumptum</strong></span> <span class='ocrx_word' id='word_1_315' title='bbox 1315 2912 1355 2934; x_wconf 90' lang='lat' dir='ltr'>ex</span> <span class='ocrx_word' id='word_1_316' title='bbox 1379 2900 1430 2940; x_wconf 68' lang='lat' dir='ltr'>E„</span> <span class='ocrx_word' id='word_1_317' title='bbox 1449 2899 1646 2933; x_wconf 79' lang='lat' dir='ltr'><strong>faventibus</strong></span> <span class='ocrx_word' id='word_1_318' title='bbox 1669 2906 1702 2933; x_wconf 83' lang='lat' dir='ltr'>et</span> <span class='ocrx_word' id='word_1_319' title='bbox 1719 2899 1785 2933; x_wconf 82' lang='lat' dir='ltr'>b.c.</span> <span class='ocrx_word' id='word_1_320' title='bbox 1805 2898 1912 2933; x_wconf 83' lang='lat' dir='ltr'><strong>Cord.</strong></span> 
     </span>
     <span class='ocr_line' id='line_1_35' title="bbox 329 2945 1666 2993; baseline -0.001 -13"><span class='ocrx_word' id='word_1_321' title='bbox 329 2947 390 2992; x_wconf 81' lang='lat' dir='ltr'>qui</span> <span class='ocrx_word' id='word_1_322' title='bbox 406 2945 535 2991; x_wconf 77' lang='grc' dir='ltr'>ᾔδεσαν</span> <span class='ocrx_word' id='word_1_323' title='bbox 555 2947 712 2992; x_wconf 76' lang='grc' dir='ltr'>[ᾔδεισαν</span> <span class='ocrx_word' id='word_1_324' title='bbox 731 2946 785 2993; x_wconf 90' lang='lat' dir='ltr'>b.]</span> <span class='ocrx_word' id='word_1_325' title='bbox 805 2954 884 2982; x_wconf 73' lang='lat' dir='ltr'><strong>ante</strong></span> <span class='ocrx_word' id='word_1_326' title='bbox 902 2949 981 2982; x_wconf 81' lang='grc' dir='ltr'>Υἷὸν</span> <span class='ocrx_word' id='word_1_327' title='bbox 999 2959 1104 2993; x_wconf 83' lang='lat' dir='ltr'>supra</span> <span class='ocrx_word' id='word_1_328' title='bbox 1121 2946 1268 2982; x_wconf 81' lang='lat' dir='ltr'><strong>addunt.</strong></span> <span class='ocrx_word' id='word_1_329' title='bbox 1342 2945 1608 2981; x_wconf 79' lang='grc' dir='ltr'>πεπιστεύκασιν</span> <span class='ocrx_word' id='word_1_330' title='bbox 1626 2945 1666 2979; x_wconf 90' lang='grc' dir='ltr'>Ε.</span> 
     </span>
    </p>
   </div>
   <div class='ocr_carea' id='block_1_8' title="bbox 1928 579 1951 618">
    <p class='ocr_par' dir='ltr' id='par_1_18' title="bbox 1928 579 1951 618">
     <span class='ocr_line' id='line_1_36' title="bbox 1928 579 1951 618; baseline 0 0"><span class='ocrx_word' id='word_1_331' title='bbox 1928 579 1951 618; x_wconf 91' lang='grc'>5</span> 
     </span>
    </p>
   </div>
   <div class='ocr_carea' id='block_1_9' title="bbox 1931 1066 1980 1092">
    <p class='ocr_par' dir='ltr' id='par_1_19' title="bbox 1931 1066 1980 1092">
     <span class='ocr_line' id='line_1_37' title="bbox 1931 1066 1980 1092; baseline 0 0"><span class='ocrx_word' id='word_1_332' title='bbox 1931 1066 1980 1092; x_wconf 81' lang='lat'>10</span> 
     </span>
    </p>
   </div>
   <div class='ocr_carea' id='block_1_10' title="bbox 1932 1502 1979 1540">
    <p class='ocr_par' dir='ltr' id='par_1_20' title="bbox 1932 1502 1979 1540">
     <span class='ocr_line' id='line_1_38' title="bbox 1932 1502 1979 1540; baseline 0 0"><span class='ocrx_word' id='word_1_333' title='bbox 1932 1502 1979 1540; x_wconf 87' lang='lat'>15</span> 
     </span>
    </p>
   </div>
   <div class='ocr_carea' id='block_1_11' title="bbox 1931 1919 1981 1944">
    <p class='ocr_par' dir='ltr' id='par_1_21' title="bbox 1931 1919 1981 1944">
     <span class='ocr_line' id='line_1_39' title="bbox 1931 1919 1981 1944; baseline 0.02 -1"><span class='ocrx_word' id='word_1_334' title='bbox 1931 1919 1981 1944; x_wconf 83' lang='lat'>20</span> 
     </span>
    </p>
   </div>
  </div>
 </body>
</html>
