1971 3272
93 140 202 179 ix.1.
469 140 538 179 ΙΝ
583 141 624 179 S.
660 138 997 179 JOANNEM.
1064 138 1189 178 12113.
1219 139 1291 177 vl.
1592 136 1670 175 mr»

91 247 333 309 ἐπιβλέπει
358 248 536 315 τυφλὶν,
565 251 763 311 σημεῖον
788 244 952 312 ὥσπερ
968 286 971 287 ⁷
989 247 1064 295 καὶ
1097 251 1235 295 τοῦτο
1261 246 1450 308 τίθησιν
1478 243 1668 308 ἐναργέ-

90 351 280 389 στατον,
309 327 378 378 ὅτι
404 331 486 391 τῆς
512 328 596 392 μὲν
619 328 859 378 Ἰουδαίων
886 325 1270 390 ἐπαναστήσεται
1304 326 1571 390 βδελυρίας,
1600 325 1675 373 καὶ

89 409 174 474 τὴν
217 408 463 476 θεομάχων
507 410 785 478 καταλείψει
836 407 1040 472 πληθὺν,
1083 407 1390 476 ἐπισκέψεται
1438 405 1485 456 δὲ
1529 404 1675 455 πάλιν

88 495 277 552 μᾶλλον
311 489 370 540 τὰ
405 491 529 555 ἔθνη,
557 494 633 542 καὶ
669 495 732 544 εἷς
766 490 884 541 αὐτὰ
917 490 1241 556 μεταστρέφει
1275 491 1357 551 τῆς
1391 485 1675 553 ἡμερότητος

48 585 70 623 5
89 575 170 635 τῆς
196 573 337 622 αὐτοῦ
370 572 456 636 τὴν
483 573 773 640 φιλοτιμίαν,
800 572 830 623 ἂ
866 574 940 622 καὶ
970 575 1037 640 τῷ
1074 571 1124 622 ἐκ
1151 569 1322 636 γενετῆς
1348 568 1675 635 παρεικάζεται

88 657 266 722 τυφλῷ,
295 652 370 704 διὰ
403 654 456 704 τὸ
495 656 542 704 ἐν
568 653 730 722 πλάνῃ
766 655 1053 719 γεγενῆσθαι
1090 654 1165 702 καὶ
1199 653 1249 702 ἐκ
1284 651 1474 717 πρώτης
1509 649 1676 714 ὥσπερ

89 735 270 798 ἡλικίας·
305 735 454 802 ἔρημα
491 739 574 799 τῆς
612 737 820 799 ἀληθοῦς
856 735 1148 800 θεογνωσίας
1184 732 1410 800 ὑπάρχειν
1438 730 1570 793 αὐτὰ,
1599 732 1674 780 καὶ

89 816 143 867 τὸ
187 821 289 885 φῶς
334 818 415 868 οὐκ
461 817 581 885 ἔχειν
620 817 674 867 τὸ
717 815 849 883 παρὰ
895 820 1035 878 Θεοῦ,
1075 814 1304 876 τουτέστι,
1344 814 1426 865 τὸν
1472 812 1548 864 διὰ
1592 816 1720 863 τοῦᾶ

92 897 367 962 Πνεύματος
407 898 675 967 φωτισμόν.
733 900 1015 965 ἐπιτηρῆσαι
1054 897 1102 948 δὲ
1140 896 1290 948 πάλιν
1328 895 1592 946 ἀκόλουθον
1630 895 1680 944 τί

26 995 71 1020 10
90 979 146 1030 ἂν
196 980 423 1041 βούλοιτο
474 985 650 1044 δηλοῦν
699 980 754 1030 τὸ
807 981 868 1033 ὡς
918 981 967 1030 ἐν
1017 981 1300 1045 παραδρομῇ
1357 976 1439 1028 τὸν
1488 975 1676 1044 τυφλὸν

89 1062 378 1130 ἐπεσκέφθαι
408 1062 538 1128 παρὰ
564 1066 795 1128 Χριστοῦ.
848 1062 929 1112 καί
958 1084 1038 1125 μοι
1071 1059 1220 1112 πάλιν
1247 1059 1399 1110 ἔπεισι
1435 1063 1575 1120 νοεῖν,
1606 1057 1678 1107 ὅτι

89 1143 255 1209 κυρίως
300 1143 384 1203 μὲν
422 1145 525 1211 οὐχὶ
570 1149 666 1197 τοῖς
711 1143 895 1194 ἔθνεσιν
934 1142 1230 1206 ἐπεδήμησεν
1270 1143 1294 1192 ὁ
1334 1139 1562 1207 Χριστὸς,
1602 1139 1678 1191 διὰ

89 1223 235 1289 μόνον
272 1225 321 1276 δὲ
359 1225 441 1276 τὸν
478 1225 697 1292 Ἰσραὴλ,
737 1225 860 1276 καθὰ
903 1226 979 1275 καὶ
1020 1224 1158 1278 αὐτός
1198 1246 1291 1275 που
1333 1223 1485 1291 φησίν
1525 1222 1677 1272 “Obx

93 1313 119 1336 ‘⁶
144 1307 424 1371 ἀπεστάλην
462 1311 500 1357 εἰ
539 1306 604 1371 μὴ
645 1311 707 1361 εἰς
745 1306 805 1358 τὰ
845 1306 1068 1373 πρόβατα
1113 1305 1172 1356 τὰ
1217 1302 1508 1356 ἀπολωλότα
1553 1302 1679 1353 οἴκου

27 1402 73 1441 15
92 1394 120 1417 “
144 1388 397 1454 Ἰσραήλ·”
438 1388 727 1455 κατωρθώθη
755 1388 804 1439 δὲ
831 1393 928 1442 τοῖς
954 1388 1139 1439 ἔθνεσιν
1165 1387 1193 1451 ἡ
1226 1386 1498 1453 ἀνάβλεψις
1534 1386 1596 1438 ὡς
1631 1385 1680 1434 ἐν

91 1468 284 1539 παρόδῳ
311 1474 530 1536 Χριστοῦ
555 1470 931 1537 μεθορμίσαντος
956 1469 1025 1521 ἐπ’
1053 1468 1172 1520 αὐτὰ
1206 1466 1288 1519 τὸν
1314 1465 1461 1528 ἔλεον,
1490 1464 1565 1517 διὰ
1596 1464 1681 1529 τὴν

92 1557 175 1603 τοῦ
199 1551 403 1618 Ἰσραὴλ
438 1553 692 1604 ἀπείθειαν.
739 1554 815 1603 καὶ
851 1557 989 1603 τοῦτο
1022 1549 1078 1615 ἦν
1111 1551 1203 1617 ἄρα
1237 1549 1291 1601 τὸ
1329 1547 1405 1600 διὰ
1433 1547 1680 1601 Μωυσέως

93 1635 168 1685 καὶ
194 1634 342 1686 πάλιν
367 1633 690 1702 προᾳδόμενον
715 1640 741 1663 “
761 1633 891 1698 Ἐγὼ
923 1631 1260 1699 παραζηλώσω
1298 1629 1464 1683 αὐτοὺς
1498 1630 1569 1680 ἐπ’
1598 1629 1680 1680 οὐκ

93 1722 122 1745 “
147 1716 279 1779 ἔθνει,
302 1716 371 1767 ἐπ’
401 1716 519 1766 ε”θνει
544 1715 759 1784 ἀσυνέτῳ
785 1719 1030 1782 παροργιῶ
1058 1713 1270 1767 αὐτούς.”
1318 1713 1451 1765 ε”θνος
1476 1710 1561 1776 μὲν
1587 1710 1680 1777 γὰρ

26 1816 75 1843 20
94 1795 324 1849 ἀσύνετον
354 1796 411 1861 ἧν
441 1796 494 1848 τὸ
531 1799 755 1848 δουλεῦον
781 1800 839 1863 τῇ
876 1797 1024 1847 κτίσει
1058 1794 1189 1862 παρὰ
1222 1793 1305 1846 τὸν
1331 1793 1576 1856 κτίσαντα,
1605 1795 1681 1843 καὶ

93 1884 275 1943 κτηνῶν
299 1880 491 1944 ἀλόγων
517 1880 649 1943 δίκην
676 1883 737 1932 εἷς
764 1883 930 1930 πᾶσαν
956 1879 1122 1931 ἁπλῶς
1149 1877 1356 1940 ἀμαθίαν
1381 1873 1681 1936 καταβοσκό-

92 1984 248 2024 μενον,
275 1963 350 2011 καὶ
384 1959 544 2024 μόνοις
576 1960 878 2027 προσανέχον
911 1965 1007 2012 τοῖς
1046 1961 1120 2009 ἐπὶ
1158 1961 1240 2022 τῆς
1279 1961 1382 2022 γῆς.
1440 1955 1596 2020 ἐπειδὴ
1633 1955 1680 2006 δὲ

92 2041 398 2108 παρώργισεν
425 2043 448 2092 ὁ
474 2040 679 2107 Ἰσραὴλ
715 2043 740 2092 ὁ
778 2040 934 2108 σοφὸς
971 2039 1047 2090 διὰ
1080 2038 1163 2090 τὸν
1188 2038 1344 2103 νόμον,
1373 2040 1448 2089 καὶ
1484 2036 1680 2090 συνετὸς

93 2123 169 2174 διὰ
212 2122 267 2175 τὸ
310 2122 560 2191 προφήτας
605 2123 739 2190 ἔχειν,
783 2122 1204 2188 ἀντιπαρωργίσθη
1254 2119 1384 2186 παρὰ
1426 2125 1509 2170 τοῦ
1554 2122 1680 2169 Θεοῦ

27 2225 73 2263 25
92 2205 506 2273 προσληφθέντων
536 2209 596 2258 εἷς
634 2203 717 2255 τὸν
748 2204 933 2257 ἐκείνοις
971 2204 1213 2269 πρέποντα
1243 2203 1399 2253 -τόπον
1430 2206 1525 2252 τῶν
1556 2203 1676 2250 ἀσυ-

94 2289 236 2339 νέτων
261 2286 314 2338 τὸ
349 2288 474 2353 πρὶν,
501 2285 568 2339 οἷς
607 2284 682 2336 διὰ
720 2289 804 2349 τῆς
841 2286 1048 2338 πίστεως
1086 2287 1162 2336 καὶ
1191 2291 1218 2314 “
1238 2284 1393 2352 σοφία
1429 2283 1623 2348 γέγονεν
1655 2282 1679 2332 ὁ

94 2376 121 2399 “
146 2368 359 2436 Χριστὸς
386 2369 461 2418 καὶ
488 2366 728 2432 ἁγιασμὸς
754 2369 830 2418 καὶ
856 2365 1235 2431 ἀπολύτρωσις,”
1254 2365 1375 2417 κατὰ
1394 2364 1448 2417 τὸ
1474 2387 1681 2430 γεγραμ-

92 2450 244 2515 μένον,
273 2452 420 2513 δῆλον
445 2449 493 2500 δὲ
520 2449 591 2499 ὅτι
617 2451 693 2500 καὶ
719 2452 822 2518 φῶς
849 2451 925 2499 καὶ
952 2446 1242 2516 ἀνάβλεψις.

142 2596 172 2619 1.
198 2583 334 2628 τίθησιν
353 2583 466 2617 B.b.e.
486 2582 593 2617 Cord.
613 2582 733 2617 Holst.
753 2582 858 2617 τιθεὶς
876 2593 894 2615 e
913 2581 989 2615 Cat.
1016 2581 1117 2615 Harl.
1140 2581 1236 2615 Aub.
1443 2591 1477 2624 3.
1502 2579 1681 2623 θεομάχων

93 2631 137 2666 Β.
155 2632 325 2676 θεομάχον
344 2631 408 2664 Ht.
428 2629 496 2663 Ed.
575 2630 679 2663 πάλιν
704 2641 775 2663 om.
801 2627 965 2668 Catenae,
987 2627 1060 2661 sive
1085 2627 1329 2661 abbreviantes
1353 2626 1460 2670 ipsae,
1480 2626 1552 2659 sive
1577 2627 1681 2659 πάλιν

92 2680 226 2722 μᾶλλον
242 2687 424 2721 perperam
444 2675 583 2719 scripsit
602 2675 644 2709 B.
855 2684 889 2718 5.
915 2675 975 2717 τὴν
992 2674 1195 2717 φιλοτιμίαν
1211 2675 1269 2716 τῆς
1287 2674 1406 2706 ἑαυτοῦ
1423 2672 1630 2715 ἡμερότητος
1647 2683 1678 2705 a.

93 2724 126 2758 6.
152 2723 354 2769 γεγενῆσθαι
372 2722 503 2756 habent
521 2733 550 2755 c.
571 2720 679 2755 Cord.
729 2720 937 2765 Legendum
954 2725 994 2753 ut
1011 2719 1082 2753 vid.
1099 2719 1336 2764 γεγεννῆσθαι.
1461 2718 1495 2751 8.
1521 2717 1679 2751 τουτέστι

94 2770 286 2813 assumpsit
303 2780 321 2802 e
340 2768 418 2802 Cat.
440 2768 538 2802 Harl.
557 2773 597 2800 ut
615 2766 684 2801 vid.
701 2767 796 2800 Aub.
943 2776 996 2799 12.
1024 2765 1101 2809 οὐχὶ
1119 2777 1148 2798 a.
1168 2765 1208 2798 οὐ
1227 2765 1294 2798 Ed.
1441 2775 1494 2808 13.
1521 2763 1631 2799 καθὼς
1648 2775 1679 2798 a.

98 2827 152 2862 19.
178 2815 248 2860 ἐπ’]
269 2815 323 2849 ἐπὶ
341 2827 372 2848 a.
392 2814 501 2859 (A.V.
520 2812 599 2857 &c.)
710 2824 766 2847 22.
791 2811 1008 2857 προσανέχον
1025 2822 1055 2845 a.
1072 2811 1298 2856 προσανέχων
1318 2810 1395 2844 Cat.
1414 2810 1515 2844 Harl.
1535 2810 1574 2844 ἂν
1591 2810 1680 2854 ἔχων

97 2878 139 2912 Β.
157 2878 279 2923 ἀνέχον
297 2877 363 2912 Ed.
429 2878 487 2920 τῆς
504 2888 574 2910 om.
593 2887 623 2910 a.
795 2886 850 2917 24.
877 2867 1198 2919 dvrtvrap‘b'pytffflds·
1217 2874 1259 2908 Β.
1275 2873 1596 2918 ἀντιπαροργισθεὶς
1615 2873 1679 2908 Ht.

97 2924 394 2970 ἀντιπαρωργίσθη
413 2936 431 2958 e
450 2923 526 2958 Cat.
547 2922 648 2957 Harl.
666 2928 705 2956 ut
724 2921 794 2957 vid.
813 2921 907 2956 Aub.
1052 2921 1108 2956 26.
1136 2921 1247 2965 σοφία
1264 2932 1294 2955 a.
1315 2921 1442 2966 σοφίας
1460 2920 1527 2954 Ed.

1740 1220 1899 1251 SMatth.

1739 1275 1793 1295 xv.
1815 1273 1866 1304 24.

1698 1571 1720 1598 e

1742 1631 1844 1662 Deub.

1741 1685 1843 1705 xxxn.
1854 1683 1868 1705 2
1877 1682 1903 1705 Ι.

1698 2221 1720 2246 a
1750 2214 1838 2247 588
1852 2213 1903 2247 A.

1745 2286 1757 2307 1
1773 2278 1845 2309 Cor.
1860 2278 1881 2310 i.

1744 2330 1795 2361 30.
