<?xml version="1.0" encoding="UTF-8"?>
<!DOCTYPE html PUBLIC "-//W3C//DTD XHTML 1.0 Transitional//EN"
    "http://www.w3.org/TR/xhtml1/DTD/xhtml1-transitional.dtd">
<html xmlns="http://www.w3.org/1999/xhtml" xml:lang="en" lang="en">
 <head>
  <title>
</title>
<meta http-equiv="Content-Type" content="text/html;charset=utf-8" />
  <meta name='ocr-system' content='tesseract 3.04.00' />
  <meta name='ocr-capabilities' content='ocr_page ocr_carea ocr_par ocr_line ocrx_word'/>
</head>
<body>
  <div class='ocr_page' id='page_1' title='image "./operacyrilli04cyriuoft_0592.png"; bbox 0 0 2037 3266; ppageno 0'>
   <div class='ocr_carea' id='block_1_1' title="bbox 121 899 279 983">
    <p class='ocr_par' dir='ltr' id='par_1_1' title="bbox 121 899 279 983">
     <span class='ocr_line' id='line_1_1' title="bbox 121 899 279 931; baseline -0.006 -1"><span class='ocrx_word' id='word_1_1' title='bbox 121 899 279 931; x_wconf 80' lang='lat' dir='ltr'>Heb.xiii.</span> 
     </span>
     <span class='ocr_line' id='line_1_2' title="bbox 123 951 172 983; baseline 0.02 -11"><span class='ocrx_word' id='word_1_2' title='bbox 123 951 172 983; x_wconf 91' lang='lat'>14.</span> 
     </span>
    </p>
   </div>
   <div class='ocr_carea' id='block_1_2' title="bbox 120 1052 235 1127">
    <p class='ocr_par' dir='ltr' id='par_1_2' title="bbox 120 1052 235 1127">
     <span class='ocr_line' id='line_1_3' title="bbox 120 1052 235 1085; baseline 0.009 -3"><span class='ocrx_word' id='word_1_3' title='bbox 120 1052 172 1085; x_wconf 88' lang='lat' dir='ltr'>Ib.</span> <span class='ocrx_word' id='word_1_4' title='bbox 192 1053 235 1084; x_wconf 86' lang='lat' dir='ltr'>xi.</span> 
     </span>
     <span class='ocr_line' id='line_1_4' title="bbox 124 1105 171 1127; baseline 0.021 -1"><span class='ocrx_word' id='word_1_5' title='bbox 124 1105 171 1127; x_wconf 88' lang='lat'>10.</span> 
     </span>
    </p>
   </div>
   <div class='ocr_carea' id='block_1_3' title="bbox 119 1387 230 1470">
    <p class='ocr_par' dir='ltr' id='par_1_3' title="bbox 119 1387 230 1470">
     <span class='ocr_line' id='line_1_5' title="bbox 119 1387 225 1427; baseline 0 -11"><span class='ocrx_word' id='word_1_6' title='bbox 119 1387 225 1427; x_wconf 79' lang='lat' dir='ltr'><strong>Supra</strong></span> 
     </span>
     <span class='ocr_line' id='line_1_6' title="bbox 122 1430 230 1470; baseline 0.009 -10"><span class='ocrx_word' id='word_1_7' title='bbox 122 1430 187 1460; x_wconf 88' lang='lat' dir='ltr'>xiv.</span> <span class='ocrx_word' id='word_1_8' title='bbox 202 1438 230 1470; x_wconf 79' lang='lat'>3.</span> 
     </span>
    </p>
   </div>
   <div class='ocr_carea' id='block_1_4' title="bbox 124 1710 285 1794">
    <p class='ocr_par' dir='ltr' id='par_1_4' title="bbox 124 1710 285 1794">
     <span class='ocr_line' id='line_1_7' title="bbox 125 1710 285 1741; baseline 0.006 -1"><span class='ocrx_word' id='word_1_9' title='bbox 125 1710 285 1741; x_wconf 75' lang='lat' dir='ltr'><strong>SMatth.</strong></span> 
     </span>
     <span class='ocr_line' id='line_1_8' title="bbox 124 1760 224 1794; baseline 0.01 -10"><span class='ocrx_word' id='word_1_10' title='bbox 124 1764 156 1784; x_wconf 79' lang='lat' dir='ltr'>x.</span> <span class='ocrx_word' id='word_1_11' title='bbox 173 1760 224 1794; x_wconf 80' lang='lat'>37.</span> 
     </span>
    </p>
   </div>
   <div class='ocr_carea' id='block_1_5' title="bbox 132 2371 228 2446">
    <p class='ocr_par' dir='ltr' id='par_1_5' title="bbox 132 2371 228 2446">
     <span class='ocr_line' id='line_1_9' title="bbox 135 2371 228 2402; baseline 0.011 -1"><span class='ocrx_word' id='word_1_12' title='bbox 135 2371 228 2402; x_wconf 86' lang='lat' dir='ltr'>Rom.</span> 
     </span>
     <span class='ocr_line' id='line_1_10' title="bbox 132 2423 227 2446; baseline 0.021 -2"><span class='ocrx_word' id='word_1_13' title='bbox 132 2426 186 2445; x_wconf 85' lang='lat' dir='ltr'>xn.</span> <span class='ocrx_word' id='word_1_14' title='bbox 200 2423 227 2446; x_wconf 88' lang='lat'>1.</span> 
     </span>
    </p>
   </div>
   <div class='ocr_carea' id='block_1_6' title="bbox 131 2529 249 2613">
    <p class='ocr_par' dir='ltr' id='par_1_6' title="bbox 131 2529 249 2613">
     <span class='ocr_line' id='line_1_11' title="bbox 131 2529 249 2559; baseline 0 0"><span class='ocrx_word' id='word_1_15' title='bbox 131 2529 205 2559; x_wconf 78' lang='lat' dir='ltr'><strong>Gal.</strong></span> <span class='ocrx_word' id='word_1_16' title='bbox 218 2539 249 2559; x_wconf 92' lang='lat' dir='ltr'>v.</span> 
     </span>
     <span class='ocr_line' id='line_1_12' title="bbox 134 2581 184 2613; baseline 0.02 -11"><span class='ocrx_word' id='word_1_17' title='bbox 134 2581 184 2613; x_wconf 84' lang='lat'>24.</span> 
     </span>
    </p>
   </div>
   <div class='ocr_carea' id='block_1_7' title="bbox 134 2772 281 2854">
    <p class='ocr_par' dir='ltr' id='par_1_7' title="bbox 134 2772 281 2854">
     <span class='ocr_line' id='line_1_13' title="bbox 134 2772 281 2803; baseline -0.007 0"><span class='ocrx_word' id='word_1_18' title='bbox 134 2772 221 2803; x_wconf 85' lang='lat' dir='ltr'><strong>Heb.</strong></span> <span class='ocrx_word' id='word_1_19' title='bbox 239 2772 281 2802; x_wconf 83' lang='lat' dir='ltr'>vi.</span> 
     </span>
     <span class='ocr_line' id='line_1_14' title="bbox 136 2824 165 2854; baseline 0 -8"><span class='ocrx_word' id='word_1_20' title='bbox 136 2824 165 2854; x_wconf 77' lang='lat'>5.</span> 
     </span>
    </p>
   </div>
   <div class='ocr_carea' id='block_1_8' title="bbox 335 137 1918 189">
    <p class='ocr_par' dir='ltr' id='par_1_8' title="bbox 335 137 1918 189">
     <span class='ocr_line' id='line_1_15' title="bbox 335 137 1918 189; baseline -0.001 -12"><span class='ocrx_word' id='word_1_21' title='bbox 335 137 420 177; x_wconf 88' lang='lat'>580</span> <span class='ocrx_word' id='word_1_22' title='bbox 735 138 786 179; x_wconf 87' lang='grc' dir='ltr'>Β.</span> <span class='ocrx_word' id='word_1_23' title='bbox 819 138 1098 181; x_wconf 77' lang='lat' dir='ltr'>CYRILLI</span> <span class='ocrx_word' id='word_1_24' title='bbox 1139 137 1520 180; x_wconf 83' lang='lat' dir='ltr'><strong>ALEXANDR.</strong></span> <span class='ocrx_word' id='word_1_25' title='bbox 1672 152 1740 178; x_wconf 74' lang='lat' dir='ltr'>xv.</span> <span class='ocrx_word' id='word_1_26' title='bbox 1765 145 1918 189; x_wconf 84' lang='lat'>14,15.</span> 
     </span>
    </p>
   </div>
   <div class='ocr_carea' id='block_1_9' title="bbox 304 244 2037 2847">
    <p class='ocr_par' dir='ltr' id='par_1_9' title="bbox 304 244 2037 2847">
     <span class='ocr_line' id='line_1_16' title="bbox 338 244 1917 315; baseline -0.001 -20"><span class='ocrx_word' id='word_1_27' title='bbox 338 244 517 296; x_wconf 84' lang='grc' dir='ltr'>δύσατο</span> <span class='ocrx_word' id='word_1_28' title='bbox 559 246 792 313; x_wconf 84' lang='grc' dir='ltr'>καύχημα·</span> <span class='ocrx_word' id='word_1_29' title='bbox 857 250 931 298; x_wconf 80' lang='grc' dir='ltr'>καὶ</span> <span class='ocrx_word' id='word_1_30' title='bbox 972 249 1074 315; x_wconf 79' lang='grc' dir='ltr'>οὐχὶ</span> <span class='ocrx_word' id='word_1_31' title='bbox 1115 253 1254 298; x_wconf 87' lang='grc' dir='ltr'>τοῦτο</span> <span class='ocrx_word' id='word_1_32' title='bbox 1298 246 1458 310; x_wconf 87' lang='grc' dir='ltr'>μόνον,</span> <span class='ocrx_word' id='word_1_33' title='bbox 1499 245 1630 297; x_wconf 81' lang='grc' dir='ltr'>ἀλλὰ</span> <span class='ocrx_word' id='word_1_34' title='bbox 1666 247 1741 296; x_wconf 85' lang='grc' dir='ltr'>καὶ</span> <span class='ocrx_word' id='word_1_35' title='bbox 1783 244 1917 295; x_wconf 87' lang='grc' dir='ltr'>θείων</span> 
     </span>
     <span class='ocr_line' id='line_1_17' title="bbox 339 324 1919 394; baseline 0.002 -18"><span class='ocrx_word' id='word_1_36' title='bbox 339 326 518 394; x_wconf 76' lang='grc' dir='ltr'>ἠξιώθη</span> <span class='ocrx_word' id='word_1_37' title='bbox 558 326 731 394; x_wconf 78' lang='grc' dir='ltr'>λόγων,</span> <span class='ocrx_word' id='word_1_38' title='bbox 774 332 848 379; x_wconf 75' lang='grc' dir='ltr'>καὶ</span> <span class='ocrx_word' id='word_1_39' title='bbox 890 329 1072 393; x_wconf 80' lang='grc' dir='ltr'>βουλὴν</span> <span class='ocrx_word' id='word_1_40' title='bbox 1117 329 1237 394; x_wconf 73' lang='grc' dir='ltr'>ε”γνω</span> <span class='ocrx_word' id='word_1_41' title='bbox 1281 333 1419 391; x_wconf 84' lang='grc' dir='ltr'>Θεοῦ,</span> <span class='ocrx_word' id='word_1_42' title='bbox 1461 327 1546 391; x_wconf 84' lang='grc' dir='ltr'>τὴν</span> <span class='ocrx_word' id='word_1_43' title='bbox 1590 326 1658 378; x_wconf 83' lang='grc' dir='ltr'>ἐπ’</span> <span class='ocrx_word' id='word_1_44' title='bbox 1700 324 1919 393; x_wconf 71' lang='grc' dir='ltr'>ἐσχάτοις</span> 
     </span>
     <span class='ocr_line' id='line_1_18' title="bbox 339 405 1918 478; baseline -0.001 -20"><span class='ocrx_word' id='word_1_45' title='bbox 339 409 591 474; x_wconf 75' lang='grc' dir='ltr'>γενομένην</span> <span class='ocrx_word' id='word_1_46' title='bbox 637 416 827 476; x_wconf 84' lang='grc' dir='ltr'>καιροῖς.</span> <span class='ocrx_word' id='word_1_47' title='bbox 896 413 968 461; x_wconf 77' lang='grc' dir='ltr'>ἐπὶ</span> <span class='ocrx_word' id='word_1_48' title='bbox 1014 413 1261 478; x_wconf 81' lang='grc' dir='ltr'>συντελείᾳ</span> <span class='ocrx_word' id='word_1_49' title='bbox 1303 409 1396 476; x_wconf 79' lang='grc' dir='ltr'>γὰρ</span> <span class='ocrx_word' id='word_1_50' title='bbox 1437 414 1531 459; x_wconf 80' lang='grc' dir='ltr'>τῶν</span> <span class='ocrx_word' id='word_1_51' title='bbox 1577 408 1758 459; x_wconf 75' lang='grc' dir='ltr'>αἰώνων</span> <span class='ocrx_word' id='word_1_52' title='bbox 1803 405 1918 473; x_wconf 77' lang='grc' dir='ltr'>ὑπὲρ</span> 
     </span>
     <span class='ocr_line' id='line_1_19' title="bbox 340 489 1920 557; baseline -0.001 -17"><span class='ocrx_word' id='word_1_53' title='bbox 340 490 472 552; x_wconf 80' lang='grc' dir='ltr'>ἡμῶν</span> <span class='ocrx_word' id='word_1_54' title='bbox 510 492 739 542; x_wconf 77' lang='grc' dir='ltr'>ἀπέθανεν</span> <span class='ocrx_word' id='word_1_55' title='bbox 767 494 791 541; x_wconf 87' lang='grc' dir='ltr'><em>ὁ</em></span> <span class='ocrx_word' id='word_1_56' title='bbox 820 491 1045 557; x_wconf 76' lang='grc' dir='ltr'>Χριστος,</span> <span class='ocrx_word' id='word_1_57' title='bbox 1073 491 1126 542; x_wconf 78' lang='grc' dir='ltr'>τὸ</span> <span class='ocrx_word' id='word_1_58' title='bbox 1167 491 1286 557; x_wconf 80' lang='grc' dir='ltr'>ἱερὸν</span> <span class='ocrx_word' id='word_1_59' title='bbox 1326 491 1471 545; x_wconf 80' lang='grc' dir='ltr'>ὅντως</span> <span class='ocrx_word' id='word_1_60' title='bbox 1510 493 1585 541; x_wconf 72' lang='grc' dir='ltr'>καὶ</span> <span class='ocrx_word' id='word_1_61' title='bbox 1621 489 1755 555; x_wconf 82' lang='grc' dir='ltr'>ἅγιον</span> <span class='ocrx_word' id='word_1_62' title='bbox 1794 493 1920 551; x_wconf 90' lang='grc' dir='ltr'>θῦμα</span> 
     </span>
     <span class='ocr_line' id='line_1_20' title="bbox 341 570 1962 639; baseline 0.001 -18"><span class='ocrx_word' id='word_1_63' title='bbox 341 570 395 621; x_wconf 85' lang='grc' dir='ltr'>τὸ</span> <span class='ocrx_word' id='word_1_64' title='bbox 422 570 553 637; x_wconf 79' lang='grc' dir='ltr'>αἷρον</span> <span class='ocrx_word' id='word_1_65' title='bbox 578 573 663 635; x_wconf 83' lang='grc' dir='ltr'>τὴν</span> <span class='ocrx_word' id='word_1_66' title='bbox 691 574 922 639; x_wconf 82' lang='grc' dir='ltr'>ἁμαρτίαν</span> <span class='ocrx_word' id='word_1_67' title='bbox 949 579 1032 624; x_wconf 91' lang='grc' dir='ltr'>τοῦ</span> <span class='ocrx_word' id='word_1_68' title='bbox 1057 573 1252 635; x_wconf 88' lang='grc' dir='ltr'>κόσμου.</span> <span class='ocrx_word' id='word_1_69' title='bbox 1940 585 1962 623; x_wconf 91' lang='grc'>5</span> 
     </span>
     <span class='ocr_line' id='line_1_21' title="bbox 415 647 1921 721; baseline -0.001 -18"><span class='ocrx_word' id='word_1_70' title='bbox 415 654 557 703; x_wconf 88' lang='grc' dir='ltr'>Ἀλλ’</span> <span class='ocrx_word' id='word_1_71' title='bbox 587 653 672 718; x_wconf 80' lang='grc' dir='ltr'>ὅρα</span> <span class='ocrx_word' id='word_1_72' title='bbox 704 678 782 716; x_wconf 95' lang='grc' dir='ltr'>μοι</span> <span class='ocrx_word' id='word_1_73' title='bbox 819 654 966 705; x_wconf 86' lang='grc' dir='ltr'>πάλιν</span> <span class='ocrx_word' id='word_1_74' title='bbox 992 655 1049 705; x_wconf 76' lang='grc' dir='ltr'>τὰ</span> <span class='ocrx_word' id='word_1_75' title='bbox 1083 656 1166 705; x_wconf 70' lang='grc' dir='ltr'>ἰ’σα</span> <span class='ocrx_word' id='word_1_76' title='bbox 1199 655 1505 721; x_wconf 75' lang='grc' dir='ltr'>πληρούμενα</span> <span class='ocrx_word' id='word_1_77' title='bbox 1532 656 1607 704; x_wconf 78' lang='grc' dir='ltr'>καὶ</span> <span class='ocrx_word' id='word_1_78' title='bbox 1630 647 1703 705; x_wconf 71' lang='grc' dir='ltr'>ε’πῖ</span> <span class='ocrx_word' id='word_1_79' title='bbox 1729 657 1823 703; x_wconf 84' lang='grc' dir='ltr'>τῶν</span> <span class='ocrx_word' id='word_1_80' title='bbox 1848 652 1921 703; x_wconf 81' lang='grc' dir='ltr'>διὰ</span> 
     </span>
     <span class='ocr_line' id='line_1_22' title="bbox 342 736 1918 804; baseline -0.001 -19"><span class='ocrx_word' id='word_1_81' title='bbox 342 736 546 788; x_wconf 85' lang='grc' dir='ltr'>πίστεως</span> <span class='ocrx_word' id='word_1_82' title='bbox 586 739 646 788; x_wconf 79' lang='grc' dir='ltr'>εἰς</span> <span class='ocrx_word' id='word_1_83' title='bbox 687 737 854 804; x_wconf 87' lang='grc' dir='ltr'>φιλίαν</span> <span class='ocrx_word' id='word_1_84' title='bbox 894 737 1245 796; x_wconf 73' lang='grc' dir='ltr'>ἀναβαινόντων</span> <span class='ocrx_word' id='word_1_85' title='bbox 1278 743 1360 787; x_wconf 86' lang='grc' dir='ltr'>τοῦ</span> <span class='ocrx_word' id='word_1_86' title='bbox 1389 739 1607 802; x_wconf 79' lang='grc' dir='ltr'>Σωτῆρος</span> <span class='ocrx_word' id='word_1_87' title='bbox 1639 737 1770 800; x_wconf 82' lang='grc' dir='ltr'>ἡμῶν</span> <span class='ocrx_word' id='word_1_88' title='bbox 1795 738 1918 801; x_wconf 82' lang='grc' dir='ltr'>Χρι-</span> 
     </span>
     <span class='ocr_line' id='line_1_23' title="bbox 343 816 1923 887; baseline 0 -22"><span class='ocrx_word' id='word_1_89' title='bbox 343 822 477 866; x_wconf 87' lang='grc' dir='ltr'>στοῦ·</span> <span class='ocrx_word' id='word_1_90' title='bbox 531 816 744 880; x_wconf 75' lang='grc' dir='ltr'>ἤκουσαν</span> <span class='ocrx_word' id='word_1_91' title='bbox 783 820 858 868; x_wconf 74' lang='grc' dir='ltr'>καὶ</span> <span class='ocrx_word' id='word_1_92' title='bbox 896 820 1029 869; x_wconf 82' lang='grc' dir='ltr'>αὐτοί</span> <span class='ocrx_word' id='word_1_93' title='bbox 1063 817 1317 887; x_wconf 74' lang='grc' dir='ltr'>“”Εξελθε</span> <span class='ocrx_word' id='word_1_94' title='bbox 1355 820 1401 869; x_wconf 83' lang='grc' dir='ltr'>ἐκ</span> <span class='ocrx_word' id='word_1_95' title='bbox 1440 821 1522 882; x_wconf 81' lang='grc' dir='ltr'>τῆς</span> <span class='ocrx_word' id='word_1_96' title='bbox 1549 821 1635 882; x_wconf 81' lang='grc' dir='ltr'>γῆς</span> <span class='ocrx_word' id='word_1_97' title='bbox 1661 817 1796 868; x_wconf 86' lang='grc' dir='ltr'>σου.”</span> <span class='ocrx_word' id='word_1_98' title='bbox 1847 818 1923 866; x_wconf 80' lang='grc' dir='ltr'>καὶ</span> 
     </span>
     <span class='ocr_line' id='line_1_24' title="bbox 345 897 1923 967; baseline 0.001 -20"><span class='ocrx_word' id='word_1_99' title='bbox 345 897 414 948; x_wconf 82' lang='grc' dir='ltr'>ὅτι</span> <span class='ocrx_word' id='word_1_100' title='bbox 453 898 708 963; x_wconf 78' lang='grc' dir='ltr'>δεδράκασι</span> <span class='ocrx_word' id='word_1_101' title='bbox 746 900 1012 965; x_wconf 79' lang='grc' dir='ltr'>προθύμως,</span> <span class='ocrx_word' id='word_1_102' title='bbox 1041 901 1175 951; x_wconf 73' lang='grc' dir='ltr'>ἄκουε</span> <span class='ocrx_word' id='word_1_103' title='bbox 1210 902 1258 951; x_wconf 91' lang='grc' dir='ltr'>τί</span> <span class='ocrx_word' id='word_1_104' title='bbox 1290 905 1442 967; x_wconf 87' lang='grc' dir='ltr'>φασιν</span> <span class='ocrx_word' id='word_1_105' title='bbox 1482 907 1509 929; x_wconf 85' lang='grc'><strong>“</strong></span> <span class='ocrx_word' id='word_1_106' title='bbox 1532 902 1607 951; x_wconf 79' lang='grc' dir='ltr'>Οὐ</span> <span class='ocrx_word' id='word_1_107' title='bbox 1638 899 1730 966; x_wconf 78' lang='grc' dir='ltr'>γὰρ</span> <span class='ocrx_word' id='word_1_108' title='bbox 1757 899 1923 966; x_wconf 72' lang='grc' dir='ltr'>ἔχομεν</span> 
     </span>
     <span class='ocr_line' id='line_1_25' title="bbox 305 977 1994 1047; baseline 0.001 -18"><span class='ocrx_word' id='word_1_109' title='bbox 305 986 371 1025; x_wconf 71' lang='lat'>0⁴⁶</span> <span class='ocrx_word' id='word_1_110' title='bbox 397 977 483 1030; x_wconf 76' lang='grc' dir='ltr'>ὧδε</span> <span class='ocrx_word' id='word_1_111' title='bbox 523 980 761 1043; x_wconf 88' lang='grc' dir='ltr'>μένουσαν</span> <span class='ocrx_word' id='word_1_112' title='bbox 798 981 954 1044; x_wconf 86' lang='grc' dir='ltr'>πόλιν,</span> <span class='ocrx_word' id='word_1_113' title='bbox 995 981 1126 1032; x_wconf 80' lang='grc' dir='ltr'>ἀλλά</span> <span class='ocrx_word' id='word_1_114' title='bbox 1165 982 1250 1045; x_wconf 85' lang='grc' dir='ltr'>τὴν</span> <span class='ocrx_word' id='word_1_115' title='bbox 1287 982 1567 1046; x_wconf 75' lang='grc' dir='ltr'>μέλλουσαν</span> <span class='ocrx_word' id='word_1_116' title='bbox 1605 981 1919 1047; x_wconf 73' lang='grc' dir='ltr'>ἐπιζητοῦμεν·</span> <span class='ocrx_word' id='word_1_117' title='bbox 1946 1001 1994 1026; x_wconf 93' lang='lat'>10</span> 
     </span>
     <span class='ocr_line' id='line_1_26' title="bbox 345 1061 1924 1130; baseline -0.001 -17"><span class='ocrx_word' id='word_1_118' title='bbox 345 1068 372 1090; x_wconf 75' lang='lat'>‘⁶</span> <span class='ocrx_word' id='word_1_119' title='bbox 397 1061 450 1124; x_wconf 77' lang='grc' dir='ltr'>ἧς</span> <span class='ocrx_word' id='word_1_120' title='bbox 489 1063 700 1129; x_wconf 84' lang='grc' dir='ltr'>τεχνίτης</span> <span class='ocrx_word' id='word_1_121' title='bbox 739 1066 811 1114; x_wconf 74' lang='grc' dir='ltr'>καὶ</span> <span class='ocrx_word' id='word_1_122' title='bbox 853 1064 1134 1130; x_wconf 81' lang='grc' dir='ltr'>δημιουργὸς</span> <span class='ocrx_word' id='word_1_123' title='bbox 1173 1066 1197 1115; x_wconf 83' lang='grc' dir='ltr'><em>ὁ</em></span> <span class='ocrx_word' id='word_1_124' title='bbox 1237 1062 1402 1117; x_wconf 88' lang='grc' dir='ltr'>Θεός.”</span> <span class='ocrx_word' id='word_1_125' title='bbox 1461 1063 1660 1126; x_wconf 77' lang='grc' dir='ltr'>μέτοικοι</span> <span class='ocrx_word' id='word_1_126' title='bbox 1700 1063 1794 1128; x_wconf 84' lang='grc' dir='ltr'>γάρ</span> <span class='ocrx_word' id='word_1_127' title='bbox 1832 1066 1924 1113; x_wconf 80' lang='grc' dir='ltr'>εἶσι</span> 
     </span>
     <span class='ocr_line' id='line_1_27' title="bbox 345 1143 1925 1210; baseline 0.001 -18"><span class='ocrx_word' id='word_1_128' title='bbox 345 1144 420 1192; x_wconf 80' lang='grc' dir='ltr'>καὶ</span> <span class='ocrx_word' id='word_1_129' title='bbox 458 1144 772 1208; x_wconf 87' lang='grc' dir='ltr'>παρεπίδημοι</span> <span class='ocrx_word' id='word_1_130' title='bbox 812 1147 884 1195; x_wconf 75' lang='grc' dir='ltr'>ἐπὶ</span> <span class='ocrx_word' id='word_1_131' title='bbox 924 1149 1006 1209; x_wconf 83' lang='grc' dir='ltr'>τῆς</span> <span class='ocrx_word' id='word_1_132' title='bbox 1045 1148 1146 1210; x_wconf 79' lang='grc' dir='ltr'>γῆς,</span> <span class='ocrx_word' id='word_1_133' title='bbox 1180 1151 1274 1199; x_wconf 84' lang='grc' dir='ltr'>τοῖς</span> <span class='ocrx_word' id='word_1_134' title='bbox 1311 1146 1407 1196; x_wconf 75' lang='grc' dir='ltr'>ἅνω</span> <span class='ocrx_word' id='word_1_135' title='bbox 1445 1143 1809 1209; x_wconf 84' lang='grc' dir='ltr'>πολιτευόμενοι,</span> <span class='ocrx_word' id='word_1_136' title='bbox 1850 1146 1925 1194; x_wconf 84' lang='grc' dir='ltr'>καὶ</span> 
     </span>
     <span class='ocr_line' id='line_1_28' title="bbox 344 1222 1925 1295; baseline 0.001 -21"><span class='ocrx_word' id='word_1_137' title='bbox 344 1222 429 1287; x_wconf 84' lang='grc' dir='ltr'>τὴν</span> <span class='ocrx_word' id='word_1_138' title='bbox 454 1224 538 1287; x_wconf 73' lang='grc' dir='ltr'>μὲν</span> <span class='ocrx_word' id='word_1_139' title='bbox 564 1227 849 1291; x_wconf 78' lang='grc' dir='ltr'>ε’νεγκοῦσαν</span> <span class='ocrx_word' id='word_1_140' title='bbox 876 1228 1085 1295; x_wconf 85' lang='grc' dir='ltr'>ἀφέντες,</span> <span class='ocrx_word' id='word_1_141' title='bbox 1106 1228 1223 1278; x_wconf 76' lang='grc' dir='ltr'>ὅσον</span> <span class='ocrx_word' id='word_1_142' title='bbox 1249 1227 1356 1291; x_wconf 78' lang='grc' dir='ltr'>ἧκεν</span> <span class='ocrx_word' id='word_1_143' title='bbox 1377 1230 1518 1278; x_wconf 75' lang='grc' dir='ltr'>εἰπεῖν</span> <span class='ocrx_word' id='word_1_144' title='bbox 1544 1231 1605 1280; x_wconf 77' lang='grc' dir='ltr'>εἷς</span> <span class='ocrx_word' id='word_1_145' title='bbox 1633 1226 1854 1295; x_wconf 85' lang='grc' dir='ltr'>φρόνημα</span> <span class='ocrx_word' id='word_1_146' title='bbox 1872 1224 1925 1277; x_wconf 80' lang='grc' dir='ltr'>τὸ</span> 
     </span>
     <span class='ocr_line' id='line_1_29' title="bbox 346 1306 1925 1375; baseline 0.003 -19"><span class='ocrx_word' id='word_1_147' title='bbox 346 1306 590 1374; x_wconf 85' lang='grc' dir='ltr'>φιλόθεον,</span> <span class='ocrx_word' id='word_1_148' title='bbox 620 1308 894 1375; x_wconf 81' lang='grc' dir='ltr'>γλιχόμενοι</span> <span class='ocrx_word' id='word_1_149' title='bbox 922 1308 971 1360; x_wconf 77' lang='grc' dir='ltr'>δὲ</span> <span class='ocrx_word' id='word_1_150' title='bbox 997 1312 1079 1373; x_wconf 82' lang='grc' dir='ltr'>τῆς</span> <span class='ocrx_word' id='word_1_151' title='bbox 1106 1309 1201 1359; x_wconf 77' lang='grc' dir='ltr'>ἄνω</span> <span class='ocrx_word' id='word_1_152' title='bbox 1233 1312 1393 1372; x_wconf 78' lang='grc' dir='ltr'>μονῆς.</span> <span class='ocrx_word' id='word_1_153' title='bbox 1450 1308 1623 1372; x_wconf 88' lang='grc' dir='ltr'>ταύτην</span> <span class='ocrx_word' id='word_1_154' title='bbox 1649 1308 1741 1373; x_wconf 80' lang='grc' dir='ltr'>γὰρ</span> <span class='ocrx_word' id='word_1_155' title='bbox 1769 1308 1925 1361; x_wconf 76' lang='grc' dir='ltr'>αὐτοῖς</span> 
     </span>
     <span class='ocr_line' id='line_1_30' title="bbox 346 1387 1996 1458; baseline 0.002 -21"><span class='ocrx_word' id='word_1_156' title='bbox 346 1389 371 1437; x_wconf 84' lang='grc' dir='ltr'>ὁ</span> <span class='ocrx_word' id='word_1_157' title='bbox 400 1387 566 1454; x_wconf 85' lang='grc' dir='ltr'>Σωτὴρ</span> <span class='ocrx_word' id='word_1_158' title='bbox 599 1389 804 1458; x_wconf 73' lang='grc' dir='ltr'>ὑπέδειξε</span> <span class='ocrx_word' id='word_1_159' title='bbox 846 1392 999 1456; x_wconf 86' lang='grc' dir='ltr'>λέγων</span> <span class='ocrx_word' id='word_1_160' title='bbox 1041 1399 1066 1420; x_wconf 88' lang='grc'>“</span> <span class='ocrx_word' id='word_1_161' title='bbox 1090 1390 1356 1457; x_wconf 83' lang='grc' dir='ltr'>Πορεύομαι</span> <span class='ocrx_word' id='word_1_162' title='bbox 1392 1393 1468 1440; x_wconf 79' lang='grc' dir='ltr'>καὶ</span> <span class='ocrx_word' id='word_1_163' title='bbox 1506 1390 1741 1451; x_wconf 82' lang='grc' dir='ltr'>ἑτοιμάσω</span> <span class='ocrx_word' id='word_1_164' title='bbox 1780 1389 1926 1441; x_wconf 87' lang='grc' dir='ltr'>τόπον</span> <span class='ocrx_word' id='word_1_165' title='bbox 1948 1411 1996 1450; x_wconf 84' lang='lat'>15</span> 
     </span>
     <span class='ocr_line' id='line_1_31' title="bbox 347 1471 1927 1540; baseline 0.001 -21"><span class='ocrx_word' id='word_1_166' title='bbox 347 1477 373 1498; x_wconf 76' lang='lat'>‘⁶</span> <span class='ocrx_word' id='word_1_167' title='bbox 402 1472 522 1533; x_wconf 85' lang='grc' dir='ltr'>ὑμῖν·</span> <span class='ocrx_word' id='word_1_168' title='bbox 585 1471 660 1522; x_wconf 79' lang='grc' dir='ltr'>ὅτε</span> <span class='ocrx_word' id='word_1_169' title='bbox 700 1472 747 1522; x_wconf 75' lang='grc' dir='ltr'>δὲ</span> <span class='ocrx_word' id='word_1_170' title='bbox 788 1472 927 1531; x_wconf 73' lang='grc' dir='ltr'>ἔλθω,</span> <span class='ocrx_word' id='word_1_171' title='bbox 953 1471 1305 1540; x_wconf 78' lang='grc' dir='ltr'>παραλήψομαι</span> <span class='ocrx_word' id='word_1_172' title='bbox 1343 1474 1459 1534; x_wconf 82' lang='grc' dir='ltr'>ὑμᾶς</span> <span class='ocrx_word' id='word_1_173' title='bbox 1489 1473 1584 1535; x_wconf 88' lang='grc' dir='ltr'>μετ’</span> <span class='ocrx_word' id='word_1_174' title='bbox 1613 1473 1826 1533; x_wconf 85' lang='grc' dir='ltr'>ἐμαυτοῦ,</span> <span class='ocrx_word' id='word_1_175' title='bbox 1852 1472 1927 1521; x_wconf 84' lang='grc' dir='ltr'>ἵνα</span> 
     </span>
     <span class='ocr_line' id='line_1_32' title="bbox 348 1551 1927 1621; baseline 0.003 -20"><span class='ocrx_word' id='word_1_176' title='bbox 348 1559 374 1580; x_wconf 82' lang='grc'><strong>“</strong></span> <span class='ocrx_word' id='word_1_177' title='bbox 402 1551 519 1602; x_wconf 80' lang='grc' dir='ltr'>ὅπου</span> <span class='ocrx_word' id='word_1_178' title='bbox 558 1556 645 1615; x_wconf 78' lang='grc' dir='ltr'>εἰμὶ</span> <span class='ocrx_word' id='word_1_179' title='bbox 682 1552 773 1618; x_wconf 83' lang='grc' dir='ltr'>ἐγὼ</span> <span class='ocrx_word' id='word_1_180' title='bbox 802 1557 875 1604; x_wconf 76' lang='grc' dir='ltr'>καὶ</span> <span class='ocrx_word' id='word_1_181' title='bbox 909 1556 1034 1616; x_wconf 80' lang='grc' dir='ltr'>ὑμεῖς</span> <span class='ocrx_word' id='word_1_182' title='bbox 1073 1552 1195 1616; x_wconf 77' lang='grc' dir='ltr'>ἦτε.”</span> <span class='ocrx_word' id='word_1_183' title='bbox 1249 1553 1460 1616; x_wconf 72' lang='grc' dir='ltr'>ἤκουσαν</span> <span class='ocrx_word' id='word_1_184' title='bbox 1486 1554 1694 1621; x_wconf 75' lang='grc' dir='ltr'>ἐξελθεῖν</span> <span class='ocrx_word' id='word_1_185' title='bbox 1719 1552 1812 1604; x_wconf 81' lang='grc' dir='ltr'>ἀπὸ</span> <span class='ocrx_word' id='word_1_186' title='bbox 1843 1555 1927 1615; x_wconf 74' lang='grc' dir='ltr'>τῆς</span> 
     </span>
     <span class='ocr_line' id='line_1_33' title="bbox 347 1635 1926 1704; baseline 0.001 -21"><span class='ocrx_word' id='word_1_187' title='bbox 347 1635 619 1698; x_wconf 80' lang='grc' dir='ltr'>συγγενείας</span> <span class='ocrx_word' id='word_1_188' title='bbox 666 1636 835 1685; x_wconf 82' lang='grc' dir='ltr'>αὐτῶν.</span> <span class='ocrx_word' id='word_1_189' title='bbox 907 1639 979 1685; x_wconf 72' lang='grc' dir='ltr'>καὶ</span> <span class='ocrx_word' id='word_1_190' title='bbox 1025 1640 1124 1688; x_wconf 84' lang='grc' dir='ltr'>πῶς</span> <span class='ocrx_word' id='word_1_191' title='bbox 1170 1641 1308 1685; x_wconf 88' lang='grc' dir='ltr'>τοῦτο</span> <span class='ocrx_word' id='word_1_192' title='bbox 1355 1636 1599 1704; x_wconf 76' lang='grc' dir='ltr'>δείξομενς</span> <span class='ocrx_word' id='word_1_193' title='bbox 1659 1635 1800 1686; x_wconf 83' lang='grc' dir='ltr'>αὐτόν</span> <span class='ocrx_word' id='word_1_194' title='bbox 1845 1658 1926 1685; x_wconf 90' lang='grc' dir='ltr'>σοι</span> 
     </span>
     <span class='ocr_line' id='line_1_34' title="bbox 304 1715 1929 1785; baseline 0.001 -21"><span class='ocrx_word' id='word_1_195' title='bbox 304 1715 638 1781; x_wconf 76' lang='grc' dir='ltr'>ᾶπαροίσομεν</span> <span class='ocrx_word' id='word_1_196' title='bbox 678 1717 881 1782; x_wconf 78' lang='grc' dir='ltr'>λέγοντα</span> <span class='ocrx_word' id='word_1_197' title='bbox 924 1717 1005 1768; x_wconf 80' lang='grc' dir='ltr'>τὸν</span> <span class='ocrx_word' id='word_1_198' title='bbox 1051 1717 1265 1783; x_wconf 80' lang='grc' dir='ltr'>Χριστόν</span> <span class='ocrx_word' id='word_1_199' title='bbox 1311 1726 1337 1746; x_wconf 88' lang='grc'>“</span> <span class='ocrx_word' id='word_1_200' title='bbox 1363 1717 1426 1767; x_wconf 86' lang='grc' dir='ltr'>Ὁ</span> <span class='ocrx_word' id='word_1_201' title='bbox 1474 1721 1631 1785; x_wconf 81' lang='grc' dir='ltr'>φιλῶν</span> <span class='ocrx_word' id='word_1_202' title='bbox 1673 1718 1852 1782; x_wconf 88' lang='grc' dir='ltr'>πατέρα</span> <span class='ocrx_word' id='word_1_203' title='bbox 1900 1715 1929 1781; x_wconf 87' lang='grc' dir='ltr'>ὴ</span> 
     </span>
     <span class='ocr_line' id='line_1_35' title="bbox 349 1797 2000 1867; baseline -0.001 -20"><span class='ocrx_word' id='word_1_204' title='bbox 349 1803 375 1827; x_wconf 76' lang='grc'><strong>“</strong></span> <span class='ocrx_word' id='word_1_205' title='bbox 398 1797 574 1864; x_wconf 88' lang='grc' dir='ltr'>μητέρα</span> <span class='ocrx_word' id='word_1_206' title='bbox 616 1798 727 1864; x_wconf 75' lang='grc' dir='ltr'>ὑπὲρ</span> <span class='ocrx_word' id='word_1_207' title='bbox 756 1798 832 1860; x_wconf 79' lang='grc' dir='ltr'>ε’μέ</span> <span class='ocrx_word' id='word_1_208' title='bbox 867 1801 949 1849; x_wconf 81' lang='grc' dir='ltr'>οὐκ</span> <span class='ocrx_word' id='word_1_209' title='bbox 976 1800 1077 1849; x_wconf 79' lang='grc' dir='ltr'>ε”στι</span> <span class='ocrx_word' id='word_1_210' title='bbox 1113 1822 1203 1861; x_wconf 94' lang='grc' dir='ltr'>μου</span> <span class='ocrx_word' id='word_1_211' title='bbox 1235 1797 1407 1867; x_wconf 79' lang='grc' dir='ltr'>ἅξιος.”</span> <span class='ocrx_word' id='word_1_212' title='bbox 1459 1798 1528 1849; x_wconf 81' lang='grc' dir='ltr'>ὅτι</span> <span class='ocrx_word' id='word_1_213' title='bbox 1568 1798 1615 1848; x_wconf 76' lang='grc' dir='ltr'>δὲ</span> <span class='ocrx_word' id='word_1_214' title='bbox 1655 1798 1931 1864; x_wconf 87' lang='grc' dir='ltr'>συγγενείας</span> <span class='ocrx_word' id='word_1_215' title='bbox 1951 1821 2000 1847; x_wconf 91' lang='lat'>20</span> 
     </span>
     <span class='ocr_line' id='line_1_36' title="bbox 347 1872 2037 1946; baseline 0 -17"><span class='ocrx_word' id='word_1_216' title='bbox 347 1882 430 1942; x_wconf 82' lang='grc' dir='ltr'>τῆς</span> <span class='ocrx_word' id='word_1_217' title='bbox 467 1881 670 1945; x_wconf 83' lang='grc' dir='ltr'>ἐπιγείου</span> <span class='ocrx_word' id='word_1_218' title='bbox 709 1882 783 1930; x_wconf 80' lang='grc' dir='ltr'>καὶ</span> <span class='ocrx_word' id='word_1_219' title='bbox 816 1883 1044 1944; x_wconf 78' lang='grc' dir='ltr'>σαρκικῆς</span> <span class='ocrx_word' id='word_1_220' title='bbox 1080 1881 1414 1946; x_wconf 89' lang='grc' dir='ltr'>προτετίμηται</span> <span class='ocrx_word' id='word_1_221' title='bbox 1441 1879 1499 1930; x_wconf 78' lang='grc' dir='ltr'>τὰ</span> <span class='ocrx_word' id='word_1_222' title='bbox 1531 1880 1660 1946; x_wconf 81' lang='grc' dir='ltr'>παρὰ</span> <span class='ocrx_word' id='word_1_223' title='bbox 1688 1883 1828 1942; x_wconf 86' lang='grc' dir='ltr'>Θεοῦ,</span> <span class='ocrx_word' id='word_1_224' title='bbox 1855 1883 1930 1930; x_wconf 83' lang='grc' dir='ltr'>καὶ</span> <span class='ocrx_word' id='word_1_225' title='bbox 2035 1872 2037 1874; x_wconf 88' lang='lat'><em>.</em></span> 
     </span>
     <span class='ocr_line' id='line_1_37' title="bbox 348 1961 1931 2028; baseline 0.001 -18"><span class='ocrx_word' id='word_1_226' title='bbox 348 1961 475 2011; x_wconf 79' lang='grc' dir='ltr'>πολὺ</span> <span class='ocrx_word' id='word_1_227' title='bbox 515 1961 570 2025; x_wconf 78' lang='grc' dir='ltr'>δὴ</span> <span class='ocrx_word' id='word_1_228' title='bbox 612 1963 831 2027; x_wconf 84' lang='grc' dir='ltr'>κρείττων</span> <span class='ocrx_word' id='word_1_229' title='bbox 868 1964 892 2024; x_wconf 80' lang='grc' dir='ltr'>ἡ</span> <span class='ocrx_word' id='word_1_230' title='bbox 929 1967 989 2014; x_wconf 83' lang='grc' dir='ltr'>εἰς</span> <span class='ocrx_word' id='word_1_231' title='bbox 1022 1961 1237 2028; x_wconf 80' lang='grc' dir='ltr'>Χριστὸν</span> <span class='ocrx_word' id='word_1_232' title='bbox 1275 1962 1438 2027; x_wconf 83' lang='grc' dir='ltr'>ἀγάπη</span> <span class='ocrx_word' id='word_1_233' title='bbox 1478 1962 1687 2023; x_wconf 77' lang='grc' dir='ltr'>τέθειται,</span> <span class='ocrx_word' id='word_1_234' title='bbox 1719 1962 1847 2025; x_wconf 86' lang='grc' dir='ltr'>παρά</span> <span class='ocrx_word' id='word_1_235' title='bbox 1878 1985 1931 2027; x_wconf 93' lang='grc' dir='ltr'>γε</span> 
     </span>
     <span class='ocr_line' id='line_1_38' title="bbox 350 2043 1932 2111; baseline 0.001 -19"><span class='ocrx_word' id='word_1_236' title='bbox 350 2047 445 2096; x_wconf 89' lang='grc' dir='ltr'>τοῖς</span> <span class='ocrx_word' id='word_1_237' title='bbox 484 2045 758 2104; x_wconf 75' lang='grc' dir='ltr'>σεβομένοις</span> <span class='ocrx_word' id='word_1_238' title='bbox 804 2043 946 2094; x_wconf 79' lang='grc' dir='ltr'>αὐτὸν</span> <span class='ocrx_word' id='word_1_239' title='bbox 985 2047 1174 2107; x_wconf 84' lang='grc' dir='ltr'>ἀληθῶς</span> <span class='ocrx_word' id='word_1_240' title='bbox 1221 2045 1301 2094; x_wconf 82' lang='grc' dir='ltr'>οὐκ</span> <span class='ocrx_word' id='word_1_241' title='bbox 1342 2044 1628 2111; x_wconf 88' lang='grc' dir='ltr'>ἀμφίλογον.</span> <span class='ocrx_word' id='word_1_242' title='bbox 1684 2046 1758 2093; x_wconf 71' lang='grc' dir='ltr'>καὶ</span> <span class='ocrx_word' id='word_1_243' title='bbox 1791 2045 1816 2094; x_wconf 86' lang='grc' dir='ltr'><strong>ὁ</strong></span> <span class='ocrx_word' id='word_1_244' title='bbox 1847 2043 1932 2106; x_wconf 80' lang='grc' dir='ltr'>μὲν</span> 
     </span>
     <span class='ocr_line' id='line_1_39' title="bbox 350 2124 1929 2191; baseline 0.002 -18"><span class='ocrx_word' id='word_1_245' title='bbox 350 2124 575 2191; x_wconf 84' lang='grc' dir='ltr'>μακάριος</span> <span class='ocrx_word' id='word_1_246' title='bbox 601 2125 828 2190; x_wconf 74' lang='grc' dir='ltr'>Ἀβραὰμ</span> <span class='ocrx_word' id='word_1_247' title='bbox 869 2125 950 2176; x_wconf 84' lang='grc' dir='ltr'>τὸν</span> <span class='ocrx_word' id='word_1_248' title='bbox 990 2126 1105 2176; x_wconf 80' lang='grc' dir='ltr'>ἴδιον</span> <span class='ocrx_word' id='word_1_249' title='bbox 1142 2124 1239 2176; x_wconf 77' lang='grc' dir='ltr'>υἱὸν</span> <span class='ocrx_word' id='word_1_250' title='bbox 1265 2129 1327 2178; x_wconf 81' lang='grc' dir='ltr'>εἰς</span> <span class='ocrx_word' id='word_1_251' title='bbox 1364 2124 1522 2189; x_wconf 82' lang='grc' dir='ltr'>ὀσμὴν</span> <span class='ocrx_word' id='word_1_252' title='bbox 1547 2125 1736 2179; x_wconf 80' lang='grc' dir='ltr'>εὐωδίας</span> <span class='ocrx_word' id='word_1_253' title='bbox 1773 2148 1929 2190; x_wconf 86' lang='grc' dir='ltr'>προσ-</span> 
     </span>
     <span class='ocr_line' id='line_1_40' title="bbox 352 2207 2037 2275; baseline -0.001 -19"><span class='ocrx_word' id='word_1_254' title='bbox 352 2212 547 2272; x_wconf 89' lang='grc' dir='ltr'>αγαγεῖν</span> <span class='ocrx_word' id='word_1_255' title='bbox 567 2211 632 2275; x_wconf 88' lang='grc' dir='ltr'>τῷ</span> <span class='ocrx_word' id='word_1_256' title='bbox 655 2211 763 2275; x_wconf 90' lang='grc' dir='ltr'>Θεῷ</span> <span class='ocrx_word' id='word_1_257' title='bbox 783 2208 1077 2258; x_wconf 83' lang='grc' dir='ltr'>διεκελεύετο·</span> <span class='ocrx_word' id='word_1_258' title='bbox 1123 2211 1164 2257; x_wconf 81' lang='grc' dir='ltr'>οὶ</span> <span class='ocrx_word' id='word_1_259' title='bbox 1191 2207 1238 2257; x_wconf 81' lang='grc' dir='ltr'>δέ</span> <span class='ocrx_word' id='word_1_260' title='bbox 1264 2207 1349 2270; x_wconf 86' lang='grc' dir='ltr'>τὴν</span> <span class='ocrx_word' id='word_1_261' title='bbox 1371 2210 1418 2257; x_wconf 84' lang='grc' dir='ltr'>ἐν</span> <span class='ocrx_word' id='word_1_262' title='bbox 1443 2209 1602 2258; x_wconf 89' lang='grc' dir='ltr'>πίστει</span> <span class='ocrx_word' id='word_1_263' title='bbox 1631 2208 1932 2271; x_wconf 85' lang='grc' dir='ltr'>δικαιοσύνην</span> <span class='ocrx_word' id='word_1_264' title='bbox 1952 2224 2000 2264; x_wconf 89' lang='lat'>25</span> <span class='ocrx_word' id='word_1_265' title='bbox 2034 2253 2037 2267; x_wconf 63' lang='grc'>,</span> 
     </span>
     <span class='ocr_line' id='line_1_41' title="bbox 352 2283 2037 2356; baseline 0.001 -19"><span class='ocrx_word' id='word_1_266' title='bbox 352 2287 729 2354; x_wconf 74' lang='grc' dir='ltr'>περιζωσάμενοι,</span> <span class='ocrx_word' id='word_1_267' title='bbox 765 2290 853 2356; x_wconf 81' lang='grc' dir='ltr'>οὐχ</span> <span class='ocrx_word' id='word_1_268' title='bbox 886 2289 1065 2354; x_wconf 87' lang='grc' dir='ltr'>ἑτέρους</span> <span class='ocrx_word' id='word_1_269' title='bbox 1103 2293 1445 2354; x_wconf 78' lang='grc' dir='ltr'>προσαγαγεῖν,</span> <span class='ocrx_word' id='word_1_270' title='bbox 1486 2289 1594 2338; x_wconf 80' lang='grc' dir='ltr'>ἀλλ’</span> <span class='ocrx_word' id='word_1_271' title='bbox 1636 2287 1822 2342; x_wconf 76' lang='grc' dir='ltr'>ἑαυτοὺς</span> <span class='ocrx_word' id='word_1_272' title='bbox 1860 2290 1932 2339; x_wconf 86' lang='grc' dir='ltr'>ε’κ-</span> <span class='ocrx_word' id='word_1_273' title='bbox 2035 2283 2037 2290; x_wconf 42' lang='lat'><strong>¹</strong></span> 
     </span>
     <span class='ocr_line' id='line_1_42' title="bbox 314 2368 1933 2438; baseline 0.001 -20"><span class='ocrx_word' id='word_1_274' title='bbox 314 2369 668 2433; x_wconf 76' lang='grc' dir='ltr'>θελεύσθησαν·</span> <span class='ocrx_word' id='word_1_275' title='bbox 725 2369 1069 2438; x_wconf 58' lang='grc' dir='ltr'>παρασῇῄσατε</span> <span class='ocrx_word' id='word_1_276' title='bbox 1118 2370 1212 2436; x_wconf 79' lang='grc' dir='ltr'>γάρ</span> <span class='ocrx_word' id='word_1_277' title='bbox 1251 2374 1375 2437; x_wconf 88' lang='grc' dir='ltr'>φησι</span> <span class='ocrx_word' id='word_1_278' title='bbox 1418 2368 1523 2420; x_wconf 53' lang='lat' dir='ltr'>“v-o}</span> <span class='ocrx_word' id='word_1_279' title='bbox 1562 2369 1765 2432; x_wconf 83' lang='grc' dir='ltr'>σώματα</span> <span class='ocrx_word' id='word_1_280' title='bbox 1805 2371 1933 2432; x_wconf 81' lang='grc' dir='ltr'>ὑμῶν</span> 
     </span>
     <span class='ocr_line' id='line_1_43' title="bbox 355 2444 1933 2520; baseline 0.001 -20"><span class='ocrx_word' id='word_1_281' title='bbox 355 2457 383 2479; x_wconf 86' lang='grc'><strong><em>“</em></strong></span> <span class='ocrx_word' id='word_1_282' title='bbox 409 2450 579 2501; x_wconf 88' lang='grc' dir='ltr'>θυσίαν</span> <span class='ocrx_word' id='word_1_283' title='bbox 620 2451 791 2517; x_wconf 75' lang='grc' dir='ltr'>ζῶσαν,</span> <span class='ocrx_word' id='word_1_284' title='bbox 836 2444 987 2516; x_wconf 84' lang='grc' dir='ltr'>ἁγίαν,</span> <span class='ocrx_word' id='word_1_285' title='bbox 1033 2450 1287 2517; x_wconf 81' lang='grc' dir='ltr'>εὐάρεστον</span> <span class='ocrx_word' id='word_1_286' title='bbox 1337 2455 1402 2519; x_wconf 91' lang='grc' dir='ltr'>τῷ</span> <span class='ocrx_word' id='word_1_287' title='bbox 1446 2455 1566 2520; x_wconf 87' lang='grc' dir='ltr'>Θεῷ,</span> <span class='ocrx_word' id='word_1_288' title='bbox 1607 2450 1691 2514; x_wconf 87' lang='grc' dir='ltr'>τὴν</span> <span class='ocrx_word' id='word_1_289' title='bbox 1736 2450 1933 2516; x_wconf 81' lang='grc' dir='ltr'>λογικὴν</span> 
     </span>
     <span class='ocr_line' id='line_1_44' title="bbox 355 2532 1933 2599; baseline 0.001 -17"><span class='ocrx_word' id='word_1_290' title='bbox 355 2540 381 2562; x_wconf 83' lang='grc'><strong>“</strong></span> <span class='ocrx_word' id='word_1_291' title='bbox 407 2532 626 2598; x_wconf 85' lang='grc' dir='ltr'>λατρείαν</span> <span class='ocrx_word' id='word_1_292' title='bbox 655 2534 826 2595; x_wconf 52' lang='lat' dir='ltr'>duabu-’¹</span> <span class='ocrx_word' id='word_1_293' title='bbox 881 2532 957 2583; x_wconf 78' lang='grc' dir='ltr'>ὅτε</span> <span class='ocrx_word' id='word_1_294' title='bbox 994 2535 1067 2583; x_wconf 77' lang='grc' dir='ltr'>καὶ</span> <span class='ocrx_word' id='word_1_295' title='bbox 1104 2534 1366 2599; x_wconf 84' lang='grc' dir='ltr'>γέγραπται</span> <span class='ocrx_word' id='word_1_296' title='bbox 1395 2535 1499 2599; x_wconf 78' lang='grc' dir='ltr'>περὶ</span> <span class='ocrx_word' id='word_1_297' title='bbox 1525 2534 1679 2583; x_wconf 81' lang='grc' dir='ltr'>αὐτῶν</span> <span class='ocrx_word' id='word_1_298' title='bbox 1706 2539 1732 2562; x_wconf 78' lang='grc'><strong>“</strong></span> <span class='ocrx_word' id='word_1_299' title='bbox 1749 2536 1814 2584; x_wconf 78' lang='grc' dir='ltr'>Οἱ</span> <span class='ocrx_word' id='word_1_300' title='bbox 1839 2532 1933 2598; x_wconf 79' lang='grc' dir='ltr'>γὰρ</span> 
     </span>
     <span class='ocr_line' id='line_1_45' title="bbox 355 2612 2000 2681; baseline 0.001 -17"><span class='ocrx_word' id='word_1_301' title='bbox 355 2622 381 2644; x_wconf 83' lang='grc'><strong>“</strong></span> <span class='ocrx_word' id='word_1_302' title='bbox 404 2621 488 2665; x_wconf 90' lang='grc' dir='ltr'>τοῦ</span> <span class='ocrx_word' id='word_1_303' title='bbox 512 2619 728 2681; x_wconf 82' lang='grc' dir='ltr'>Χριστοῦ</span> <span class='ocrx_word' id='word_1_304' title='bbox 753 2613 915 2678; x_wconf 87' lang='grc' dir='ltr'>Ἰησοῦ</span> <span class='ocrx_word' id='word_1_305' title='bbox 949 2614 1034 2678; x_wconf 86' lang='grc' dir='ltr'>τὴν</span> <span class='ocrx_word' id='word_1_306' title='bbox 1059 2612 1217 2680; x_wconf 89' lang='grc' dir='ltr'>σάρκα</span> <span class='ocrx_word' id='word_1_307' title='bbox 1252 2613 1562 2681; x_wconf 83' lang='grc' dir='ltr'>ἐσταύρωσαν</span> <span class='ocrx_word' id='word_1_308' title='bbox 1587 2615 1678 2665; x_wconf 80' lang='grc' dir='ltr'>σὺν</span> <span class='ocrx_word' id='word_1_309' title='bbox 1704 2619 1800 2668; x_wconf 85' lang='grc' dir='ltr'>τοῖς</span> <span class='ocrx_word' id='word_1_310' title='bbox 1834 2638 1926 2665; x_wconf 86' lang='grc' dir='ltr'>πα·</span> <span class='ocrx_word' id='word_1_311' title='bbox 1950 2633 2000 2672; x_wconf 85' lang='lat'>30</span> 
     </span>
     <span class='ocr_line' id='line_1_46' title="bbox 356 2695 1932 2761; baseline 0 -15"><span class='ocrx_word' id='word_1_312' title='bbox 356 2704 382 2724; x_wconf 76' lang='lat'>‘⁶</span> <span class='ocrx_word' id='word_1_313' title='bbox 409 2695 590 2759; x_wconf 85' lang='grc' dir='ltr'>θήμασι</span> <span class='ocrx_word' id='word_1_314' title='bbox 632 2698 707 2746; x_wconf 76' lang='grc' dir='ltr'>καὶ</span> <span class='ocrx_word' id='word_1_315' title='bbox 745 2701 844 2749; x_wconf 88' lang='grc' dir='ltr'>ταῖς</span> <span class='ocrx_word' id='word_1_316' title='bbox 887 2697 1191 2760; x_wconf 85' lang='grc' dir='ltr'>ἐπιθυμίαις.”</span> <span class='ocrx_word' id='word_1_317' title='bbox 1249 2696 1466 2761; x_wconf 77' lang='grc' dir='ltr'>ε”γνωσαν</span> <span class='ocrx_word' id='word_1_318' title='bbox 1507 2695 1554 2747; x_wconf 79' lang='grc' dir='ltr'>δὲ</span> <span class='ocrx_word' id='word_1_319' title='bbox 1600 2698 1675 2746; x_wconf 80' lang='grc' dir='ltr'>καὶ</span> <span class='ocrx_word' id='word_1_320' title='bbox 1711 2697 1842 2746; x_wconf 80' lang='grc' dir='ltr'>αὐτοὶ</span> <span class='ocrx_word' id='word_1_321' title='bbox 1878 2695 1932 2746; x_wconf 80' lang='grc' dir='ltr'>τὸ</span> 
     </span>
     <span class='ocr_line' id='line_1_47' title="bbox 355 2776 1932 2847; baseline 0.002 -20"><span class='ocrx_word' id='word_1_322' title='bbox 355 2778 403 2827; x_wconf 84' lang='grc' dir='ltr'>ἐν</span> <span class='ocrx_word' id='word_1_323' title='bbox 447 2781 646 2847; x_wconf 85' lang='grc' dir='ltr'>Χριστῷ</span> <span class='ocrx_word' id='word_1_324' title='bbox 692 2776 971 2844; x_wconf 87' lang='grc' dir='ltr'>μυστήριον.</span> <span class='ocrx_word' id='word_1_325' title='bbox 1038 2777 1176 2828; x_wconf 89' lang='grc' dir='ltr'>’ίσασι</span> <span class='ocrx_word' id='word_1_326' title='bbox 1227 2776 1320 2844; x_wconf 79' lang='grc' dir='ltr'>γὰρ</span> <span class='ocrx_word' id='word_1_327' title='bbox 1366 2785 1392 2807; x_wconf 76' lang='lat'>‘⁶</span> <span class='ocrx_word' id='word_1_328' title='bbox 1413 2776 1626 2841; x_wconf 83' lang='grc' dir='ltr'>δυνάμεις</span> <span class='ocrx_word' id='word_1_329' title='bbox 1671 2777 1932 2840; x_wconf 74' lang='grc' dir='ltr'>μέλλοντος</span> 
     </span>
    </p>
   </div>
   <div class='ocr_carea' id='block_1_10' title="bbox 685 2927 1605 2973">
    <p class='ocr_par' dir='ltr' id='par_1_10' title="bbox 685 2927 1605 2973">
     <span class='ocr_line' id='line_1_48' title="bbox 685 2927 1605 2973; baseline 0.001 -11"><span class='ocrx_word' id='word_1_330' title='bbox 685 2938 739 2962; x_wconf 84' lang='grc'>20.</span> <span class='ocrx_word' id='word_1_331' title='bbox 766 2927 851 2973; x_wconf 76' lang='grc' dir='ltr'>ὑπὲρ</span> <span class='ocrx_word' id='word_1_332' title='bbox 869 2928 948 2973; x_wconf 80' lang='grc' dir='ltr'>ἐμοῦ</span> <span class='ocrx_word' id='word_1_333' title='bbox 968 2928 1009 2963; x_wconf 87' lang='grc' dir='ltr'>Ε.</span> <span class='ocrx_word' id='word_1_334' title='bbox 1277 2928 1332 2962; x_wconf 81' lang='lat'>26.</span> <span class='ocrx_word' id='word_1_335' title='bbox 1359 2929 1546 2973; x_wconf 84' lang='grc' dir='ltr'>προσάγειν</span> <span class='ocrx_word' id='word_1_336' title='bbox 1564 2928 1605 2963; x_wconf 90' lang='grc' dir='ltr'>Ε.</span> 
     </span>
    </p>
   </div>
  </div>
 </body>
</html>
