2037 3266
119 323 217 355 Prov.

118 367 198 398 xxii.
217 374 245 399 1.

119 574 281 624 S3Matth‚

120 628 185 648 xlx.
205 627 217 648 1
227 627 253 648 2.

119 661 175 692 Es.
191 661 248 693 lvi.

120 713 195 745 3-5·

120 1414 241 1446 Ool.iii.
250 1423 280 1455 5.

342 142 427 182 680
742 144 793 183 B.
826 143 1103 185 CYRILLI
1146 144 1523 185 ALEXANDR.
1714 139 1813 182 xvii.
1833 140 1929 179 6-8.

342 250 463 314 ἡμᾶς
489 250 712 316 συνήθεια
738 252 908 318 λέγειν.
964 255 1038 304 καὶ
1065 259 1181 319 γοῦν
1208 255 1233 304 ὃ
1259 252 1542 321 σοφώτατος
1567 252 1750 319 ἔγραψε
1777 253 1929 301 Σολο-

401 332 414 348 ι

342 355 445 396 μων
476 333 720 399 (ίΑἱρετὸν
758 334 906 398 ὄνομα
944 335 1093 386 καλὸν
1130 334 1159 400 ἢ
1199 340 1408 389 πλοῦτος
1444 334 1635 397 πολὺς,”
1668 331 1927 389 τουτέστιν,

344 414 543 478 ἀμείνων
569 415 813 484 ὑπόληψις
846 415 1003 482 ἀγαθὴ
1039 418 1115 467 καὶ
1150 417 1268 485 δόξα
1302 419 1384 480 τῆς
1420 418 1469 467 ἐν
1498 415 1692 485 πλούτῳ
1727 413 1924 483 φαιδρό-

299 507 326 547 d
344 518 482 560 τητος
509 499 583 548 καὶ
612 499 913 567 περιφανείας
940 500 1059 549 ἐστι’.
1114 500 1189 548 καὶ
1216 497 1354 552 αὐτὸς
1381 498 1436 549 δέ
1461 521 1553 549 που
1578 499 1729 566 φησὶν
1755 498 1780 547 ὁ
1807 494 1930 548 Θεὸς

344 576 419 628 διὰ
470 582 631 647 φωνῆς
674 579 884 631 Ἡσαΐου
927 585 1024 633 τοῖς
1069 580 1402 647 εὐνουχίσασιν
1444 587 1470 610 “
1495 578 1684 633 ἑαυτοὺς
1725 577 1800 629 διὰ
1844 578 1929 641 τὴν

344 668 371 690 “
395 662 650 722 βασιλείαν
676 667 771 713 τῶν
795 662 1037 728 οὐρανῶν”
1066 670 1092 692 “
1113 662 1199 726 Μὴ
1226 663 1402 728 λεγέτω
1437 664 1462 713 ὁ
1497 663 1713 729 εὐνοῦχος
1741 660 1811 711 ὅτι
1837 659 1929 725 ἐγώ

344 750 371 772 “
399 748 489 806 εἰμι
516 744 665 812 ξύλον
692 743 854 813 ξηρόν·
897 743 1007 794 τάδε
1033 744 1161 809 λε’γει
1190 745 1364 810 Κύριος
1397 749 1493 798 τοῖς
1528 744 1760 810 εὐνούχοις
1778 740 1930 792 “Όσοι

344 831 372 853 “
398 823 456 875 ἂν
495 825 805 895 φυλάξωνται
849 825 907 876 τὰ
954 826 1308 891 προστάγματά
1347 850 1438 890 μου
1478 828 1552 877 καὶ
1596 824 1865 888 ποιήσωσιν
1900 820 1931 873 ἃ

345 915 371 937 “
397 906 489 973 ἐγὼ
525 907 664 970 θέλω,
692 908 834 958 δώσω
875 909 1029 962 αὐτοῖς
1067 909 1115 959 ἐν
1142 912 1207 978 τῷ
1242 908 1351 978 οἴκῳ
1383 931 1476 971 μου
1509 910 1584 959 καὶ
1619 910 1667 958 ἐν
1692 911 1758 976 τῷ
1793 906 1930 973 τείχει

345 996 372 1019 “
398 1013 490 1053 μου
515 988 661 1041 τόπον
687 990 969 1053 ὀνομαστὸν,
1000 996 1226 1056 κρεῖσσον
1252 994 1362 1042 υἱῶν
1388 993 1463 1042 καὶ
1490 990 1758 1056 θυγατέρων
1784 989 1932 1051 ὄνομα

345 1079 372 1102 “
397 1072 581 1122 αἰώνιον
607 1072 749 1123 δώσω
785 1073 984 1126 αὐτοῖς.”
1027 1075 1102 1123 καὶ
1128 1073 1182 1123 οὐ
1209 1072 1264 1137 δή
1293 1096 1360 1127 τις
1386 1072 1609 1137 οἰήσεται,
1637 1070 1757 1122 κατά
1789 1094 1842 1136 γε
1877 1071 1931 1121 τὸ

344 1152 476 1217 εἰκὸς,
508 1154 551 1204 εἴ
585 1177 637 1220 γε
675 1155 966 1222 σωφρονοίη,
1004 1157 1087 1218 τῆς
1126 1156 1175 1206 ἐκ
1214 1159 1338 1206 Θεοῦ
1378 1154 1650 1222 φιλοτιμίας
1688 1152 1773 1217 τὴν
1806 1153 1932 1203 ἀντί-

345 1239 482 1287 δοσιν
524 1238 573 1286 ἐν
602 1241 773 1305 ψιλαῖς
812 1235 1055 1298 ὀνομάτων
1093 1236 1542 1301 άπονεμηθήσεσθαι
1587 1236 1793 1300 κλήσεσι
1837 1239 1932 1287 τοῖς

343 1318 400 1387 ἐξ
435 1320 616 1384 ἀγαθοῦ
654 1321 730 1369 καὶ
769 1319 1028 1387 φιλαρέτου
1067 1319 1383 1387 φρονήματος,
1420 1318 1610 1383 ἁπάσης
1648 1317 1732 1381 μὲν
1764 1319 1846 1380 τῆς
1884 1318 1932 1367 ἐν

345 1399 513 1470 κόσμῳ
553 1399 921 1464 καταθλήσασιν
959 1401 1142 1465 ἡδονῆς,
1180 1401 1450 1467 νεκρώσασι
1489 1399 1537 1451 δὲ
1570 1398 1672 1451 ιζτὰ
1710 1397 1834 1463 με’λη
1873 1397 1932 1449 τὰ

346 1489 373 1511 “
398 1484 473 1533 ἐπὶ
523 1485 605 1546 τῆς
652 1483 780 1548 γῆς,”
821 1484 897 1533 καὶ
939 1482 1061 1546 μόνα
1107 1483 1378 1547 τετιμηκόσι
1422 1483 1481 1534 τὰ
1527 1488 1622 1536 τοῖς
1668 1482 1805 1535 θείοις
1850 1482 1932 1532 οὐκ

345 1562 589 1633 ἀπᾴδοντα
616 1563 788 1626 νόμοις.
843 1564 953 1615 ἀλλ’
981 1564 1129 1629 ὄνομα
1158 1565 1307 1616 πάλιν
1332 1567 1434 1616 ἀντὶ
1468 1568 1550 1629 τῆς
1585 1564 1726 1633 δόξης
1761 1563 1929 1634 φησίν·

124 1651 206 1687 961
219 1651 268 1686 Α·
306 1646 543 1713 ἶὶζηλωτοὶ
581 1645 673 1713 γὰρ
712 1647 900 1697 ἔσονται
939 1649 1014 1698 καὶ
1054 1645 1351 1709 ἀπόβλεπτοι
1390 1646 1828 1712 συμβασιλεύοντες
1866 1648 1933 1714 τῷ

346 1732 562 1797 Χριστῷ.

421 1810 811 1878 Πεφανερωκέναι
847 1816 1097 1876 τοιγαροῦν
1123 1809 1169 1863 τό
1201 1812 1336 1877 ὄνομα
1371 1816 1453 1861 τοῦ
1481 1814 1605 1861 Θεοῦ
1640 1812 1715 1860 καὶ
1743 1808 1933 1874 Πατρὸς

347 1894 372 1943 ὁ
415 1891 583 1958 Σωτὴρ
628 1893 676 1943 εὖ
722 1891 855 1956 μάλα
897 1892 1242 1960 διισχυρίζεται,
1281 1892 1511 1955 τουτέστι,
1553 1889 1934 1961 διαφανεστάτην

347 1980 443 2028 τοῖς
494 1974 583 2025 ἀνὰ
633 1979 799 2026 πᾶσαν
848 1973 934 2039 τὴν
984 1974 1256 2038 οἰκουμένην
1306 1977 1608 2038 καταστῆσαι
1659 1973 1744 2038 τὴν
1788 1973 1934 2042 δόξαν

347 2058 508 2108 αὐτοῦ.
575 2061 675 2110 πῶς
714 2055 742 2121 ἢ
781 2058 885 2108 τίνα
922 2056 1128 2123 τρόπον,
1179 2056 1343 2107 ἑαυτὸν
1384 2056 1432 2108 δὲ
1471 2055 1689 2122 δηλονότι
1728 2054 1803 2106 διὰ
1840 2060 1935 2106 τῶν

349 2139 464 2205 ὑπὲρ
501 2138 651 2204 λόγον
689 2140 1068 2205 κατορθωμάτων
1104 2140 1329 2204 παραθεὶς
1368 2142 1430 2192 εἰς
1472 2138 1727 2207 ἀπόδειξιν.
1785 2137 1930 2206 δοξά-

349 2221 471 2287 ζεται
505 2221 599 2287 γὰρ
637 2222 662 2271 ὁ
690 2220 859 2286 Πατὴρ
895 2223 943 2271 ἐν
968 2225 1034 2289 τῷ
1058 2223 1173 2289 Υἱῴ,
1201 2221 1411 2285 καθάπερ
1445 2222 1493 2270 ἐν
1520 2219 1657 2271 εἰκόνι
1694 2223 1769 2270 καὶ
1802 2220 1933 2289 τύπῳ

349 2306 432 2366 τῆς
469 2303 585 2356 ἰδίας
623 2294 835 2370 μορφῆς·ι
871 2301 964 2352 ἀπὸ
1003 2301 1097 2367 γὰρ
1135 2307 1219 2352 τοῦ
1253 2304 1548 2368 χαρακτῆρος
1583 2301 1638 2352 τὸ
1672 2306 1766 2352 τῶν
1796 2303 1934 2368 ἀρχε-

350 2385 511 2435 τύπων
537 2386 605 2434 ἀεὶ
627 2383 918 2451 διαφαίνεται
945 2383 1141 2436 κάλλος.
1188 2383 1515 2452 πεφανέρωται
1540 2382 1695 2434 τοίνυν
1721 2383 1745 2432 ὁ
1766 2386 1930 2432 Μονο-

351 2465 501 2532 γενὴς,
529 2467 769 2518 οὐσιωδῶς
796 2464 1019 2532 ὑπάρχων
1045 2465 1197 2533 σοφία
1222 2466 1299 2516 καὶ
1326 2464 1431 2530 ζωὴ,
1450 2466 1661 2532 τεχνίτης
1687 2469 1781 2515 τῶν
1808 2463 1935 2515 ὅλων

307 2559 335 2601 b
353 2550 427 2599 καὶ
460 2546 753 2615 δημιουργὸς,
781 2547 985 2598 θανάτου
1019 2548 1239 2613 κρείττων
1265 2549 1341 2598 καὶ
1376 2550 1571 2616 φθορᾶς,
1599 2545 1730 2600 ὅσιος
1763 2546 1935 2598 ἄκακος

353 2630 602 2696 οἰκτίρμων
646 2627 776 2696 ἅγιος
820 2629 1010 2695 ἀγαθός.
1074 2629 1292 2696 ἐγνώσθη
1333 2635 1481 2681 ταῦτα
1524 2628 1746 2696 ὑπάρχων
1789 2628 1864 2677 καὶ
1909 2627 1933 2677 ὁ

352 2712 584 2777 γεννήσας
623 2710 779 2763 αὐτόν·
834 2712 886 2762 οὐ
925 2711 1018 2778 γὰρ
1056 2711 1114 2762 ἂν
1151 2711 1316 2777 ἑτέρως
1361 2711 1458 2778 ε”χοι
1498 2709 1618 2761 κατὰ
1662 2709 1747 2773 τὴν
1785 2707 1935 2777 φύσιν

352 2792 482 2860 παρὰ
512 2793 594 2844 τὸν
618 2794 675 2863 ἐξ
708 2794 849 2845 αὐτοῦ
884 2798 1114 2862 φυσικῶς.
1169 2792 1407 2861 διέλαμψε
1440 2795 1609 2855 τοίνυν,
1635 2793 1696 2846 ὡς
1722 2792 1770 2842 ἐν
1796 2788 1935 2841 εἰκόνι

786 2955 843 2988 32.
869 2945 927 2978 τὸν
946 2944 1028 2979 E.F.
1048 2943 1154 2978 Cord.
1174 2943 1240 2977 Ed.
1259 2955 1330 2988 mg.
1349 2946 1415 2977 τῶν
1434 2942 1499 2977 Ed.

1948 588 1970 627 5

1953 1007 2001 1033 10

1954 1826 2005 1851 20

1955 2644 2004 2679 30
