1971 3272
82 151 250 206 viii.38.
332 153 405 192 IN
449 154 490 192 S.
526 151 866 191 ιῙΟΛΝΝΕΜ.
931 151 1053 190 L113.
1085 151 1131 189 V.
1195 150 1327 189 (ἸΛΡ.
1360 151 1406 188 V.
1614 152 1663 188 75

79 260 219 313 καῖως
257 261 416 327 ἐπάγει
456 263 531 313 καὶ
576 267 739 319 ταῦτα,
782 263 857 311 καὶ
903 258 977 310 διὰ
1021 260 1161 310 ποίαν
1200 260 1364 319 αἰτίαν,
1405 258 1665 321 ἐκθήσομαι

77 340 240 393 πάλιν.
287 344 339 393 οὐ
366 343 459 409 γὰρ
487 341 736 408 ἠγνόησεν,
765 345 827 395 ὡς
853 341 986 402 εἰκὸς,
1015 343 1076 394 ὡς
1104 338 1546 403 α’νταναστήσονται
1574 343 1666 388 τῶν

77 423 316 474 Ἰουδαίων
343 425 462 478 τινές
498 429 594 478 τοῖς
628 426 736 490 παρ’
767 427 909 474 αὐτοῦ
943 423 1277 490 διαμαχόμενοι
1305 421 1479 487 λόγοις,
1507 423 1580 471 καὶ
1608 421 1666 470 τὰ
1686 442 1705 461 ³1
1738 430 1821 463 546
1838 430 1890 463 A·

78 506 127 555 ἐκ
176 508 257 569 τῆς
299 506 496 570 ἐνούσης
542 508 697 559 αὐτοῖς
743 508 1124 574 φρενοβλαβείας
1171 503 1476 570 ἐρευγόμενοι,
1519 503 1666 554 πάλιν

35 587 265 652 5ἐροῦσιν
307 589 383 637 Οὐ
433 587 600 652 μάτην,
647 590 709 641 ὡς
759 586 869 655 φῂς,
922 589 996 638 ἐπὶ
1048 589 1127 637 σοὶ
1179 587 1372 654 φονῶσί
1418 608 1550 647 τινες,
1597 586 1664 635 ἐπ’

78 668 292 733 εὐλόγοις
333 674 394 723 εἰς
432 675 570 720 τοῦτο
609 671 952 735 παρώρμηνται
994 674 1095 722 ταῖς
1136 669 1315 730 αἰτίαις,
1355 666 1574 735 θεοφιλὲς
1621 669 1668 716 ἐν

78 752 234 805 αὐτοῖς
275 751 328 802 τὸ
370 753 554 816 κίνημα,
600 754 674 802 καὶ
720 753 867 819 ζῆλος
911 753 993 801 οὐκ
1041 752 1161 818 ἔχων
1203 751 1257 801 τὸ
1304 753 1668 816 κατηγορεῖσθαι

79 834 280 886 δικαίως·
322 834 566 901 ἀχώρητος
591 834 684 900 γὰρ
711 835 758 884 ἐν
785 835 940 887 αὐτοῖς
973 835 997 884 ὁ
1035 832 1122 886 σός
1160 835 1261 883 ἐστι
1298 833 1456 897 λόγος,
1483 833 1667 897 ἐπείπερ

78 915 220 965 αὐτὸν
255 916 446 985 ἀπῳδὸν
480 915 692 980 ἐποιήσω
732 920 799 985 τῷ
837 919 957 984 Θεῷ,
987 918 1152 983 φησὶν,
1181 914 1338 980 ἑτέραν
1373 915 1493 978 ἡμᾶς
1532 915 1661 964 διδά-
1731 912 1879 943 Ῑ””““’·Χ·“’·

11 1016 59 1041 10
79 1019 208 1050 σκεις
233 997 491 1062 πλάνησιν,
519 1001 593 1048 καὶ
630 1001 713 1062 τῆς
749 997 835 1061 μὲν
861 997 980 1048 κατὰ
1014 997 1097 1048 τὸν
1124 997 1267 1059 νόμον
1294 995 1498 1065 ε’ξέλκεις
1533 998 1663 1058 ὁδοῦ,

77 1079 402 1146 μεταβιβάζεις
442 1080 501 1131 δέ
529 1103 631 1133 πως
668 1082 742 1131 ἐπὶ
780 1078 834 1130 τό
874 1103 954 1130 σοι
994 1081 1069 1130 καὶ
1110 1078 1238 1148 μόνῳ
1281 1081 1465 1129 δοκοῦν.
1519 1084 1668 1128 ταῦτα

79 1159 229 1225 δήπου
286 1161 475 1215 πάντως
535 1160 959 1230 διαψιθυριζόντων
1014 1160 1133 1212 κατὰ
1196 1162 1249 1211 τὸ
1313 1160 1518 1225 λεληθὸς
1573 1165 1667 1211 τῶν
1685 1167 1712 1208 b

78 1243 329 1306 Ἰουδαιων,
361 1243 390 1308 ἢ
431 1267 506 1294 και
545 1244 655 1294 καθ’
685 1242 876 1296 ἑαυτοῦς
916 1243 1314 1305 διενθυμουμένων
1352 1246 1669 1310 προσυπαντᾷ

79 1323 226 1376 πάλιν
253 1326 277 1375 ὁ
315 1326 502 1392 Κύριος,
529 1325 659 1379 ειδὼς
694 1325 752 1376 τὰ
787 1328 834 1375 ἐν
867 1326 1020 1378 αὐτοῖς
1057 1329 1150 1375 τῶν
1182 1327 1509 1390 διαλογισμῶν
1535 1323 1665 1387 κινή-

13 1422 59 1460 15
80 1426 222 1471 ματα·
263 1407 384 1461 Θεὸς
411 1406 503 1474 γάρ
530 1409 661 1459 ἐστιν
686 1405 926 1471 ἀληθινός·
963 1430 1035 1457 και
1067 1406 1141 1456 διὰ
1172 1411 1310 1457 τοῦτο
1338 1405 1497 1471 λεγει
1506 1417 1539 1455 F
1543 1430 1612 1470 γλ)
1639 1416 1666 1456 α’.

82 1489 259 1558 ἑωράκει
286 1513 414 1559 παρα
441 1496 502 1560 τῷ
530 1494 671 1559 Hom-pc
699 1502 851 1552 zaza),
871 1486 1243 1557 κατεσκεψάμην
1263 1487 1348 1552 τὴν
1368 1493 1450 1538 τοῦ
1480 1488 1671 1553 Πατρὸς

80 1577 163 1622 τοῦ
196 1573 308 1635 ἐμοῦ
344 1571 507 1640 φύσιν,
537 1569 658 1622 εἶδον
697 1572 754 1640 ἐξ
788 1573 989 1634 ἐμαυτοῦ
1024 1569 1262 1623 πολλάκις
1298 1572 1372 1620 καὶ
1408 1572 1456 1620 ἐν
1485 1571 1670 1638 ἐμαυτῷ

79 1651 162 1703 τὸν
187 1653 498 1719 γεννήσαντα,
525 1656 601 1704 καὶ
626 1658 720 1704 τῶν
746 1654 794 1704 ἐν
822 1655 947 1722 αὐτῷ
975 1651 1255 1716 θελημάτων
1281 1652 1455 1717 γε’γονα
1482 1650 1667 1716 θεωρός.

81 1732 201 1785 εἶδον
246 1737 300 1786 δι’
349 1735 559 1804 ἐμφύτου
602 1733 821 1799 δηλονότι
872 1735 1109 1797 γνώσεως,
1154 1735 1302 1785 ποίων
1345 1733 1495 1799 ε”ργων
1539 1735 1708 1783 ἐστὶνο

12 1839 63 1864 20
81 1816 296 1882 ἐραστὴς,
324 1818 471 1868 ταῦτά
508 1840 558 1868 τε
595 1816 735 1868 Aah&
765 1816 885 1882 πρὸς
920 1818 1050 1878 ὑμᾶς,
1079 1815 1211 1866 οὐδὲν
1238 1817 1285 1866 δὲ
1325 1816 1448 1869 ὅλως
1487 1817 1669 1884 ἀπᾷδον

80 1897 271 1964 εἰρηκὼς
297 1899 565 1962 ἁλώσομαι,
587 1898 690 1950 οὐδὲ
718 1897 967 1966 διατέταχά
993 1921 1037 1948 τι
1062 1897 1193 1963 παρὰ
1218 1897 1271 1948 τὸ
1298 1898 1453 1967 ἐκείνῳ
1481 1901 1664 1948 δοκοῦν.

81 1981 150 2031 ἐπ’
179 1982 327 2031 ἐκεῖνα
358 1986 518 2032 καλεῖν
543 1980 818 2032 ἐσπούδακα
848 1979 956 2033 τοῦς
983 1979 1321 2045 ἀκροωμένους,
1348 1980 1401 2029 οὐ
1427 1984 1521 2029 τῶν
1547 1980 1670 2041 ἐμῶν

81 2061 304 2130 ἀφιστάς·
351 2064 400 2113 ἐν
434 2065 534 2126 ἐμοὶ
573 2062 665 2129 γὰρ
704 2061 763 2113 τὰ
801 2061 985 2124 ἐκείνου,
1018 2064 1093 2111 καὶ
1131 2060 1190 2111 τὰ
1226 2060 1312 2124 ἐμὰ
1348 2059 1497 2112 πάλιν
1529 2061 1586 2110 αῦ
1621 2062 1669 2110 ἐν

82 2146 223 2215 αὐτῷ·
265 2146 376 2197 ἀλλ’
406 2149 444 2197 εὶ
476 2148 552 2196 καὶ
582 2147 728 2198 οὕτως
756 2145 877 2212 ἔχων
903 2148 961 2211 τῇ
989 2143 1147 2213 φύσει,
1175 2145 1250 2193 καὶ
1277 2141 1594 2205 συνεθελητὴς
1621 2143 1669 2191 ἐν

15 2236 62 2274 25
81 2225 263 2278 ἅπασιν
302 2229 525 2295 ὑπάρχων
565 2232 631 2296 τῷ
671 2231 779 2296 Θεῷ
819 2249 894 2277 και
933 2228 1102 2292 Πατρῖ,
1140 2227 1261 2275 δοκῶ
1299 2247 1368 2277 τις
1406 2222 1519 2274 εἶναι
1557 2224 1666 2285 παρ’

82 2310 211 2371 ὑμῶν
252 2332 336 2360 ουκ
380 2308 575 2373 ἀληθὴς,
609 2331 695 2359 και
741 2306 1021 2372 νενόμισμαι
1067 2311 1162 2358 τῶν
1204 2307 1338 2357 θείων
1383 2307 1500 2368 ὑμᾶς
1544 2307 1662 2356 ἀπο-

81 2384 272 2442 πλανᾶν
316 2389 661 2454 παιδευμάτων,
705 2390 932 2440 λελύσθω
983 2412 1037 2440 το
1090 2388 1320 2454 ἔγκλημα,
1361 2387 1533 2454 ῥιψατε
1583 2410 1668 2450 την

82 2471 319 2523 ὑπόνοιαν·
370 2470 403 2524 οὶ
441 2472 657 2534 ἠκούσατε
696 2495 828 2540 παρα
866 2474 937 2522 τοῦ
978 2473 1149 2537 Πάτρας
1190 2493 1323 2521 ποιειτ
1311 2493 1363 2531 ε,
1403 2469 1712 2532 λελάληκενᾶ

83 2555 189 2616 ὑμῖν
227 2553 302 2604 διὰ
343 2554 604 2617 Μωυσέως,
643 2552 882 2620 περάσατε
929 2551 1014 2616 τὴν
1053 2549 1263 2614 ἐντολὴν,
1303 2550 1536 2614 ἠκούσατε
1580 2549 1661 2599 λε’-

15 2652 65 2688 3ο
84 2657 250 2702 γομτος
296 2637 527 2704 ((Ἀθῲον
579 2637 654 2685 καὶ
703 2635 880 2685 δίκαιον
932 2635 1015 2684 οὐκ
1065 2633 1371 2685 ἀποκτενεῖς.”
1437 2635 1536 2684 πῶς
1586 2631 1666 2680 οῦν
1728 2633 1832 2707 ἓξὲξ
1846 2685 1862 2716 7

135 2785 186 2807 12.
213 2772 377 2817 λεληθὸς]
403 2778 436 2812 -1-
460 2773 534 2807 ἐστὶ
555 2773 595 2806 B.
755 2783 808 2817 13.
834 2774 1059 2816 προσαπαντᾷ
1080 2771 1172 2806 A.ub
1330 2769 1382 2803 16.
1407 2771 1504 2802 λαλῶ
1524 2769 1564 2803 Β.
1585 2795 1594 2809 ,
1614 2770 1668 2803 καὶ

87 2820 207 2854 Holst.
225 2819 293 2854 Ed.
393 2828 464 2877 17.
490 2818 580 2853 εἶδον
598 2831 627 2853 a.
646 2819 725 2853 ἰδὼν
743 2819 785 2852 Β.
889 2819 1004 2863 19.δέ
1025 2818 1066 2852 Β
1090 2819 1152 2851 Ht.
1171 2816 1212 2851 δι’
1232 2816 1430 2850 emendavit
1448 2817 1571 2849 fortee
1590 2815 1666 2850 Cat.

86 2866 181 2901 Aub.
272 2877 326 2900 20.
345 2867 451 2900 ταῦτά
467 2865 520 2911 τε]
541 2867 593 2899 καὶ
611 2868 716 2900 ταῦτα
734 2877 763 2898 a.
855 2876 909 2899 21.
928 2865 1066 2908 εἰρηκὼς
1083 2863 1260 2898 emendav
1255 2870 1280 2897 lt
1299 2863 1434 2908 Wligne.
1453 2863 1583 2906 εἷρηκὸς
1601 2862 1667 2897 Ed.

85 2915 176 2957 παρὰ
194 2914 232 2947 τὸ
251 2913 336 2948 εἰκὸς
353 2913 444 2958 παρὰ
461 2914 499 2947 τὸ
518 2912 631 2959 ἐκεινῳ
649 2923 712 2956 pro
729 2923 825 2945 more
845 2912 886 2945 Β.
906 2911 1085 2945 emendav
1079 2917 1104 2944 1t
1124 2911 1188 2945 Ht.
1354 2892 1429 2944 ζΞ828.
1455 2908 1620 2952 ποιήσατε
1638 2921 1668 2943 a.

90 2970 144 3005 29.
168 2961 336 3004 πιράσατε
356 2959 397 2995 Β.
415 2960 601 3004 πειράσατε
613 2948 818 2993 emendavit
838 2958 901 2992 Ht.
919 2959 1090 3002 περάσατε
1112 2957 1176 2991 Ed.

844 3026 913 3055 L2
