2037 3266
326 128 410 169 362
729 132 779 174 B.
811 132 1082 175 CYRILLI
1125 135 1503 176 ALEXANDR.
1738 131 1826 172 xiii.
1847 142 1912 172 21.

327 239 509 292 τούτοις
533 240 617 303 μὲν
644 241 787 292 αὐτοῦ
813 248 909 297 τοῖς
939 243 1123 310 ῥήμασι
1159 244 1212 295 τὸ
1249 245 1325 296 διὰ
1359 248 1443 309 τῆς
1479 243 1710 314 εὐφημίας
1738 238 1910 304 δηλού-

328 344 470 383 μενον
503 323 678 373 κατίδοι
716 346 786 378 τις
824 325 901 375 ἄν.
956 329 1216 388 μετατιθεὶς
1255 326 1304 377 δὲ
1343 327 1397 378 τὸ
1435 326 1644 377 ἐναντίον
1673 322 1791 390 πρὸς
1828 319 1915 384 τὴν

329 404 539 469 θεωρίαν,
567 404 652 468 τὴν
678 410 761 456 τοῦ
786 406 1021 472 προδότου
1047 408 1333 469 δυσσέβειαν
1360 410 1444 460 οὐκ
1478 412 1540 461 εἷς
1571 405 1715 470 μόνον
1741 404 1913 471 ὄψεται

327 486 666 547 διαβαίνουσαν
704 487 786 539 τὸν
823 487 956 551 Υἱὸν,
996 489 1129 539 ἀλλὰ
1175 493 1251 541 καὶ
1294 495 1356 545 εἰς
1401 489 1544 542 αὐτὸν
1582 489 1664 541 τὸν
1706 486 1912 552 Πατέρα.

326 566 500 633 τρόπος·
537 576 789 635 τοιγαροῦν
822 572 1020 634 ἀπειλῆς
1055 571 1109 622 τὸ
1144 573 1383 638 εἰρημένον
1408 575 1553 634 ἐστὶν,
1581 568 1954 639 εύφημοτέροις5

327 648 375 700 δὲ
413 649 594 715 ῥήμασι
632 653 1081 717 προκεκομισμένος,
1121 654 1359 720 παριστάς
1398 677 1448 705 τε
1491 652 1654 719 ὥσπερ
1700 650 1775 703 διὰ
1820 654 1915 701 τῶν

326 732 590 798 ἀριστερῶν
617 733 669 783 τὸ
696 733 1001 798 δηλούμενον.
1055 735 1198 802 ὅνπερ
1232 735 1325 802 γάρ
1351 736 1527 802 τρόπον
1552 735 1635 786 τὸν
1661 736 1909 785 ἀπεσταλ-

282 819 307 859 d
326 813 466 876 με’νον
491 814 620 880 παρὰ
648 819 773 867 Θεοῦ
800 816 987 886 δέξεταί
1007 841 1077 871 τις
1103 823 1197 869 τῶν
1223 820 1329 869 καθ’
1360 819 1492 882 ἡμᾶς,
1514 822 1609 871 τοῖς
1635 817 1743 882 παρ’
1773 815 1915 865 αὐτοῦ

326 897 613 951 συναινέσας
664 897 842 963 λόγοις,
890 901 964 950 καὶ
1016 899 1092 950 διὰ
1143 906 1225 951 τοῦ
1270 903 1475 966 τηρῆσαι
1525 899 1579 950 τὸ
1630 896 1910 959 θεσπισθὲν,

325 977 530 1042 τιμήσας
580 979 663 1030 τὸν
707 980 1069 1046 κηρυττόμενον·
1130 984 1230 1033 κατ’
1278 982 1419 1034 αὐτὸν
1463 980 1590 1046 οἶμαι
1640 980 1723 1032 τὸν
1767 979 1915 1044 λόγον
1938 1000 1986 1025 10

327 1060 608 1129 ὑποδέξαιτό
648 1085 717 1116 τις
755 1061 815 1112 ἂν
852 1062 935 1113 τὸν
974 1064 1165 1130 Κύριον,
1199 1068 1276 1115 καὶ
1315 1066 1370 1115 δι’
1408 1066 1550 1116 αὐτοῦ
1588 1063 1671 1114 τὸν
1705 1062 1913 1127 Πατέρα,

325 1142 565 1193 πιστεύων
611 1148 673 1197 εἷς
716 1144 848 1196 Υὶόν.
920 1146 1243 1214 συνειστρέχει
1287 1146 1380 1213 γὰρ
1424 1148 1490 1216 τῷ
1534 1144 1789 1212 γεννήματι
1833 1149 1917 1194 τοῦ

326 1223 543 1278 τεκόντος
588 1226 616 1289 ἡ
663 1225 887 1290 δήλωσις.
959 1229 983 1278 ὁ
1029 1227 1122 1294 γὰρ
1165 1228 1290 1282 ὅλως
1334 1228 1452 1279 Υἱὸν
1495 1226 1607 1279 εἶναι
1651 1226 1916 1279 πιστεύσας

326 1304 483 1369 αὐτὸν,
520 1307 814 1374 ὁμολογήσει
856 1309 913 1373 δὴ
952 1309 1140 1364 πάντως
1179 1310 1262 1361 τὸν
1301 1311 1542 1378 φύσαντα.
1598 1308 1797 1378 φρικτὸν
1836 1309 1917 1359 οὖν

327 1389 420 1454 ἄρα
445 1395 529 1440 τοῦ
555 1389 789 1456 προδότου
820 1390 874 1442 τὸ
907 1397 1064 1458 κρῖμα,
1091 1394 1166 1443 καὶ
1202 1397 1264 1446 εἰς
1299 1392 1440 1444 αὐτὸν
1467 1392 1809 1460 ἐξυβρίσαντος
1833 1388 1916 1441 τὸν
1937 1411 1983 1449 15

328 1469 453 1520 Θεὸν
481 1473 557 1521 καὶ
589 1472 783 1538 Πατέρα
823 1473 898 1523 διὰ
937 1477 1020 1537 τῆς
1058 1478 1121 1527 εἷς
1159 1474 1242 1524 τὸν
1268 1474 1386 1525 Υἱὸν
1413 1474 1707 1534 δυσσεβείας.
1761 1471 1789 1536 ἢ
1822 1471 1916 1538 γὰρ

288 1550 387 1602 θᾶν
418 1553 710 1621 παρεδέξατο
750 1556 825 1604 καὶ
861 1555 1091 1619 τετίμηκε,
1120 1555 1319 1621 γνήσιον
1347 1558 1532 1609 ὑποθεὶς
1567 1558 1629 1609 ὡς
1662 1556 1822 1624 Κυρίῳ
1861 1553 1916 1605 τὸ

328 1634 566 1703 φρόνημα,
595 1639 632 1686 εἰ
666 1635 988 1707 ἀνενδοιάστῳ
1023 1642 1081 1705 τῇ
1116 1639 1275 1689 πίστει
1300 1637 1424 1689 Θεὸν
1455 1638 1678 1705 ὑπάρχειν
1708 1639 1756 1688 ἐκ
1791 1640 1916 1687 Θεοῦ

328 1716 711 1781 καθωμολόγησε
750 1717 832 1768 τὸν
864 1719 994 1781 Υὶὸν,
1035 1724 1249 1787 αἰσχρῶν
1287 1744 1337 1771 τε
1376 1718 1640 1785 λημμάτων
1679 1720 1917 1785 κρείττονα

327 1797 415 1861 τὴν
452 1802 514 1852 εἱς
552 1799 695 1849 αὐτὸν
733 1799 926 1865 ἀγάπην
965 1802 990 1851 ὁ
1030 1803 1233 1856 δείλαιος
1270 1802 1542 1866 ἐποιήσατο,
1577 1803 1686 1852 ἀλλ’
1723 1802 1820 1852 οὐδ’
1859 1800 1917 1851 ἂν
1937 1824 1988 1849 20

327 1877 456 1943 οἶμαι
492 1879 727 1946 προδότης
764 1881 922 1944 ἁλοὺς,
952 1883 1140 1947 ἄμεινον
1166 1885 1315 1954 ἑαυτῷ
1351 1883 1405 1935 τὸ
1442 1883 1662 1948 μηδόλως
1696 1882 1917 1950 γενέσθαι

327 1962 702 2028 παρεσκεύασεν.

262 2117 306 2142 21
329 2108 475 2151 Ταῦτα
514 2108 647 2152 εἰπὼν
679 2112 702 2153 ὁ
729 2111 897 2153 ἸΗσοῡε
934 2113 1150 2170 ἐταράχθΗ
1189 2118 1251 2168 τῷ
1284 2115 1505 2165 Πνεύμοιτι,
1541 2113 1609 2154 καὶ
1645 2114 1915 2169 ἐμαρτύρΗσε

397 2192 465 2232 καὶ
514 2188 631 2234 εἶπεν
670 2194 804 2243 Ἀμὴν
853 2195 967 2244 οἶμα-Ἂν
1011 2197 1126 2242 λὲΓω
1173 2193 1269 2245 ὑμῖν
1311 2198 1377 2239 ὅτι
1421 2193 1482 2237 εἷς
1532 2197 1577 2239 ἐξ
1621 2197 1738 2245 ὑμῶν
1778 2210 1917 2252 Παρα-

397 2275 527 2318 &boet
564 2292 629 2325 με.
1938 2286 1988 2325 25

109 2393 260 2432 '734A-
292 2404 314 2428 a
407 2386 502 2434 Καὶ
537 2385 626 2435 τίνι
660 2389 754 2436 τῶν
781 2384 931 2437 ὄντων
958 2386 1041 2437 οὐκ
1077 2385 1135 2437 ἂν
1160 2387 1341 2452 γένοιτο
1378 2386 1547 2456 σαφὲς,
1574 2389 1636 2440 ὡς
1671 2389 1774 2438 οὔτε
1811 2390 1911 2438 δια-

331 2465 470 2529 νοίας,
498 2467 603 2517 οὕτε
641 2466 735 2531 μὴν
770 2467 932 2533 λόγων
964 2468 993 2532 ἡ
1032 2468 1232 2535 ἡμετέρα
1271 2469 1418 2536 φύσις
1455 2470 1652 2535 εὐπορεῖ,
1678 2470 1733 2519 δι’
1763 2466 1826 2519 ὧν
1859 2468 1917 2519 ἂν

331 2547 518 2599 δύναιτο
544 2547 688 2617 τυχὸν
714 2549 1016 2616 ἀνεγκλήτως
1050 2573 1099 2601 τε
1134 2553 1209 2602 καὶ
1245 2551 1550 2605 ἀδιαπτώτως
1582 2555 1723 2602 εἰπεῖν
1749 2550 1809 2602 τὰ
1833 2553 1917 2614 τῆς·

331 2628 456 2684 θείας
499 2654 548 2682 τε
594 2633 670 2682 καὶ
711 2631 915 2699 ἀῤῥήτου
955 2630 1146 2699 φύσεως
1188 2632 1312 2694 ἰ’δια;
1370 2632 1446 2684 διὰ
1489 2638 1629 2684 τοῦτο
1669 2637 1765 2686 τοῖς
1806 2630 1914 2682 καθ’

331 2710 501 2775 ἑαυτὴν
529 2714 820 2779 ὑπηρετεῖται
858 2713 1020 2780 λόγοις
1053 2712 1173 2780 πρὸς
1209 2715 1404 2782 μετρίαν
1429 2714 1659 2784 ἐξήγησιν
1682 2718 1777 2764 τῶν
1802 2712 1915 2780 ὑπὲρ
1936 2738 1988 2774 30

380 2838 413 2872 6.
441 2840 493 2873 καὶ
511 2852 574 2884 pro
592 2841 627 2874 δὲ
648 2841 689 2875 Ε.
781 2842 1099 2886 προκεκοσμημένος
1117 2843 1198 2886 (Sic)
1217 2843 1258 2877 E.
1424 2844 1456 2877 8.
1483 2842 1614 2886 δέξεται
1634 2842 1674 2876 Ε.
1693 2842 1827 2884 δέξηται
1847 2840 1915 2876 Ed.

332 2887 399 2918 τῶν
416 2896 485 2919 om.
506 2886 640 2931 Migne.
836 2889 887 2923 16.
915 2889 951 2934 ἢ]
970 2888 1020 2923 ἵσ.
1038 2889 1066 2922 εἰ
1084 2889 1152 2924 Ed.
1172 2901 1243 2934 mg.
1450 2899 1504 2933 27.
1530 2891 1642 2934 λόγων
1660 2888 1701 2922 Ε.
1720 2889 1827 2932 λόγου
1847 2887 1913 2922 Ed,

335 2930 389 2963 28.
417 2933 519 2975 τυχὸν
538 2933 578 2967 Ε.
597 2935 712 2979 τυχεῖν
731 2934 796 2969 Ed.
