<?xml version="1.0" encoding="UTF-8"?>
<!DOCTYPE html PUBLIC "-//W3C//DTD XHTML 1.0 Transitional//EN"
    "http://www.w3.org/TR/xhtml1/DTD/xhtml1-transitional.dtd">
<html xmlns="http://www.w3.org/1999/xhtml" xml:lang="en" lang="en">
 <head>
  <title>
</title>
<meta http-equiv="Content-Type" content="text/html;charset=utf-8" />
  <meta name='ocr-system' content='tesseract 3.04.00' />
  <meta name='ocr-capabilities' content='ocr_page ocr_carea ocr_par ocr_line ocrx_word'/>
</head>
<body>
  <div class='ocr_page' id='page_1' title='image "./operacyrilli04cyriuoft_0145.png"; bbox 0 0 1971 3272; ppageno 0'>
   <div class='ocr_carea' id='block_1_1' title="bbox 91 134 1673 189">
    <p class='ocr_par' dir='ltr' id='par_1_1' title="bbox 91 134 1673 189">
     <span class='ocr_line' id='line_1_1' title="bbox 91 134 1673 189; baseline 0.005 -16"><span class='ocrx_word' id='word_1_1' title='bbox 91 134 258 189; x_wconf 75' lang='lat' dir='ltr'>viii.59.</span> <span class='ocrx_word' id='word_1_2' title='bbox 470 137 542 176; x_wconf 92' lang='lat' dir='ltr'>IN</span> <span class='ocrx_word' id='word_1_3' title='bbox 587 138 629 177; x_wconf 87' lang='lat' dir='ltr'>S.</span> <span class='ocrx_word' id='word_1_4' title='bbox 663 139 998 179; x_wconf 76' lang='lat' dir='ltr'><strong>JOANNEM.</strong></span> <span class='ocrx_word' id='word_1_5' title='bbox 1064 141 1290 181; x_wconf 67' lang='lat' dir='ltr'>L113.V1.</span> <span class='ocrx_word' id='word_1_6' title='bbox 1595 142 1673 180; x_wconf 85' lang='lat'>133</span> 
     </span>
    </p>
   </div>
   <div class='ocr_carea' id='block_1_2' title="bbox 19 242 1897 1944">
    <p class='ocr_par' dir='ltr' id='par_1_2' title="bbox 19 242 1897 1944">
     <span class='ocr_line' id='line_1_2' title="bbox 90 242 1669 314; baseline 0.004 -22"><span class='ocrx_word' id='word_1_7' title='bbox 90 242 229 308; x_wconf 80' lang='grc' dir='ltr'>ὅρκου</span> <span class='ocrx_word' id='word_1_8' title='bbox 261 242 391 311; x_wconf 76' lang='grc' dir='ltr'>τάξει</span> <span class='ocrx_word' id='word_1_9' title='bbox 425 250 695 311; x_wconf 79' lang='grc' dir='ltr'>προστιθεὶς</span> <span class='ocrx_word' id='word_1_10' title='bbox 731 247 786 299; x_wconf 89' lang='grc' dir='ltr'>τό</span> <span class='ocrx_word' id='word_1_11' title='bbox 821 248 979 312; x_wconf 88' lang='grc' dir='ltr'>Ἀμὴν</span> <span class='ocrx_word' id='word_1_12' title='bbox 1004 254 1067 303; x_wconf 83' lang='grc' dir='ltr'>εἷς</span> <span class='ocrx_word' id='word_1_13' title='bbox 1101 251 1366 311; x_wconf 77' lang='grc' dir='ltr'>βεβαίωσιν</span> <span class='ocrx_word' id='word_1_14' title='bbox 1398 255 1493 300; x_wconf 82' lang='grc' dir='ltr'>τῶν</span> <span class='ocrx_word' id='word_1_15' title='bbox 1528 257 1669 314; x_wconf 81' lang='grc' dir='ltr'>λεγο-</span> 
     </span>
     <span class='ocr_line' id='line_1_3' title="bbox 88 324 1897 398; baseline 0.004 -25"><span class='ocrx_word' id='word_1_16' title='bbox 88 324 238 388; x_wconf 75' lang='grc' dir='ltr'>μένων</span> <span class='ocrx_word' id='word_1_17' title='bbox 266 331 366 392; x_wconf 63' lang='grc' dir='ltr'>Πρὶν</span> <span class='ocrx_word' id='word_1_18' title='bbox 390 326 613 395; x_wconf 64' lang='grc' dir='ltr'>Ἄβραέιμ</span> <span class='ocrx_word' id='word_1_19' title='bbox 637 328 834 394; x_wconf 68' lang='grc' dir='ltr'>γενέσθαι</span> <span class='ocrx_word' id='word_1_20' title='bbox 869 330 959 395; x_wconf 69' lang='grc' dir='ltr'>ἐγώ</span> <span class='ocrx_word' id='word_1_21' title='bbox 989 336 1093 398; x_wconf 80' lang='grc' dir='ltr'>εἰμι.</span> <span class='ocrx_word' id='word_1_22' title='bbox 1149 330 1408 395; x_wconf 81' lang='grc' dir='ltr'>οἰησόμεθα</span> <span class='ocrx_word' id='word_1_23' title='bbox 1444 331 1491 381; x_wconf 75' lang='grc' dir='ltr'>δὲ</span> <span class='ocrx_word' id='word_1_24' title='bbox 1528 331 1670 381; x_wconf 81' lang='grc' dir='ltr'>οὐδα-</span> <span class='ocrx_word' id='word_1_25' title='bbox 1694 348 1715 371; x_wconf 83' lang='lat' dir='ltr'>a</span> <span class='ocrx_word' id='word_1_26' title='bbox 1746 340 1832 372; x_wconf 81' lang='lat'>586</span> <span class='ocrx_word' id='word_1_27' title='bbox 1850 338 1897 371; x_wconf 83' lang='lat' dir='ltr'>A·</span> 
     </span>
     <span class='ocr_line' id='line_1_4' title="bbox 88 408 1674 479; baseline 0.005 -24"><span class='ocrx_word' id='word_1_28' title='bbox 88 410 185 468; x_wconf 80' lang='grc' dir='ltr'>μῶς</span> <span class='ocrx_word' id='word_1_29' title='bbox 205 408 422 474; x_wconf 79' lang='grc' dir='ltr'>ἐπαυχεῖν</span> <span class='ocrx_word' id='word_1_30' title='bbox 443 408 524 459; x_wconf 83' lang='grc' dir='ltr'>τὸν</span> <span class='ocrx_word' id='word_1_31' title='bbox 543 413 797 476; x_wconf 83' lang='grc' dir='ltr'>Μονογενῆ</span> <span class='ocrx_word' id='word_1_32' title='bbox 823 415 889 479; x_wconf 76' lang='grc' dir='ltr'>τῷ</span> <span class='ocrx_word' id='word_1_33' title='bbox 916 410 1030 462; x_wconf 73' lang='grc' dir='ltr'>εἶναι</span> <span class='ocrx_word' id='word_1_34' title='bbox 1050 412 1143 478; x_wconf 84' lang='grc' dir='ltr'>πρὸ</span> <span class='ocrx_word' id='word_1_35' title='bbox 1163 412 1308 476; x_wconf 83' lang='grc' dir='ltr'>μόνου</span> <span class='ocrx_word' id='word_1_36' title='bbox 1329 419 1412 463; x_wconf 82' lang='grc' dir='ltr'>τοῦ</span> <span class='ocrx_word' id='word_1_37' title='bbox 1432 413 1674 478; x_wconf 75' lang='grc' dir='ltr'>Ἀβραάμ.</span> 
     </span>
     <span class='ocr_line' id='line_1_5' title="bbox 89 487 1678 561; baseline 0.004 -24"><span class='ocrx_word' id='word_1_38' title='bbox 89 487 191 537; x_wconf 73' lang='grc' dir='ltr'>ε”στι</span> <span class='ocrx_word' id='word_1_39' title='bbox 233 487 327 553; x_wconf 80' lang='grc' dir='ltr'>γὰρ</span> <span class='ocrx_word' id='word_1_40' title='bbox 367 488 461 556; x_wconf 83' lang='grc' dir='ltr'>πρὸ</span> <span class='ocrx_word' id='word_1_41' title='bbox 504 490 679 557; x_wconf 90' lang='grc' dir='ltr'>χρόνου</span> <span class='ocrx_word' id='word_1_42' title='bbox 716 492 913 555; x_wconf 85' lang='grc' dir='ltr'>παντὸς,</span> <span class='ocrx_word' id='word_1_43' title='bbox 956 495 1033 544; x_wconf 80' lang='grc' dir='ltr'>καὶ</span> <span class='ocrx_word' id='word_1_44' title='bbox 1073 494 1414 560; x_wconf 78' lang='grc' dir='ltr'>πρεσβυτάτην</span> <span class='ocrx_word' id='word_1_45' title='bbox 1455 494 1548 561; x_wconf 76' lang='grc' dir='ltr'>ἔχει</span> <span class='ocrx_word' id='word_1_46' title='bbox 1592 493 1678 557; x_wconf 84' lang='grc' dir='ltr'>τὴν</span> 
     </span>
     <span class='ocr_line' id='line_1_6' title="bbox 47 568 1678 641; baseline 0.004 -20"><span class='ocrx_word' id='word_1_47' title='bbox 47 568 309 633; x_wconf 83' lang='grc' dir='ltr'>5γε’ννησιν</span> <span class='ocrx_word' id='word_1_48' title='bbox 344 570 548 638; x_wconf 78' lang='grc' dir='ltr'>ἄναρχος</span> <span class='ocrx_word' id='word_1_49' title='bbox 587 571 652 623; x_wconf 78' lang='grc' dir='ltr'>ὧν</span> <span class='ocrx_word' id='word_1_50' title='bbox 687 574 736 623; x_wconf 86' lang='grc' dir='ltr'>ἐν</span> <span class='ocrx_word' id='word_1_51' title='bbox 764 574 935 640; x_wconf 88' lang='grc' dir='ltr'>Πατρί.</span> <span class='ocrx_word' id='word_1_52' title='bbox 990 574 1146 639; x_wconf 85' lang='grc' dir='ltr'>ἐπειδὴ</span> <span class='ocrx_word' id='word_1_53' title='bbox 1186 575 1233 626; x_wconf 78' lang='grc' dir='ltr'>δὲ</span> <span class='ocrx_word' id='word_1_54' title='bbox 1272 577 1520 641; x_wconf 78' lang='grc' dir='ltr'>προῦκειτο</span> <span class='ocrx_word' id='word_1_55' title='bbox 1558 574 1678 641; x_wconf 80' lang='grc' dir='ltr'>πρὸς</span> 
     </span>
     <span class='ocr_line' id='line_1_7' title="bbox 87 648 1678 726; baseline 0.005 -27"><span class='ocrx_word' id='word_1_56' title='bbox 87 648 141 699; x_wconf 86' lang='grc' dir='ltr'>τὸ</span> <span class='ocrx_word' id='word_1_57' title='bbox 180 650 333 716; x_wconf 84' lang='grc' dir='ltr'>παρὸν</span> <span class='ocrx_word' id='word_1_58' title='bbox 370 652 395 715; x_wconf 82' lang='grc' dir='ltr'>ἡ</span> <span class='ocrx_word' id='word_1_59' title='bbox 434 653 554 718; x_wconf 85' lang='grc' dir='ltr'>πρὸς</span> <span class='ocrx_word' id='word_1_60' title='bbox 580 654 806 720; x_wconf 77' lang='grc' dir='ltr'>Ἀβραὰμ</span> <span class='ocrx_word' id='word_1_61' title='bbox 845 656 971 725; x_wconf 76' lang='grc' dir='ltr'>αὐτῷ</span> <span class='ocrx_word' id='word_1_62' title='bbox 1009 657 1277 723; x_wconf 76' lang='grc' dir='ltr'>σύγκρισις,</span> <span class='ocrx_word' id='word_1_63' title='bbox 1311 658 1485 708; x_wconf 83' lang='grc' dir='ltr'>ἐκείνου</span> <span class='ocrx_word' id='word_1_64' title='bbox 1525 659 1678 726; x_wconf 74' lang='grc' dir='ltr'>φησὶν</span> 
     </span>
     <span class='ocr_line' id='line_1_8' title="bbox 87 730 1678 804; baseline 0.008 -25"><span class='ocrx_word' id='word_1_65' title='bbox 87 730 251 781; x_wconf 80' lang='grc' dir='ltr'>ἑαυτὸν</span> <span class='ocrx_word' id='word_1_66' title='bbox 278 732 503 800; x_wconf 80' lang='grc' dir='ltr'>ὑπάρχειν</span> <span class='ocrx_word' id='word_1_67' title='bbox 531 736 851 802; x_wconf 85' lang='grc' dir='ltr'>ἀρχαιότερον,</span> <span class='ocrx_word' id='word_1_68' title='bbox 880 739 1142 804; x_wconf 81' lang='grc' dir='ltr'>ὡσπερανεὶ</span> <span class='ocrx_word' id='word_1_69' title='bbox 1170 739 1305 804; x_wconf 73' lang='grc' dir='ltr'>λε’γοι</span> <span class='ocrx_word' id='word_1_70' title='bbox 1339 742 1414 790; x_wconf 79' lang='grc' dir='ltr'>καὶ</span> <span class='ocrx_word' id='word_1_71' title='bbox 1452 741 1476 790; x_wconf 88' lang='grc' dir='ltr'>ὁ</span> <span class='ocrx_word' id='word_1_72' title='bbox 1511 739 1678 790; x_wconf 84' lang='grc' dir='ltr'>ἑκατὸν</span> 
     </span>
     <span class='ocr_line' id='line_1_9' title="bbox 87 812 1678 889; baseline 0.008 -27"><span class='ocrx_word' id='word_1_73' title='bbox 87 812 284 878; x_wconf 82' lang='grc' dir='ltr'>ἀριθμὸς</span> <span class='ocrx_word' id='word_1_74' title='bbox 309 813 363 865; x_wconf 86' lang='grc' dir='ltr'>τὸ</span> <span class='ocrx_word' id='word_1_75' title='bbox 389 815 548 883; x_wconf 81' lang='grc' dir='ltr'>τυχὸν,</span> <span class='ocrx_word' id='word_1_76' title='bbox 576 817 648 868; x_wconf 77' lang='grc' dir='ltr'>ὅτι</span> <span class='ocrx_word' id='word_1_77' title='bbox 673 818 841 884; x_wconf 79' lang='grc' dir='ltr'>μείζων</span> <span class='ocrx_word' id='word_1_78' title='bbox 869 821 959 882; x_wconf 81' lang='grc' dir='ltr'>εἰμὶ</span> <span class='ocrx_word' id='word_1_79' title='bbox 990 825 1074 870; x_wconf 85' lang='grc' dir='ltr'>τοῦ</span> <span class='ocrx_word' id='word_1_80' title='bbox 1100 821 1226 879; x_wconf 79' lang='grc' dir='ltr'>δέκα,</span> <span class='ocrx_word' id='word_1_81' title='bbox 1255 823 1331 871; x_wconf 83' lang='grc' dir='ltr'>καὶ</span> <span class='ocrx_word' id='word_1_82' title='bbox 1358 823 1461 889; x_wconf 79' lang='grc' dir='ltr'>οὐχὶ</span> <span class='ocrx_word' id='word_1_83' title='bbox 1487 822 1678 877; x_wconf 88' lang='grc' dir='ltr'>πάντως</span> 
     </span>
     <span class='ocr_line' id='line_1_10' title="bbox 87 895 1678 971; baseline 0.008 -28"><span class='ocrx_word' id='word_1_84' title='bbox 87 895 149 946; x_wconf 81' lang='grc' dir='ltr'>ὡς</span> <span class='ocrx_word' id='word_1_85' title='bbox 174 895 362 959; x_wconf 86' lang='grc' dir='ltr'>γείτονα</span> <span class='ocrx_word' id='word_1_86' title='bbox 387 901 453 966; x_wconf 71' lang='grc' dir='ltr'>τῷ</span> <span class='ocrx_word' id='word_1_87' title='bbox 481 898 592 948; x_wconf 78' lang='grc' dir='ltr'>δέκα</span> <span class='ocrx_word' id='word_1_88' title='bbox 619 898 705 963; x_wconf 89' lang='grc' dir='ltr'>τὴν</span> <span class='ocrx_word' id='word_1_89' title='bbox 732 900 968 968; x_wconf 84' lang='grc' dir='ltr'>ὑπεροχὴν</span> <span class='ocrx_word' id='word_1_90' title='bbox 996 901 1131 969; x_wconf 74' lang='grc' dir='ltr'>ἔχων,</span> <span class='ocrx_word' id='word_1_91' title='bbox 1158 902 1217 952; x_wconf 81' lang='grc' dir='ltr'>τὰ</span> <span class='ocrx_word' id='word_1_92' title='bbox 1251 909 1445 954; x_wconf 84' lang='grc' dir='ltr'>τοιαῦτα</span> <span class='ocrx_word' id='word_1_93' title='bbox 1477 902 1678 971; x_wconf 84' lang='grc' dir='ltr'>φήσειεν</span> 
     </span>
     <span class='ocr_line' id='line_1_11' title="bbox 21 972 1677 1051; baseline 0.007 -27"><span class='ocrx_word' id='word_1_94' title='bbox 21 991 70 1017; x_wconf 91' lang='lat'>10</span> <span class='ocrx_word' id='word_1_95' title='bbox 86 972 156 1037; x_wconf 82' lang='grc' dir='ltr'>ἂν,</span> <span class='ocrx_word' id='word_1_96' title='bbox 195 976 307 1026; x_wconf 84' lang='grc' dir='ltr'>ἀλλ’</span> <span class='ocrx_word' id='word_1_97' title='bbox 348 977 419 1029; x_wconf 80' lang='grc' dir='ltr'>ὅτι</span> <span class='ocrx_word' id='word_1_98' title='bbox 460 978 587 1030; x_wconf 82' lang='grc' dir='ltr'>πολὺ</span> <span class='ocrx_word' id='word_1_99' title='bbox 628 982 739 1031; x_wconf 87' lang='grc' dir='ltr'>λίαν</span> <span class='ocrx_word' id='word_1_100' title='bbox 779 983 1117 1049; x_wconf 85' lang='grc' dir='ltr'>ὑπερκείμενος,</span> <span class='ocrx_word' id='word_1_101' title='bbox 1156 986 1232 1034; x_wconf 80' lang='grc' dir='ltr'>καὶ</span> <span class='ocrx_word' id='word_1_102' title='bbox 1275 984 1390 1051; x_wconf 75' lang='grc' dir='ltr'>ὑπὲρ</span> <span class='ocrx_word' id='word_1_103' title='bbox 1430 989 1525 1036; x_wconf 86' lang='grc' dir='ltr'>τῶν</span> <span class='ocrx_word' id='word_1_104' title='bbox 1564 985 1677 1036; x_wconf 77' lang='grc' dir='ltr'>δέκα</span> 
     </span>
     <span class='ocr_line' id='line_1_12' title="bbox 85 1057 1722 1133; baseline 0.007 -27"><span class='ocrx_word' id='word_1_105' title='bbox 85 1057 230 1107; x_wconf 89' lang='grc' dir='ltr'>ἐστίν.</span> <span class='ocrx_word' id='word_1_106' title='bbox 304 1059 471 1111; x_wconf 78' lang='grc' dir='ltr'>οὐκοῦν</span> <span class='ocrx_word' id='word_1_107' title='bbox 509 1062 563 1111; x_wconf 81' lang='grc' dir='ltr'>οὐ</span> <span class='ocrx_word' id='word_1_108' title='bbox 607 1067 703 1117; x_wconf 90' lang='grc' dir='ltr'>τοῖς</span> <span class='ocrx_word' id='word_1_109' title='bbox 740 1063 969 1130; x_wconf 76' lang='grc' dir='ltr'>Ἀβραὰμ</span> <span class='ocrx_word' id='word_1_110' title='bbox 1012 1066 1276 1128; x_wconf 83' lang='grc' dir='ltr'>ἁμιλλᾶται</span> <span class='ocrx_word' id='word_1_111' title='bbox 1320 1064 1526 1133; x_wconf 78' lang='grc' dir='ltr'>χρόνοις,</span> <span class='ocrx_word' id='word_1_112' title='bbox 1571 1065 1722 1118; x_wconf 69' lang='grc' dir='ltr'>οὐδὲῖ)</span> 
     </span>
     <span class='ocr_line' id='line_1_13' title="bbox 86 1138 1674 1215; baseline 0.008 -28"><span class='ocrx_word' id='word_1_113' title='bbox 86 1138 235 1207; x_wconf 75' lang='grc' dir='ltr'>ὀλίγῳ</span> <span class='ocrx_word' id='word_1_114' title='bbox 277 1142 501 1209; x_wconf 77' lang='grc' dir='ltr'>προῦχειν</span> <span class='ocrx_word' id='word_1_115' title='bbox 541 1143 707 1195; x_wconf 83' lang='grc' dir='ltr'>ἑαυτὸν</span> <span class='ocrx_word' id='word_1_116' title='bbox 749 1149 845 1196; x_wconf 83' lang='grc' dir='ltr'>τῶν</span> <span class='ocrx_word' id='word_1_117' title='bbox 888 1145 1060 1197; x_wconf 85' lang='grc' dir='ltr'>ἐκείνου</span> <span class='ocrx_word' id='word_1_118' title='bbox 1105 1151 1279 1213; x_wconf 80' lang='grc' dir='ltr'>καιρῶν</span> <span class='ocrx_word' id='word_1_119' title='bbox 1325 1149 1674 1215; x_wconf 70' lang='grc' dir='ltr'>διισχυρίζεται,</span> 
     </span>
     <span class='ocr_line' id='line_1_14' title="bbox 85 1219 1678 1294; baseline 0.01 -25"><span class='ocrx_word' id='word_1_120' title='bbox 85 1219 195 1270; x_wconf 81' lang='grc' dir='ltr'>ἀλλ’</span> <span class='ocrx_word' id='word_1_121' title='bbox 223 1222 409 1288; x_wconf 84' lang='grc' dir='ltr'>ἐπείπερ</span> <span class='ocrx_word' id='word_1_122' title='bbox 448 1224 581 1275; x_wconf 79' lang='grc' dir='ltr'>ἐστὶν</span> <span class='ocrx_word' id='word_1_123' title='bbox 615 1225 711 1276; x_wconf 79' lang='grc' dir='ltr'>ἄνω</span> <span class='ocrx_word' id='word_1_124' title='bbox 749 1225 926 1281; x_wconf 79' lang='grc' dir='ltr'>παντὸς</span> <span class='ocrx_word' id='word_1_125' title='bbox 964 1226 1153 1294; x_wconf 87' lang='grc' dir='ltr'>χρόνον,</span> <span class='ocrx_word' id='word_1_126' title='bbox 1178 1231 1254 1279; x_wconf 80' lang='grc' dir='ltr'>καὶ</span> <span class='ocrx_word' id='word_1_127' title='bbox 1294 1228 1472 1283; x_wconf 80' lang='grc' dir='ltr'>παντὸς</span> <span class='ocrx_word' id='word_1_128' title='bbox 1511 1234 1678 1285; x_wconf 79' lang='grc' dir='ltr'>αἰῶνος</span> 
     </span>
     <span class='ocr_line' id='line_1_15' title="bbox 85 1301 1673 1380; baseline 0.008 -29"><span class='ocrx_word' id='word_1_129' title='bbox 85 1301 284 1367; x_wconf 82' lang='grc' dir='ltr'>ἀριθμὸν</span> <span class='ocrx_word' id='word_1_130' title='bbox 309 1303 577 1372; x_wconf 73' lang='grc' dir='ltr'>ἐξάλλεται,</span> <span class='ocrx_word' id='word_1_131' title='bbox 606 1309 680 1357; x_wconf 83' lang='grc' dir='ltr'>καὶ</span> <span class='ocrx_word' id='word_1_132' title='bbox 705 1306 799 1374; x_wconf 80' lang='grc' dir='ltr'>πρὸ</span> <span class='ocrx_word' id='word_1_133' title='bbox 825 1314 910 1359; x_wconf 85' lang='grc' dir='ltr'>τοῦ</span> <span class='ocrx_word' id='word_1_134' title='bbox 934 1309 1162 1376; x_wconf 78' lang='grc' dir='ltr'>Ἀβραὰμ</span> <span class='ocrx_word' id='word_1_135' title='bbox 1188 1310 1353 1362; x_wconf 82' lang='grc' dir='ltr'>ἑαυτὸν</span> <span class='ocrx_word' id='word_1_136' title='bbox 1378 1309 1497 1362; x_wconf 78' lang='grc' dir='ltr'>εἶναί</span> <span class='ocrx_word' id='word_1_137' title='bbox 1528 1317 1673 1380; x_wconf 86' lang='grc' dir='ltr'>φησι,</span> 
     </span>
     <span class='ocr_line' id='line_1_16' title="bbox 22 1386 1677 1458; baseline 0.007 -25"><span class='ocrx_word' id='word_1_138' title='bbox 22 1400 68 1439; x_wconf 87' lang='lat'>15</span> <span class='ocrx_word' id='word_1_139' title='bbox 86 1387 284 1449; x_wconf 84' lang='grc' dir='ltr'>πρᾶγμα</span> <span class='ocrx_word' id='word_1_140' title='bbox 322 1386 480 1451; x_wconf 75' lang='grc' dir='ltr'>λέγων</span> <span class='ocrx_word' id='word_1_141' title='bbox 512 1388 702 1452; x_wconf 76' lang='grc' dir='ltr'>ἀληθές.</span> <span class='ocrx_word' id='word_1_142' title='bbox 756 1390 931 1444; x_wconf 81' lang='grc' dir='ltr'>οἰκείως</span> <span class='ocrx_word' id='word_1_143' title='bbox 966 1390 1015 1441; x_wconf 79' lang='grc' dir='ltr'>δὲ</span> <span class='ocrx_word' id='word_1_144' title='bbox 1049 1390 1245 1458; x_wconf 82' lang='grc' dir='ltr'>σφόδρα</span> <span class='ocrx_word' id='word_1_145' title='bbox 1280 1395 1356 1443; x_wconf 87' lang='grc' dir='ltr'>καὶ</span> <span class='ocrx_word' id='word_1_146' title='bbox 1395 1398 1567 1456; x_wconf 80' lang='grc' dir='ltr'>καλῶς,</span> <span class='ocrx_word' id='word_1_147' title='bbox 1602 1396 1677 1445; x_wconf 79' lang='grc' dir='ltr'>ἐπὶ</span> 
     </span>
     <span class='ocr_line' id='line_1_17' title="bbox 85 1463 1675 1544; baseline 0.007 -29"><span class='ocrx_word' id='word_1_148' title='bbox 85 1463 170 1528; x_wconf 77' lang='grc' dir='ltr'>μὲν</span> <span class='ocrx_word' id='word_1_149' title='bbox 194 1472 277 1517; x_wconf 85' lang='grc' dir='ltr'>τοῦ</span> <span class='ocrx_word' id='word_1_150' title='bbox 302 1467 529 1534; x_wconf 77' lang='grc' dir='ltr'>Ἀβραὰμ</span> <span class='ocrx_word' id='word_1_151' title='bbox 555 1469 609 1520; x_wconf 90' lang='grc' dir='ltr'>τό</span> <span class='ocrx_word' id='word_1_152' title='bbox 638 1469 838 1522; x_wconf 68' lang='grc' dir='ltr'>Γενέσθαι</span> <span class='ocrx_word' id='word_1_153' title='bbox 865 1472 1068 1536; x_wconf 87' lang='grc' dir='ltr'>τίθησιν,</span> <span class='ocrx_word' id='word_1_154' title='bbox 1095 1474 1167 1542; x_wconf 88' lang='grc' dir='ltr'>ἐφ’</span> <span class='ocrx_word' id='word_1_155' title='bbox 1197 1474 1362 1525; x_wconf 86' lang='grc' dir='ltr'>ἑαυτοῦ</span> <span class='ocrx_word' id='word_1_156' title='bbox 1394 1473 1440 1526; x_wconf 78' lang='grc' dir='ltr'>δὲ</span> <span class='ocrx_word' id='word_1_157' title='bbox 1471 1474 1525 1526; x_wconf 90' lang='grc' dir='ltr'>τό</span> <span class='ocrx_word' id='word_1_158' title='bbox 1554 1482 1675 1544; x_wconf 80' lang='grc' dir='ltr'>Εἱμι,</span> 
     </span>
     <span class='ocr_line' id='line_1_18' title="bbox 87 1546 1676 1624; baseline 0.008 -28"><span class='ocrx_word' id='word_1_159' title='bbox 87 1546 263 1601; x_wconf 73' lang='grc' dir='ltr'>δεικνὺς</span> <span class='ocrx_word' id='word_1_160' title='bbox 289 1547 359 1600; x_wconf 76' lang='grc' dir='ltr'>ὅτι</span> <span class='ocrx_word' id='word_1_161' title='bbox 385 1554 453 1619; x_wconf 73' lang='grc' dir='ltr'>τῷ</span> <span class='ocrx_word' id='word_1_162' title='bbox 478 1550 566 1614; x_wconf 80' lang='grc' dir='ltr'>μὲν</span> <span class='ocrx_word' id='word_1_163' title='bbox 590 1552 647 1620; x_wconf 77' lang='grc' dir='ltr'>ἐξ</span> <span class='ocrx_word' id='word_1_164' title='bbox 670 1553 753 1603; x_wconf 79' lang='grc' dir='ltr'>οὐκ</span> <span class='ocrx_word' id='word_1_165' title='bbox 779 1552 929 1604; x_wconf 75' lang='grc' dir='ltr'>ὄντων</span> <span class='ocrx_word' id='word_1_166' title='bbox 954 1554 1189 1624; x_wconf 77' lang='grc' dir='ltr'>γενομένῳ</span> <span class='ocrx_word' id='word_1_167' title='bbox 1216 1555 1407 1610; x_wconf 86' lang='grc' dir='ltr'>πάντως</span> <span class='ocrx_word' id='word_1_168' title='bbox 1433 1555 1495 1607; x_wconf 75' lang='grc' dir='ltr'>ἂν·</span> <span class='ocrx_word' id='word_1_169' title='bbox 1517 1558 1676 1609; x_wconf 80' lang='grc' dir='ltr'>ἕποιτο</span> 
     </span>
     <span class='ocr_line' id='line_1_19' title="bbox 87 1628 1676 1704; baseline 0.007 -25"><span class='ocrx_word' id='word_1_170' title='bbox 87 1630 162 1679; x_wconf 83' lang='grc' dir='ltr'>καὶ</span> <span class='ocrx_word' id='word_1_171' title='bbox 192 1628 247 1680; x_wconf 82' lang='grc' dir='ltr'>τὸ</span> <span class='ocrx_word' id='word_1_172' title='bbox 274 1631 555 1699; x_wconf 84' lang='grc' dir='ltr'>φθείρεσθαι</span> <span class='ocrx_word' id='word_1_173' title='bbox 581 1636 692 1695; x_wconf 85' lang='grc' dir='ltr'>δεῖν,</span> <span class='ocrx_word' id='word_1_174' title='bbox 720 1638 786 1703; x_wconf 73' lang='grc' dir='ltr'>τῷ</span> <span class='ocrx_word' id='word_1_175' title='bbox 813 1635 862 1686; x_wconf 81' lang='grc' dir='ltr'>δὲ</span> <span class='ocrx_word' id='word_1_176' title='bbox 889 1637 956 1686; x_wconf 78' lang='grc' dir='ltr'>ἀεὶ</span> <span class='ocrx_word' id='word_1_177' title='bbox 993 1635 1092 1687; x_wconf 82' lang='grc' dir='ltr'>ὅντι</span> <span class='ocrx_word' id='word_1_178' title='bbox 1126 1637 1180 1687; x_wconf 81' lang='grc' dir='ltr'>τὸ</span> <span class='ocrx_word' id='word_1_179' title='bbox 1214 1637 1334 1704; x_wconf 80' lang='grc' dir='ltr'>πρὸς</span> <span class='ocrx_word' id='word_1_180' title='bbox 1368 1638 1423 1690; x_wconf 78' lang='grc' dir='ltr'>τὸ</span> <span class='ocrx_word' id='word_1_181' title='bbox 1457 1637 1523 1703; x_wconf 85' lang='grc' dir='ltr'>μὴ</span> <span class='ocrx_word' id='word_1_182' title='bbox 1560 1637 1676 1690; x_wconf 75' lang='grc' dir='ltr'>εἶναι</span> 
     </span>
     <span class='ocr_line' id='line_1_20' title="bbox 86 1712 1714 1787; baseline 0.007 -26"><span class='ocrx_word' id='word_1_183' title='bbox 86 1716 255 1777; x_wconf 82' lang='grc' dir='ltr'>χωρεῖν</span> <span class='ocrx_word' id='word_1_184' title='bbox 282 1714 364 1764; x_wconf 82' lang='grc' dir='ltr'>οὐκ</span> <span class='ocrx_word' id='word_1_185' title='bbox 399 1712 456 1764; x_wconf 75' lang='grc' dir='ltr'>ἂν</span> <span class='ocrx_word' id='word_1_186' title='bbox 482 1715 697 1780; x_wconf 87' lang='grc' dir='ltr'>συμβαίη</span> <span class='ocrx_word' id='word_1_187' title='bbox 730 1716 858 1768; x_wconf 79' lang='grc' dir='ltr'>ποτέ.</span> <span class='ocrx_word' id='word_1_188' title='bbox 916 1717 1082 1784; x_wconf 73' lang='grc' dir='ltr'>μείζων</span> <span class='ocrx_word' id='word_1_189' title='bbox 1108 1719 1190 1769; x_wconf 77' lang='grc' dir='ltr'>οὖν</span> <span class='ocrx_word' id='word_1_190' title='bbox 1215 1719 1307 1785; x_wconf 79' lang='grc' dir='ltr'>ἄρα</span> <span class='ocrx_word' id='word_1_191' title='bbox 1343 1723 1419 1771; x_wconf 79' lang='grc' dir='ltr'>καὶ</span> <span class='ocrx_word' id='word_1_192' title='bbox 1454 1721 1714 1787; x_wconf 74' lang='grc' dir='ltr'>κρείττωνο</span> 
     </span>
     <span class='ocr_line' id='line_1_21' title="bbox 19 1793 1674 1868; baseline 0.009 -28"><span class='ocrx_word' id='word_1_193' title='bbox 19 1812 68 1838; x_wconf 85' lang='lat'>20</span> <span class='ocrx_word' id='word_1_194' title='bbox 88 1797 170 1842; x_wconf 83' lang='grc' dir='ltr'>τοῦ</span> <span class='ocrx_word' id='word_1_195' title='bbox 207 1793 449 1861; x_wconf 84' lang='grc' dir='ltr'>Ἃβραάμ·</span> <span class='ocrx_word' id='word_1_196' title='bbox 506 1795 672 1862; x_wconf 74' lang='grc' dir='ltr'>μείζων</span> <span class='ocrx_word' id='word_1_197' title='bbox 710 1796 797 1861; x_wconf 79' lang='grc' dir='ltr'>μὲν</span> <span class='ocrx_word' id='word_1_198' title='bbox 835 1801 898 1852; x_wconf 83' lang='grc' dir='ltr'>ὡς</span> <span class='ocrx_word' id='word_1_199' title='bbox 939 1798 1098 1863; x_wconf 77' lang='grc' dir='ltr'>ἀΐδιος,</span> <span class='ocrx_word' id='word_1_200' title='bbox 1138 1801 1361 1868; x_wconf 88' lang='grc' dir='ltr'>κρείττων</span> <span class='ocrx_word' id='word_1_201' title='bbox 1401 1803 1450 1854; x_wconf 79' lang='grc' dir='ltr'>δὲ</span> <span class='ocrx_word' id='word_1_202' title='bbox 1494 1803 1566 1854; x_wconf 80' lang='grc' dir='ltr'>ὅτι</span> <span class='ocrx_word' id='word_1_203' title='bbox 1609 1803 1674 1868; x_wconf 85' lang='grc' dir='ltr'>μὴ</span> 
     </span>
     <span class='ocr_line' id='line_1_22' title="bbox 88 1875 798 1944; baseline 0.008 -20"><span class='ocrx_word' id='word_1_204' title='bbox 88 1875 326 1942; x_wconf 87' lang='grc' dir='ltr'>φθείρεται</span> <span class='ocrx_word' id='word_1_205' title='bbox 364 1877 575 1944; x_wconf 87' lang='grc' dir='ltr'>καθάπερ</span> <span class='ocrx_word' id='word_1_206' title='bbox 614 1880 798 1933; x_wconf 85' lang='grc' dir='ltr'>ἐκεῖνος.</span> 
     </span>
    </p>
   </div>
   <div class='ocr_carea' id='block_1_3' title="bbox 78 2064 1742 2136">
    <p class='ocr_par' dir='ltr' id='par_1_3' title="bbox 78 2064 1742 2136">
     <span class='ocr_line' id='line_1_23' title="bbox 78 2064 1742 2136; baseline 0.007 -27"><span class='ocrx_word' id='word_1_207' title='bbox 78 2064 220 2125; x_wconf 57' lang='grc' dir='ltr'>ΘΗροιν</span> <span class='ocrx_word' id='word_1_208' title='bbox 258 2066 330 2111; x_wconf 75' lang='grc' dir='ltr'>οὖν</span> <span class='ocrx_word' id='word_1_209' title='bbox 370 2070 513 2112; x_wconf 71' lang='grc' dir='ltr'>λίθους</span> <span class='ocrx_word' id='word_1_210' title='bbox 551 2071 620 2113; x_wconf 79' lang='grc' dir='ltr'>ἵνα</span> <span class='ocrx_word' id='word_1_211' title='bbox 659 2073 846 2122; x_wconf 77' lang='grc' dir='ltr'>βάλωσιν</span> <span class='ocrx_word' id='word_1_212' title='bbox 883 2074 943 2116; x_wconf 77' lang='grc' dir='ltr'>ἐπ’</span> <span class='ocrx_word' id='word_1_213' title='bbox 989 2075 1133 2117; x_wconf 78' lang='grc' dir='ltr'>αὐτόν·</span> <span class='ocrx_word' id='word_1_214' title='bbox 1174 2077 1196 2118; x_wconf 84' lang='grc' dir='ltr'>ὁ</span> <span class='ocrx_word' id='word_1_215' title='bbox 1235 2076 1280 2118; x_wconf 68' lang='grc' dir='ltr'>δὲ</span> <span class='ocrx_word' id='word_1_216' title='bbox 1312 2077 1477 2120; x_wconf 73' lang='grc' dir='ltr'>ἸΗσοῦε</span> <span class='ocrx_word' id='word_1_217' title='bbox 1514 2078 1669 2136; x_wconf 79' lang='grc' dir='ltr'>ὲκρύβΗ</span> <span class='ocrx_word' id='word_1_218' title='bbox 1692 2085 1742 2126; x_wconf 89' lang='grc'>59</span> 
     </span>
    </p>
   </div>
   <div class='ocr_carea' id='block_1_4' title="bbox 550 2155 1198 2216">
    <p class='ocr_par' dir='ltr' id='par_1_4' title="bbox 550 2155 1198 2216">
     <span class='ocr_line' id='line_1_24' title="bbox 550 2155 1198 2216; baseline 0.006 -20"><span class='ocrx_word' id='word_1_219' title='bbox 550 2155 618 2196; x_wconf 82' lang='grc' dir='ltr'>καὶ</span> <span class='ocrx_word' id='word_1_220' title='bbox 655 2155 835 2200; x_wconf 58' lang='grc' dir='ltr'>ἐξῆλθεν</span> <span class='ocrx_word' id='word_1_221' title='bbox 871 2157 918 2198; x_wconf 80' lang='grc' dir='ltr'>ἐκ</span> <span class='ocrx_word' id='word_1_222' title='bbox 955 2163 1029 2199; x_wconf 84' lang='grc' dir='ltr'>τοῦ</span> <span class='ocrx_word' id='word_1_223' title='bbox 1070 2156 1198 2216; x_wconf 80' lang='grc' dir='ltr'>ἱεροῦ.</span> 
     </span>
    </p>
   </div>
   <div class='ocr_carea' id='block_1_5' title="bbox 19 2265 1872 2663">
    <p class='ocr_par' dir='ltr' id='par_1_5' title="bbox 19 2265 1872 2663">
     <span class='ocr_line' id='line_1_25' title="bbox 162 2265 1672 2342; baseline 0.007 -27"><span class='ocrx_word' id='word_1_224' title='bbox 162 2265 272 2333; x_wconf 80' lang='grc' dir='ltr'>Οὐχ</span> <span class='ocrx_word' id='word_1_225' title='bbox 310 2267 460 2332; x_wconf 84' lang='grc' dir='ltr'>ὁρῶσι</span> <span class='ocrx_word' id='word_1_226' title='bbox 497 2268 584 2332; x_wconf 84' lang='grc' dir='ltr'>τὴν</span> <span class='ocrx_word' id='word_1_227' title='bbox 609 2268 847 2334; x_wconf 83' lang='grc' dir='ltr'>ἀλήθειαν,</span> <span class='ocrx_word' id='word_1_228' title='bbox 874 2268 956 2322; x_wconf 82' lang='grc' dir='ltr'>ἅτε</span> <span class='ocrx_word' id='word_1_229' title='bbox 987 2271 1043 2336; x_wconf 88' lang='grc' dir='ltr'>δὴ</span> <span class='ocrx_word' id='word_1_230' title='bbox 1083 2274 1159 2322; x_wconf 78' lang='grc' dir='ltr'>καὶ</span> <span class='ocrx_word' id='word_1_231' title='bbox 1196 2272 1342 2327; x_wconf 80' lang='grc' dir='ltr'>ὅντως</span> <span class='ocrx_word' id='word_1_232' title='bbox 1376 2275 1592 2342; x_wconf 79' lang='grc' dir='ltr'>ψεῦσταί</span> <span class='ocrx_word' id='word_1_233' title='bbox 1622 2297 1672 2325; x_wconf 91' lang='grc' dir='ltr'>τε</span> 
     </span>
     <span class='ocr_line' id='line_1_26' title="bbox 19 2345 1872 2441; baseline 0.005 -43"><span class='ocrx_word' id='word_1_234' title='bbox 19 2358 68 2398; x_wconf 88' lang='lat'>25</span> <span class='ocrx_word' id='word_1_235' title='bbox 88 2345 216 2400; x_wconf 79' lang='grc' dir='ltr'>ὄντες</span> <span class='ocrx_word' id='word_1_236' title='bbox 251 2348 396 2411; x_wconf 76' lang='grc' dir='ltr'>αὐτοὶ,</span> <span class='ocrx_word' id='word_1_237' title='bbox 422 2351 499 2400; x_wconf 82' lang='grc' dir='ltr'>καὶ</span> <span class='ocrx_word' id='word_1_238' title='bbox 534 2350 753 2418; x_wconf 81' lang='grc' dir='ltr'>ψεύστην</span> <span class='ocrx_word' id='word_1_239' title='bbox 776 2352 960 2419; x_wconf 74' lang='grc' dir='ltr'>ἔχοντες</span> <span class='ocrx_word' id='word_1_240' title='bbox 992 2353 1075 2405; x_wconf 81' lang='grc' dir='ltr'>τὸν</span> <span class='ocrx_word' id='word_1_241' title='bbox 1101 2355 1295 2421; x_wconf 74' lang='grc' dir='ltr'>πατέρα,</span> <span class='ocrx_word' id='word_1_242' title='bbox 1323 2355 1443 2406; x_wconf 79' lang='grc' dir='ltr'>κατὰ</span> <span class='ocrx_word' id='word_1_243' title='bbox 1478 2355 1564 2420; x_wconf 87' lang='grc' dir='ltr'>τὴν</span> <span class='ocrx_word' id='word_1_244' title='bbox 1589 2361 1672 2407; x_wconf 87' lang='grc' dir='ltr'>τοῦ</span> <span class='ocrx_word' id='word_1_245' title='bbox 1732 2357 1872 2441; x_wconf 36' lang='lat'>§3124-</span> 
     </span>
     <span class='ocr_line' id='line_1_27' title="bbox 89 2430 1672 2497; baseline 0.007 -19"><span class='ocrx_word' id='word_1_246' title='bbox 89 2431 309 2495; x_wconf 83' lang='grc' dir='ltr'>Σωτῆρος</span> <span class='ocrx_word' id='word_1_247' title='bbox 361 2430 542 2497; x_wconf 86' lang='grc' dir='ltr'>φωνήν·</span> <span class='ocrx_word' id='word_1_248' title='bbox 602 2433 926 2497; x_wconf 80' lang='grc' dir='ltr'>ἀγανακτοῦσι</span> <span class='ocrx_word' id='word_1_249' title='bbox 968 2434 1017 2486; x_wconf 80' lang='grc' dir='ltr'>δὲ</span> <span class='ocrx_word' id='word_1_250' title='bbox 1067 2434 1216 2487; x_wconf 89' lang='grc' dir='ltr'>πάλιν</span> <span class='ocrx_word' id='word_1_251' title='bbox 1259 2437 1329 2488; x_wconf 85' lang='grc' dir='ltr'>ἐπ’</span> <span class='ocrx_word' id='word_1_252' title='bbox 1377 2438 1527 2488; x_wconf 80' lang='grc' dir='ltr'>οὐδενὶ</span> <span class='ocrx_word' id='word_1_253' title='bbox 1577 2441 1672 2488; x_wconf 83' lang='grc' dir='ltr'>τῶν</span> 
     </span>
     <span class='ocr_line' id='line_1_28' title="bbox 89 2510 1718 2585; baseline 0.007 -26"><span class='ocrx_word' id='word_1_254' title='bbox 89 2510 222 2560; x_wconf 80' lang='grc' dir='ltr'>ἀνιᾶν</span> <span class='ocrx_word' id='word_1_255' title='bbox 247 2510 493 2563; x_wconf 80' lang='grc' dir='ltr'>εἰωθότων.</span> <span class='ocrx_word' id='word_1_256' title='bbox 547 2512 713 2580; x_wconf 78' lang='grc' dir='ltr'>ὥσπερ</span> <span class='ocrx_word' id='word_1_257' title='bbox 743 2516 824 2566; x_wconf 76' lang='grc' dir='ltr'>οὖν</span> <span class='ocrx_word' id='word_1_258' title='bbox 850 2516 1127 2584; x_wconf 75' lang='grc' dir='ltr'>ἀδικουμένῃ</span> <span class='ocrx_word' id='word_1_259' title='bbox 1161 2521 1219 2585; x_wconf 86' lang='grc' dir='ltr'>τῇ</span> <span class='ocrx_word' id='word_1_260' title='bbox 1253 2523 1338 2569; x_wconf 85' lang='grc' dir='ltr'>τοῦ</span> <span class='ocrx_word' id='word_1_261' title='bbox 1371 2519 1671 2585; x_wconf 82' lang='grc' dir='ltr'>προπάτορος</span> <span class='ocrx_word' id='word_1_262' title='bbox 1690 2534 1718 2575; x_wconf 87' lang='lat' dir='ltr'>d</span> 
     </span>
     <span class='ocr_line' id='line_1_29' title="bbox 89 2589 1672 2663; baseline 0.006 -22"><span class='ocrx_word' id='word_1_263' title='bbox 89 2589 207 2659; x_wconf 76' lang='grc' dir='ltr'>δόξῃ</span> <span class='ocrx_word' id='word_1_264' title='bbox 242 2598 499 2644; x_wconf 89' lang='grc' dir='ltr'>συναθλεῖν</span> <span class='ocrx_word' id='word_1_265' title='bbox 531 2595 743 2659; x_wconf 79' lang='grc' dir='ltr'>οἰόμενοι,</span> <span class='ocrx_word' id='word_1_266' title='bbox 770 2596 846 2647; x_wconf 78' lang='grc' dir='ltr'>διὰ</span> <span class='ocrx_word' id='word_1_267' title='bbox 879 2598 1057 2648; x_wconf 86' lang='grc' dir='ltr'>τούτων</span> <span class='ocrx_word' id='word_1_268' title='bbox 1082 2598 1410 2663; x_wconf 81' lang='grc' dir='ltr'>ἀνεκαύθησαν</span> <span class='ocrx_word' id='word_1_269' title='bbox 1435 2600 1583 2650; x_wconf 86' lang='grc' dir='ltr'>πάλιν</span> <span class='ocrx_word' id='word_1_270' title='bbox 1609 2604 1672 2653; x_wconf 81' lang='grc' dir='ltr'>εἰς</span> 
     </span>
    </p>
   </div>
   <div class='ocr_carea' id='block_1_6' title="bbox 90 2672 1672 2742">
    <p class='ocr_par' dir='ltr' id='par_1_6' title="bbox 90 2672 1672 2742">
     <span class='ocr_line' id='line_1_30' title="bbox 90 2672 1672 2742; baseline 0.006 -20"><span class='ocrx_word' id='word_1_271' title='bbox 90 2672 173 2723; x_wconf 83' lang='grc' dir='ltr'>οὐκ</span> <span class='ocrx_word' id='word_1_272' title='bbox 198 2673 437 2740; x_wconf 81' lang='grc' dir='ltr'>εὐκαίρους</span> <span class='ocrx_word' id='word_1_273' title='bbox 462 2674 620 2741; x_wconf 76' lang='grc' dir='ltr'>ὀργὰς,</span> <span class='ocrx_word' id='word_1_274' title='bbox 648 2680 797 2728; x_wconf 85' lang='grc' dir='ltr'>καίτοι</span> <span class='ocrx_word' id='word_1_275' title='bbox 821 2677 924 2729; x_wconf 81' lang='grc' dir='ltr'>δέον</span> <span class='ocrx_word' id='word_1_276' title='bbox 949 2683 1140 2742; x_wconf 85' lang='grc' dir='ltr'>μᾶλλον</span> <span class='ocrx_word' id='word_1_277' title='bbox 1166 2679 1333 2734; x_wconf 78' lang='grc' dir='ltr'>αὐτοὺς</span> <span class='ocrx_word' id='word_1_278' title='bbox 1367 2682 1571 2731; x_wconf 83' lang='grc' dir='ltr'>συνιδεῖν</span> <span class='ocrx_word' id='word_1_279' title='bbox 1596 2683 1672 2732; x_wconf 82' lang='grc' dir='ltr'>καὶ</span> 
     </span>
    </p>
   </div>
   <div class='ocr_carea' id='block_1_7' title="bbox 90 2828 1672 2973">
    <p class='ocr_par' dir='ltr' id='par_1_7' title="bbox 90 2828 1672 2973">
     <span class='ocr_line' id='line_1_31' title="bbox 139 2828 1670 2878; baseline 0.005 -15"><span class='ocrx_word' id='word_1_280' title='bbox 139 2839 170 2863; x_wconf 91' lang='grc' dir='ltr'>Ι.</span> <span class='ocrx_word' id='word_1_281' title='bbox 195 2828 318 2874; x_wconf 82' lang='grc' dir='ltr'>Ἀμὴν]</span> <span class='ocrx_word' id='word_1_282' title='bbox 339 2829 425 2873; x_wconf 78' lang='grc' dir='ltr'>ἀμὴν</span> <span class='ocrx_word' id='word_1_283' title='bbox 442 2830 528 2874; x_wconf 82' lang='grc' dir='ltr'>ἀμὴν</span> <span class='ocrx_word' id='word_1_284' title='bbox 547 2830 666 2865; x_wconf 81' lang='lat' dir='ltr'>Holst.</span> <span class='ocrx_word' id='word_1_285' title='bbox 686 2830 753 2866; x_wconf 84' lang='lat' dir='ltr'>Ed.</span> <span class='ocrx_word' id='word_1_286' title='bbox 996 2841 1027 2878; x_wconf 86' lang='lat'>7.</span> <span class='ocrx_word' id='word_1_287' title='bbox 1054 2834 1244 2878; x_wconf 81' lang='grc' dir='ltr'>ὡσπερανεὶ</span> <span class='ocrx_word' id='word_1_288' title='bbox 1265 2834 1305 2869; x_wconf 89' lang='grc' dir='ltr'>Β.</span> <span class='ocrx_word' id='word_1_289' title='bbox 1325 2835 1442 2878; x_wconf 83' lang='grc' dir='ltr'>ὥσπερ</span> <span class='ocrx_word' id='word_1_290' title='bbox 1460 2835 1500 2869; x_wconf 86' lang='grc' dir='ltr'>ἂν</span> <span class='ocrx_word' id='word_1_291' title='bbox 1519 2835 1583 2871; x_wconf 87' lang='lat' dir='ltr'>Ht.</span> <span class='ocrx_word' id='word_1_292' title='bbox 1602 2836 1670 2871; x_wconf 86' lang='lat' dir='ltr'>Ed.</span> 
     </span>
     <span class='ocr_line' id='line_1_32' title="bbox 93 2875 1672 2924; baseline 0.006 -15"><span class='ocrx_word' id='word_1_293' title='bbox 93 2884 146 2919; x_wconf 86' lang='lat'>17.</span> <span class='ocrx_word' id='word_1_294' title='bbox 174 2875 214 2910; x_wconf 78' lang='grc' dir='ltr'>ἂν</span> <span class='ocrx_word' id='word_1_295' title='bbox 231 2876 347 2910; x_wconf 84' lang='grc' dir='ltr'>ἕποιτο</span> <span class='ocrx_word' id='word_1_296' title='bbox 364 2888 395 2911; x_wconf 72' lang='grc' dir='ltr'>ἃ.</span> <span class='ocrx_word' id='word_1_297' title='bbox 415 2877 478 2912; x_wconf 85' lang='lat' dir='ltr'>Ht.</span> <span class='ocrx_word' id='word_1_298' title='bbox 496 2877 674 2921; x_wconf 85' lang='grc' dir='ltr'>ἂνεποιῆτο</span> <span class='ocrx_word' id='word_1_299' title='bbox 694 2877 736 2912; x_wconf 90' lang='grc' dir='ltr'>Β.</span> <span class='ocrx_word' id='word_1_300' title='bbox 753 2877 868 2912; x_wconf 81' lang='grc' dir='ltr'>ἕποιτο</span> <span class='ocrx_word' id='word_1_301' title='bbox 886 2878 980 2913; x_wconf 91' lang='lat' dir='ltr'><strong>Aub.</strong></span> <span class='ocrx_word' id='word_1_302' title='bbox 1142 2891 1197 2914; x_wconf 89' lang='lat'>20.</span> <span class='ocrx_word' id='word_1_303' title='bbox 1221 2881 1266 2924; x_wconf 87' lang='grc' dir='ltr'>μὴ</span> <span class='ocrx_word' id='word_1_304' title='bbox 1285 2892 1315 2915; x_wconf 82' lang='lat' dir='ltr'>a.</span> <span class='ocrx_word' id='word_1_305' title='bbox 1334 2882 1373 2915; x_wconf 86' lang='grc' dir='ltr'>οὐ</span> <span class='ocrx_word' id='word_1_306' title='bbox 1391 2881 1485 2916; x_wconf 90' lang='lat' dir='ltr'><strong>Aub.</strong></span> <span class='ocrx_word' id='word_1_307' title='bbox 1504 2890 1672 2919; x_wconf 86' lang='lat' dir='ltr'>neutrum</span> 
     </span>
     <span class='ocr_line' id='line_1_33' title="bbox 90 2920 1531 2973; baseline 0.006 -18"><span class='ocrx_word' id='word_1_308' title='bbox 90 2920 222 2957; x_wconf 74' lang='lat' dir='ltr'><strong>habent</strong></span> <span class='ocrx_word' id='word_1_309' title='bbox 239 2922 281 2957; x_wconf 89' lang='lat' dir='ltr'>B.</span> <span class='ocrx_word' id='word_1_310' title='bbox 302 2922 368 2957; x_wconf 88' lang='lat' dir='ltr'>Ht.</span> <span class='ocrx_word' id='word_1_311' title='bbox 511 2934 567 2968; x_wconf 87' lang='lat'>27.</span> <span class='ocrx_word' id='word_1_312' title='bbox 593 2923 790 2969; x_wconf 81' lang='grc' dir='ltr'>ἀδικουμένῃ</span> <span class='ocrx_word' id='word_1_313' title='bbox 810 2925 887 2961; x_wconf 84' lang='lat' dir='ltr'><strong>B.a.</strong></span> <span class='ocrx_word' id='word_1_314' title='bbox 906 2924 983 2961; x_wconf 86' lang='lat' dir='ltr'>Cat.</span> <span class='ocrx_word' id='word_1_315' title='bbox 1004 2925 1106 2962; x_wconf 82' lang='lat' dir='ltr'><strong>Harl.</strong></span> <span class='ocrx_word' id='word_1_316' title='bbox 1126 2927 1189 2961; x_wconf 87' lang='lat' dir='ltr'>Ht.</span> <span class='ocrx_word' id='word_1_317' title='bbox 1207 2926 1418 2973; x_wconf 81' lang='grc' dir='ltr'>ἀδικούμενοι</span> <span class='ocrx_word' id='word_1_318' title='bbox 1435 2929 1531 2965; x_wconf 85' lang='lat' dir='ltr'><strong>Aub.</strong></span> 
     </span>
    </p>
   </div>
  </div>
 </body>
</html>
