1971 3272
106 137 192 177 viii.
213 151 278 192 30.
360 137 432 178 IN
478 139 520 179 S.
556 140 892 180 JOANNEM.
958 140 1080 180 LIB.
1110 142 1157 181 V.
1221 142 1352 181 CAI'.
1382 143 1428 182 V.
1635 144 1686 180 55

103 251 294 309 μᾶλλον
323 254 420 303 τοῖς
458 250 728 316 λεγομένοις
765 251 1176 317 προσβάλλοντες,
1209 253 1281 302 ἐπὶ
1321 250 1403 301 τὸν
1442 250 1596 300 κοινὸν
1633 251 1688 313 δὴ

102 335 268 380 τοῦτον
294 332 368 381 καὶ
404 331 656 398 πρόχειρον
682 338 777 386 τοῖς
811 338 1014 386 πολλοῖς
1048 332 1262 398 ἐβάδιζον
1290 338 1414 383 νοῦν·
1459 330 1606 400 ᾤοντο
1643 332 1688 382 δὲ

103 410 259 475 λέγειν
286 411 428 463 αὑτὸν
454 413 524 463 ὅτι
548 416 641 464 Καὶ
669 413 836 475 λαβὼν
861 413 991 480 παρὰ
1013 419 1137 464 Θεοῦ
1164 414 1217 464 τὸ
1245 413 1475 464 δύνασθαι
1503 417 1683 476 θαυμα-

101 497 301 558 τουργῶ,
329 496 403 544 καὶ
439 494 510 545 ὅτι
548 497 647 558 μετ’
681 497 794 560 ἐμοῦ
831 498 975 559 ἐστιν,
1002 496 1190 562 ἐπείπερ
1216 502 1242 524 “
1263 497 1388 564 αὐτῷ
1420 494 1478 545 τὰ
1510 494 1689 560 α’ρεστά
1750 490 1887 573 ζζᾞΤζΟ

60 586 82 623 5
104 580 130 603 “
155 579 276 625 ποιῶ
309 576 559 627 πάντοτε.”

176 659 544 725 Συμφρονοῦσιν
583 659 664 709 οὖν
703 659 794 725 ἄρα
830 664 926 714 τοῖς
964 661 1173 714 ἀνοσίοις
1211 660 1452 713 Ἰουδαίοις
1496 662 1537 709 οἱ
1578 659 1689 710 ἐπά-

100 759 234 803 ρατοι
261 742 343 802 τῆς
369 740 592 803 ἀληθείας
619 743 777 808 ἐχθροὶ
806 744 893 804 καὶ,
921 747 1018 796 τοῖς
1044 745 1127 806 τῆς
1152 743 1394 803 εὐσεβείας
1426 740 1686 807 ἀντιπράτ-

100 842 258 874 τοντες
310 821 533 887 δόγμασι,
584 823 728 889 μικρὰ
778 826 884 889 περὶ
942 830 1024 875 τοῦ
1078 825 1256 891 Κυρίου
1314 828 1690 891 φιλονεικοῦντες

99 903 420 966 βουλεύονται,
466 906 541 955 καὶ
585 904 645 954 τὰ
688 909 989 969 οἰκονομικῶς
1034 928 1083 956 τε
1131 907 1206 956 καὶ
1252 910 1410 958 καλῶς
1454 903 1733 970 εἰρημε’να,(1

1 989 3 991 ’
33 1006 81 1031 10
99 983 219 1050 πρὸς
254 987 527 1052 καθαίρεσιν
560 989 643 1049 τῆς
679 985 878 1050 ἐνούσης
916 987 1043 1056 αὐτῷ
1083 987 1225 1056 δόξης
1262 1009 1313 1037 τε
1353 989 1428 1037 καὶ
1470 986 1689 1054 ἐξουσίας

100 1065 396 1132 ἁρπάζοντες,
433 1067 487 1118 τὸ
538 1071 621 1131 τῆς
670 1069 892 1129 ἀληθείας
936 1068 1326 1134 παρακλέπτουσι
1373 1068 1566 1121 κάλλος.
1634 1068 1688 1118 οὐ

98 1146 192 1213 γὰρ
227 1149 560 1213 διαμέμνηνται
597 1149 717 1200 κατὰ
751 1148 805 1200 τὸ
841 1150 961 1204 εἰκὸς
997 1150 1198 1201 Παύλου
1232 1150 1316 1213 μὲν
1349 1150 1588 1215 λε’γοντος,
1617 1149 1687 1199 ὅτι

98 1227 190 1296 χρὴ
218 1231 483 1296 λογισμοὺς
510 1236 746 1298 καθαιρεῖν
763 1234 881 1282 “καῖ
907 1237 1002 1283 πᾶν
1031 1234 1211 1299 ὕψωμα
1235 1231 1540 1297 ἐπαιρόμενον
1567 1231 1686 1282 κατὰ
1748 1227 1850 1258 ΊΟΟΥ·
1867 1237 1899 1257 ⁸·

99 1317 127 1341 ‘⁶
154 1315 236 1376 τῆς
271 1312 494 1378 γνώσεως
529 1319 612 1365 τοῦ
641 1317 779 1376 Θεοῦ,
806 1315 1167 1381 αἷχμαλωτίζειν
1195 1337 1241 1365 τε
1277 1319 1373 1365 πᾶν
1400 1312 1551 1377 νόημα
1588 1312 1682 1367 εΖς”

33 1405 79 1444 15
99 1393 314 1460 Χριστὸν
350 1397 425 1445 καὶ
463 1399 525 1448 εἷς
563 1394 649 1459 τὴν
684 1395 895 1458 ὑπακοὴν
930 1397 1092 1446 αὑτοῦ·
1146 1395 1410 1461 ἠγνοήκασι
1449 1395 1497 1446 δὲ
1536 1396 1685 1447 πάλιν

97 1474 151 1528 τὸ
200 1479 306 1543 περὶ
354 1481 448 1528 τῶν
500 1477 635 1528 θείων
685 1476 923 1543 εἰρημένον
968 1478 1145 1543 λογίων
1197 1478 1250 1528 δι’
1299 1476 1400 1531 ἑνός
1447 1500 1539 1528 που
1590 1481 1685 1527 τῶν

96 1563 359 1627 προφητῶν
386 1566 412 1589 “
432 1559 519 1612 Τίς
545 1557 703 1627 σοφὸς
738 1561 814 1609 καὶ
849 1558 1050 1623 συνήσει
1084 1564 1266 1621 ταῦτα,
1311 1558 1339 1623 ὴ
1376 1558 1572 1612 συνετὸς
1609 1560 1684 1609 καὶ
1746 1560 1903 1646 gomma

97 1647 124 1669 “
151 1641 462 1707 ἐπιγνώσεται
501 1647 650 1691 ταῦτα
670 1641 710 1701 ;”
755 1644 792 1691 εἰ
832 1639 897 1704 μὴ
936 1639 1029 1707 γάρ
1070 1664 1139 1694 τις
1179 1642 1334 1694 αὐτοῖς
1372 1640 1535 1704 πολλὴ
1576 1641 1725 1691 Mane

95 1723 381 1790 ἐπεπόλαζεν
416 1723 641 1792 ἀσάφεια,
678 1724 751 1773 καὶ
793 1723 920 1783 βαθύ
958 1746 1002 1775 τι
1042 1725 1116 1773 καὶ
1155 1722 1400 1774 σκοτεινὸν
1434 1723 1685 1791 ἐπενήχετο

27 1821 77 1845 20
96 1804 337 1868 κάλυμμα,
364 1805 433 1859 τίς
468 1805 494 1869 ἡ
529 1804 662 1872 χρεία
696 1810 779 1855 τοῦ
817 1804 1057 1871 ζητεῖσθαι
1091 1805 1250 1874 σοφὸν
1283 1807 1359 1856 καὶ
1394 1805 1606 1868 συνετὸν,
1636 1804 1686 1859 ὃς

95 1885 152 1937 ἂν
179 1888 326 1953 εὑρεῖν
353 1887 540 1938 δύναιτο
567 1885 653 1951 τὴν
679 1886 858 1937 τούτων
885 1888 1174 1952 ἐπίγνωσιν,

167 1967 330 2019 Ἀλλὰ
379 1969 558 2020 τούτων
609 1967 695 2032 μέν
745 1966 851 2022 ἅλις
901 1968 1021 2034 πρὸς
1068 1968 1122 2019 τὸ
1172 1967 1339 2034 παρὸν,
1390 1970 1583 2034 ἐροῦμεν
1634 1967 1684 2019 δὲ

92 2055 284 2114 μᾶλλον
323 2050 416 2101 ἀπὸ
455 2055 550 2100 τῶν
587 2049 903 2116 προκειμένων
942 2049 1130 2103 ἑλόντες
1174 2074 1216 2102 τι
1263 2049 1516 2118 χρήσιμον.
1581 2051 1680 2102 ἐπί-

94 2155 251 2183 στευον
301 2131 361 2182 τὰ
411 2138 602 2184 τοιαῦτα
653 2132 843 2197 λε’γοντι
894 2136 961 2201 τῷ
1012 2136 1227 2201 Χριστῷ,
1279 2132 1401 2183 καθά
1456 2136 1607 2201 φησιν
1659 2133 1684 2182 ὁ

25 2226 74 2264 25
95 2213 473 2280 Εὐαγγελιστὴς,
500 2215 553 2265 οὐ
588 2213 773 2276 πάντες,
808 2214 941 2264 ἀλλὰ
980 2217 1164 2266 πολλοί·
1207 2213 1338 2264 ἀλλὰ
1374 2214 1521 2265 καίτοι
1561 2212 1684 2266 Θεὸς

94 2295 321 2363 ὑπάρχων
365 2295 603 2361 ἀληθινὸς,
649 2299 726 2346 καὶ
776 2295 907 2347 οὐδὲν
952 2296 1072 2364 ἔχων
1116 2298 1164 2347 ἐν
1211 2298 1498 2364 ὀφθαλμοῖς,
1547 2294 1571 2346 ὃ
1615 2295 1681 2360 μὴ
1744 2293 1891 2376 ἕξων·

92 2377 280 2431 πάντως
323 2379 427 2428 ἐστὶ
466 2377 660 2444 γυμνὸν,
699 2377 829 2431 εἰδώς
870 2401 921 2428 τε
964 2381 1039 2428 καὶ
1083 2379 1193 2428 λίαν
1231 2380 1450 2445 ἀκριβῶς,
1491 2381 1552 2432 ὡς
1595 2379 1721 2446 οὐχῆ
1752 2391 1835 2426 533
1852 2390 1903 2424 A·

92 2458 303 2513 ἅπαντας
329 2459 536 2525 ἁρπάσει
561 2458 679 2525 πρὸς
707 2460 977 2522 εὐπείθειαν,
1005 2460 1282 2526 διεκαρτέρει
1317 2458 1523 2526 μακροὺς
1561 2462 1676 2510 ἀνα-

92 2540 277 2591 λίσκων
308 2541 481 2606 λόγους
513 2545 609 2594 τοῖς
643 2546 930 2606 προσιοῦσιν
965 2541 1105 2610 αὐτῷ,
1132 2540 1400 2592 κάλλιστον
1427 2542 1535 2604 ἡμῖν
1563 2542 1678 2591 ὑπο-

141 2716 172 2739 2.
199 2705 355 2747 ἐβάδιζον
372 2705 565 2740 emendavi.
582 2696 716 2749 βαδιζῖῗ
736 2706 776 2740 Β.
794 2704 925 2749 βαδίζει
944 2705 1011 2740 Ed.
1210 2706 1243 2739 6.
1270 2705 1328 2740 οὖν
1346 2712 1569 2750 assumptum
1587 2718 1629 2740 ex
1649 2706 1679 2740 B

92 2752 342 2796 suplascripto.
458 2763 510 2786 ΙΙ.
537 2753 817 2796 παρακλέπτουσι
839 2753 879 2787 Β.
897 2752 1164 2797 παραβλέπουσι
1184 2752 1302 2786 Holst.
1324 2752 1390 2786 Ed.
1509 2752 1561 2786 16.
1589 2752 1680 2797 εἴρη-

91 2798 191 2842 μένον
209 2797 407 2832 emendavit
424 2798 519 2832 Aub.
538 2810 612 2841 mg.
631 2798 811 2842 εἰρημένων
830 2799 872 2832 Β.
1119 2799 1172 2832 18.
1197 2814 1248 2833 τις
1267 2799 1405 2844 conjicit
1425 2798 1543 2844 Heyse
1561 2811 1602 2832 ex
1622 2801 1681 2842 τῆς

93 2845 331 2889 suprascripto
358 2844 400 2878 Β.
467 2844 566 2878 Nihil
594 2844 724 2878 habent
753 2845 817 2878 Ht
844 2844 911 2878 Ed.
987 2844 1112 2879 Statim
1138 2845 1252 2880 αὐτοῖς
1279 2845 1320 2880 Β.
1350 2845 1413 2879 Ht.
1439 2845 1559 2880 αὐτοὺς
1584 2845 1680 2880 Aub.

96 2902 149 2935 19.
176 2890 358 2949 ἐπενὴχετο
378 2890 420 2925 B
443 2890 506 2924 Ht.
527 2891 662 2935 Migne.
682 2891 864 2936 επενόχετο
883 2891 964 2935 (Ht.
984 2891 1042 2925 vix
1059 2892 1194 2936 legens)
1213 2891 1308 2926 Aub.
1409 2903 1464 2926 20.
1491 2893 1582 2926 τισὶν
1599 2907 1617 2935 η
1638 2891 1680 2926 Β.

93 2936 189 2972 unde
206 2936 256 2973 τίς
273 2941 312 2980 ἠν
329 2936 347 2981 ἡ
366 2937 514 2982 conjecit
534 2936 612 2982 He5
616 2948 664 2972 se.
