2037 3266
354 139 438 179 628
757 139 808 179 Β.
841 137 1113 179 CYRILLI
1154 136 1539 178 ALEXANDR.
1676 136 1759 178 xvi.
1781 148 1847 185 12,
1868 147 1933 189 13.

133 269 229 299 1001.
245 269 278 300 ii.
306 269 334 310 b
353 271 509 313 σαμεν
547 255 574 278 “
593 249 763 314 Ημεΐς
798 248 846 300 δὲ
879 254 990 300 νοῦν
1015 250 1274 315 Χριστοῦ
1255 248 1452 316 ε’χομεν.
1457 248 1605 314 ὀὐχ
1631 247 1787 313 ἕτερον
1814 244 1873 295 δέ
1888 266 1934 295 τι

132 312 181 343 ¹6
353 330 643 396 σημαίνουσι
682 336 765 382 τοῦ
804 333 1024 397 Σωτῆρος
1061 329 1145 382 τὸν
1184 335 1305 392 νοῦν,
1337 328 1366 394 ἢ
1401 352 1455 380 το
1494 332 1557 383 εἷς
1594 327 1762 381 αὐτοὺς
1793 325 1932 395 ἐρχό-

351 435 492 476 μενον
530 411 704 479 “Ἀγιον
752 417 961 476 Πνεῦμα,
1007 411 1128 463 κατὰ
1169 411 1317 478 λόγον
1360 413 1515 465 αὐτοῖς
1567 409 1649 462 τὸν
1693 409 1933 477 πρέποντα

352 495 694 547 διεκκαλύπτον
744 494 929 547 ἅπαντα
988 494 1047 546 τὰ
1101 493 1285 561 ὅσαπερ
1336 492 1497 545 εἰδέναι
1549 495 1624 544 καὶ
1680 490 1934 558 μανθάνειν

352 578 507 645 ἐχρῆν
1953 605 1976 643 5

417 657 563 711 ‘'Orow
589 661 670 710 οὖν
695 659 837 718 ἐλθη’
821 683 987 722 εκεινος,
1014 681 1257 711 τουτεστιν
1278 661 1302 710 ὁ
1326 657 1656 726 Παράκλητος,
1684 682 1728 709 το
1757 657 1935 723 πνεῦμα

350 741 424 801 τῆς
459 741 683 804 ἀληθειας,
712 738 911 808 ὁδηγήσει
951 743 1072 809 ὑμᾶς
1111 746 1170 796 εἷς
1209 767 1278 802 την
1315 741 1520 803 ἀλήθειαν
1558 747 1730 792 πᾶσαν.
1782 737 1933 801 βλεπε

350 822 399 873 δὲ
429 825 491 876 ὡς
516 823 769 889 ἐγρηγορεν
795 847 823 887 η
849 822 1001 890 φωνή·
1055 822 1142 889 ὅρα
1167 829 1250 874 τοῦ
1276 823 1425 889 λόγου
1451 823 1537 888 τὴν
1564 826 1724 892 νῆψιν.
1768 842 1932 888 προει-

349 903 503 972 ρηκὼς
529 904 624 972 γὰρ
649 905 780 974 ἥξειν
805 906 874 957 ἐπ’
903 904 1071 958 αὐτοὺς
1098 904 1182 956 τὸν
1209 905 1544 973 Παράκλητον,
1576 905 1622 957 rb
1654 905 1832 973 πνεῦμα.
1858 902 1935 963 τῆς

351 985 559 1048 ἀληθείαις
604 988 851 1052 ὠνόμασεν
905 985 1060 1051 αὐτὸν,
1112 986 1355 1039 τουτέστιν
1405 990 1587 1039 ἑαυτοῦ·
1653 984 1792 1040 αὐτὸς
1839 983 1933 1052 γάρ
1957 1011 2007 1037 ιο

310 1099 332 1127 0
351 1071 482 1120 ἐστιν
507 1070 535 1134 ἡ
562 1069 776 1134 ἀλήθεια.
831 1071 906 1121 ἵνα
945 1068 1038 1136 γὰρ
1077 1072 1230 1121 εἰδεῖεν
1256 1073 1299 1120 οὶ
1333 1071 1538 1134 μαθηταὶ
1569 1071 1631 1123 ὡς
1657 1070 1740 1120 οὐκ
1779 1069 1932 1118 ἀλλο-

349 1152 480 1219 τρίας
519 1154 595 1202 καὶ
634 1152 771 1221 ξένης
810 1152 964 1206 αὐτοῖς
1002 1150 1239 1216 δυνάμεως
1273 1153 1588 1222 ἐπιφοίτησιν,
1621 1152 1731 1201 ἀλλ’
1768 1147 1933 1201 ἑαυτὸν

348 1234 514 1301 ἑτέρως
552 1234 801 1286 ἐπιδώσειν
835 1233 1195 1300 ἐπαγγέλλεται,
1224 1236 1402 1303 πνεῦμα
1436 1233 1512 1294 τῆς
1539 1232 1762 1295 ἀληθείαις,
1791 1254 1928 1283 τουτ-

348 1317 480 1367 έστιν
507 1317 685 1380 ἑαυτοῦ,
712 1315 796 1368 τὸν
824 1315 1147 1382 Παράκλητον
1173 1318 1418 1369 ἀποκαλεῖ.
1472 1317 1525 1367 οὐ
1557 1315 1650 1382 γὰρ
1677 1313 1933 1380 ἀλλότριον

348 1401 430 1463 τῆς
481 1399 646 1453 οὐσίας
696 1404 780 1450 Τοῦ
832 1402 1135 1464 Μονογενοῦς
1183 1398 1237 1450 τὸ
1280 1397 1454 1464 (Ἀγιον
1505 1404 1673 1449 νοεῖται
1725 1402 1931 1460 Πνεῦμα,
1957 1418 2003 1456 15

348 1479 537 1547 πρόεισι
583 1480 631 1532 δὲ
677 1484 892 1550 φυσικῶς
943 1481 1001 1550 ἐξ
1045 1482 1202 1545 αὐτῆς,
1245 1480 1376 1531 οὐδὲν
1422 1481 1578 1548 ἕτερον
1627 1481 1736 1546 παρ’
1791 1477 1933 1530 αὐτὸν

349 1561 575 1630 ὑπάρχον,
615 1562 733 1614 ὅσον
765 1566 826 1616 εἷς
858 1562 1121 1627 ταυτότητα
1159 1562 1363 1632 φύσεως,
1402 1566 1439 1613 εἰ
1480 1564 1556 1613 καὶ
1596 1567 1747 1613 νοοῖτο
1787 1560 1932 1629 τυχὸν

350 1644 707 1698 Ζδιοσυστάτως.
772 1645 818 1696 τὶ
861 1645 1017 1696 τοίνυν
1061 1647 1185 1713 φησὶ
1227 1643 1302 1704 τῆς
1340 1643 1549 1705 ἀληθείαις
1591 1646 1774 1713 Πνεῦμα.
1810 1641 1930 1710 πρὸς

348 1725 468 1791 ὅλην
506 1729 613 1791 ὑμῖν
652 1727 973 1793 καθηγήσεται
1005 1731 1087 1791 τῆς
1113 1727 1334 1792 ἀληθείας
1369 1726 1454 1791 τὴν
1479 1731 1675 1792 γνῶσιν.
1735 1728 1797 1779 ὡς
1835 1725 1929 1791 γὰρ

303 1826 330 1867 d
349 1807 467 1862 εἶδος
505 1811 710 1876 ἀκριβῶς
749 1808 835 1874 τὴν
873 1808 1120 1873 ἀλήθειαν,
1158 1809 1212 1873 ἧς
1249 1811 1327 1860 καὶ
1354 1808 1550 1873 Πνεῦμά
1587 1810 1732 1871 ἐστιν,
1758 1808 1841 1858 οὐκ
1881 1809 1930 1858 ἐκ
1953 1832 2002 1857 20

347 1891 514 1958 με’ρους
559 1890 704 1956 αὐτὴν
748 1891 1051 1960 ἀποκαλύψει
1095 1896 1191 1946 τοῖς
1234 1891 1510 1954 σεβομένοις
1547 1890 1703 1953 αὑτὸν,
1742 1889 1930 1955 ἐνθήσει

348 1972 396 2024 δὲ
447 1978 638 2038 μᾶλλον
683 1973 960 2040 ὁλοκλήρως
1001 1973 1055 2025 τὸ
1097 1975 1203 2040 περὶ
1247 1975 1389 2037 αὐτῆς
1434 1972 1708 2039 μυστήριον.
1756 1975 1794 2023 εὶ
1836 1971 1929 2039 γὰρ

127 2051 243 2135 {55⁰2
349 2057 423 2106 καὶ
468 2061 550 2106 νῦν
588 2057 637 2106 ἐκ
675 2055 841 2123 με’ρους
879 2055 1187 2122 γινώσκομεν,
1221 2058 1283 2109 ὡς
1315 2057 1340 2106 ὁ
1374 2054 1570 2109 Παῦλός
1609 2059 1774 2124 φησιν,
1814 2056 1926 2106 ἀλλ’

349 2140 410 2191 ὡς
448 2139 497 2188 ἐν
536 2137 712 2203 γνώσει
750 2141 894 2206 μικρᾷ
932 2136 1062 2188 σῶόν
1087 2161 1136 2189 τε
1163 2140 1238 2189 καὶ
1275 2136 1434 2191 ἀσινὲς
1458 2137 1567 2201 ἡμῖν
1592 2136 1647 2187 τὸ
1685 2140 1768 2200 τῆς
1806 2139 1926 2201 ἀλη-

128 2230 284 2263 Ib.ii.11.
350 2220 474 2273 θειας
513 2219 785 2288 ε’νηστραψε
826 2219 1019 2274 καλλος.
1072 2218 1236 2285 ὥσπερ
1274 2219 1356 2270 οῦν
1390 2220 1585 2272 οὐδειςί
1589 2217 1711 2269 ζοῖδε
1747 2218 1805 2269 τὰ
1843 2223 1926 2269 τοῦ
1951 2238 1999 2276 25

351 2309 377 2330 “
404 2302 668 2367 ἀνθρώπου,
696 2301 814 2352 κατὰ
846 2302 899 2351 τὸ
902 2323 1269 2398 Ἡγεγραμμενον,
1292 2304 1328 2351 εἰ
1360 2299 1424 2364 μὴ
1451 2323 1505 2351 το
1531 2323 1714 2363 πνευμα
1739 2306 1821 2351 τοῦ
1847 2302 1927 2350 ἀν·-

350 2390 376 2413 “
403 2383 593 2449 θρώπου
613 2382 666 2433 τὸ
687 2384 734 2433 ἐν
754 2383 911 2451 ἀυτῶ)
971 2382 1088 2433 κατὰ
1107 2381 1189 2433 τὸν
1215 2381 1355 2433 αὐτον
1377 2380 1503 2446 οἶμαι
1529 2380 1717 2448 τρόπον,
1737 2385 1927 2445 μᾶλλον

350 2466 398 2516 δε
428 2464 546 2516 κατὰ
571 2488 656 2528 την
683 2470 765 2516 τοῦ
795 2464 995 2515 Παυλου
1021 2462 1197 2533 φωνην,
1225 2465 1371 2519 οὐδεις
1404 2461 1547 2515 οἶδε6
1551 2463 1638 2515 ιτοὶ
1669 2469 1752 2514 τοῦ
1789 2467 1927 2527 Θεου,

312 2578 331 2602 e
352 2554 377 2576 ‘⁶
404 2551 439 2597 εἰ
463 2546 528 2610 μὴ
555 2545 608 2597 τὸ
638 2550 832 2610 Πνεῦμα
859 2552 942 2597 τοῦ
967 2550 1092 2597 Θεοῦ
1119 2546 1172 2597 τὸ
1199 2548 1246 2597 ἐν
1273 2544 1447 2615 αὐτῲ.”

414 2628 561 2680 ιὈτοιιι
600 2629 681 2680 οὖν
721 2627 831 2690 ἔλθη,
873 2630 1037 2697 φησιν,
1074 2632 1115 2680 οε)
1150 2629 1341 2689 λαλήσει
1376 2632 1458 2697 ἀφ’
1487 2629 1637 2680 ἑαυτοῦ
1675 2625 1800 2691 οὐδὲν,
1826 2629 1928 2679 ἀντὶ
1951 2646 2000 2682 30

396 2760 438 2793 6-
420 2772 476 2804 -.p
496 2760 794 2805 629‚17.Citant
813 2773 845 2805 q
866 2760 969 2795 Vecm
989 2760 1188 2804 Epiglaphe
1207 2771 1243 2794 v.
1452 2769 1482 2804 7.
1507 2761 1621 2794 πᾶσαν
1638 2759 1698 2803 τὴν
1714 2759 1874 2803 ἀλήθειαν
1891 2772 1925 2805 q.

350 2806 380 2838 Υ
385 2819 486 2841 εοεαε
503 2807 613 2841 invito
631 2819 906 2851 p.1
918 2819 945 2840 1.
971 2807 1092 2841 εἷδοῖεν
1110 2819 1143 2852 q.
1163 2806 1193 2840 Υ
1197 2818 1312 2841 eccus.
1555 2816 1609 2850 15.
1635 2808 1695 2840 τοῦ
1713 2809 1926 2851 Μονογενοῦς

349 2853 467 2888 οὐσίας
483 2854 620 2887 invelso
639 2853 760 2888 ordme
779 2866 811 2899 q.
833 2854 863 2886 Υ
868 2865 981 2887 eccus.
1325 2865 1376 2897 19.
1404 2853 1478 2897 ίμῖν
1495 2866 1527 2898 q.
1548 2852 1654 2887 Cor.d
1673 2853 1757 2896 ὑμᾶς
1774 2853 1925 2888 V.eccus

349 2900 424 2941 ἡμῖν
442 2912 474 2943 p.
498 2899 561 2933 Ed.
752 2910 806 2934 20.
833 2900 927 2935 εἰδὼς
946 2912 979 2945 p.
995 2899 1143 2934 Veccus
1210 2898 1279 2943 και]
1305 2904 1341 2940 -ὶ-
1362 2901 1399 2933 τὸ
1418 2911 1450 2945 q.
1469 2899 1500 2933 V
1503 2910 1605 2935 eccus
1623 2899 1741 2934 invitis
1760 2911 1795 2944 p.
1816 2898 1924 2935 Cord.

349 2956 404 2980 21.
431 2945 571 2989 ἀνθήσει
590 2958 622 2991 q.
643 2946 791 2981 Veccus.
1030 2958 1085 2981 22.
1112 2944 1213 2990 αὐτὴν
1230 2958 1261 2982 a
1281 2945 1390 2982 Cord.
