2022 3272
148 151 231 192 xiii.
254 154 408 204 27‚28.
527 154 599 194 IN
642 154 685 195 S.
720 152 1060 194 JOANNEM.
1124 151 1249 192 LIB.
1283 152 1360 191 lx.
1657 150 1732 189 371

147 262 318 312 λοιπὸν
357 264 382 313 ὁ
425 263 598 330 Κύριος
639 263 771 327 ἡμῶν
805 263 996 324 Ἰησοῦς
1039 263 1063 312 ὁ
1102 260 1316 327 Χριστὸς
1359 260 1485 328 αὐτῷ
1524 263 1734 322 μᾶλλον,

147 342 267 409 ἤπερ
306 343 452 398 ὅντως
492 368 540 395 τε
577 346 653 395 καὶ
694 346 887 409 ἀληθῶς
925 349 991 413 τῷ
1029 345 1138 409 παρ’
1173 344 1315 394 αὐτοῦ
1356 343 1410 392 δι’
1445 343 1739 410 ἀπροσεξίαν

145 427 468 496 κεκρατημένῳ
501 425 567 478 Ὃ
606 431 747 482 ποιεῖς
793 428 966 485 ποίησον
1006 426 1172 488 τάχιον,
1242 425 1404 489 ὅμοιον
1444 423 1551 489 γὰρ,
1596 426 1657 476 ὡς
1704 430 1780 476 eia
1809 439 1896 473 740
1913 438 1962 471 Α.

147 507 282 572 λέγοι
326 513 499 575 σαφῶς
535 509 607 560 Τὸ
649 508 741 559 σὸν
780 509 920 575 ἔργον
960 508 1075 574 ὅπερ
1117 505 1261 558 οἶσθα
1304 507 1463 570 μόνον,
1504 508 1579 556 καὶ
1625 508 1741 571 δρᾶν

105 591 221 640 5άεί
255 613 335 640 σοι
375 591 533 659 φίλον,
574 588 611 640 ῶ
648 595 848 653 σατανᾶ,
889 592 1064 651 ποίησον
1102 590 1274 653 τάχιον·
1325 588 1596 640 ἀπέκτεινας
1634 586 1741 639 τοὺς

146 672 416 740 προφήτας·
472 672 778 738 ἐστρατήγεις
820 672 914 739 γὰρ
964 676 1026 726 εἷς
1077 672 1302 733 ἀσεβειαν
1353 671 1609 723 Ἰουδαίοις·
1666 671 1740 719 καὶ

146 754 252 805 τότε
291 758 674 819 καταλευσθῆναι
714 754 1089 820 παρασκευάσας
1128 752 1237 807 τοῦς
1275 752 1357 804 τὸν
1389 751 1626 817 σωτήριον
1658 757 1740 802 τοῦ

146 835 352 903 Ἰσραὴλ
377 837 733 904 πρεσβεύοντας
759 835 922 903 λόγον,
949 836 1134 890 οὐδενὸς
1161 836 1339 904 ἐφείσω
1365 840 1460 886 τῶν
1486 837 1736 885 ἀπεσταλ-

147 919 299 982 μένων
338 919 469 985 παρὰ
513 923 655 970 Θεοῦ·
716 923 882 970 πᾶσαν
921 923 983 972 εἷς
1029 916 1196 972 αὐτοῦς
1239 917 1459 985 ἐπεδείξω
1501 914 1587 979 τὴν
1626 916 1740 982 ὑπὲρ

83 1021 131 1046 10
149 998 297 1066 λόγον
323 1002 543 1066 ὠμότητα
577 1003 653 1051 καὶ
688 1001 856 1064 μανίας
893 999 1181 1067 ὑπερβολήν.
1233 1000 1329 1064 ἥκω
1365 1003 1614 1065 τοιγαροῦν
1640 999 1738 1061 μετ’

147 1083 345 1137 ἐκείνους
371 1083 476 1149 ἐγὼ,
504 1088 602 1138 τοῖς
625 1082 710 1147 μὲν
735 1083 800 1133 ε”τι
826 1082 1152 1146 πλανωμένοις
1183 1080 1236 1133 τὸ
1268 1080 1431 1145 μηκέτι
1461 1083 1740 1131 πλανᾶσθαι

148 1164 313 1227 διδοὺς,
353 1171 448 1220 τοῖς
486 1167 535 1216 ἐν
573 1164 735 1217 σκότει
781 1167 1024 1231 κατορθῶν
1062 1164 1116 1215 τὸ
1158 1165 1206 1214 ἐν
1245 1165 1368 1232 φωτὶ
1412 1162 1632 1228 γενέσθαι
1674 1165 1785 1230 τῴἲ)

149 1247 270 1316 θείῳ,
303 1253 399 1302 τοῖς
437 1252 498 1302 εἷς
536 1246 624 1312 τὴν
659 1246 753 1311 σὴν
787 1247 968 1313 παγίδα
1006 1245 1395 1309 κατολισθήσασι
1437 1246 1511 1295 καὶ
1552 1243 1741 1309 θήραμα

148 1331 231 1392 τῆς
281 1333 372 1394 σῆς
424 1329 688 1396 γενομένοις
740 1327 996 1392 ὠμότητος,
1041 1327 1095 1379 τὸ
1141 1328 1233 1397 ἔξω
1284 1326 1475 1395 βρόχων
1518 1326 1740 1392 γενέσθαι

82 1420 130 1458 15
150 1411 452 1477 δωρούμενος.
506 1412 604 1476 ἥκω
643 1414 726 1475 τῆς
767 1410 842 1461 διὰ
881 1408 938 1461 σὲ
970 1409 1294 1476 τυραννούσης
1333 1409 1563 1475 ἁμαρτίας
1599 1430 1741 1458 κατα-

148 1493 316 1544 λύσων
341 1492 396 1545 rb
423 1494 607 1561 κράτος,
634 1496 709 1544 καὶ
745 1492 814 1547 τίς
849 1493 873 1543 ὁ
908 1492 1053 1561 φύσει
1083 1491 1205 1545 Θεὸς
1239 1491 1481 1560 ἐπιδείξων
1505 1489 1740 1559 ἀνθρώπῳ

148 1576 305 1626 παντί·
369 1575 481 1626 ἀλλ’
523 1574 626 1627 οἶδα
676 1574 847 1627 λοιπὸν
885 1576 939 1626 οὐ
986 1575 1185 1641 μετρίως
1235 1572 1321 1638 τὴν
1371 1571 1466 1636 σὴν
1509 1572 1741 1622 ἀτίθασον

149 1656 314 1725 φρένα.
383 1657 497 1724 ὅπερ
544 1659 626 1709 οῦν
671 1658 775 1711 ἔθος
820 1680 901 1709 σοι
951 1661 1138 1720 τολμᾶν
1185 1657 1259 1707 ἐπὶ
1301 1660 1398 1709 τοῖς
1442 1653 1501 1705 τὰ
1547 1658 1740 1704 τοιαῦτα

148 1744 408 1806 κατορθοῦν
434 1739 669 1802 ἐθέλουσι,
695 1739 873 1806 πράττε
900 1741 975 1790 καὶ
1002 1744 1098 1790 νῦν,
1156 1736 1365 1791 ἀνιάσεις
1399 1735 1494 1802 γὰρ
1525 1736 1739 1799 οὐδαμῶς

82 1843 131 1868 20
148 1821 409 1873 ἐπιπίπτων
453 1821 578 1891 ὀξὺς,
625 1824 700 1873 καὶ
743 1821 939 1890 σφόδρα
984 1820 1148 1887 δριμὺς
1198 1821 1472 1886 ἐγκείμενος,
1519 1817 1637 1868 ὅσον
1681 1816 1739 1867 ἂν

148 1902 283 1954 ἔσται
308 1903 362 1954 τὸ
387 1902 540 1957 πάθος
565 1903 620 1955 δι’
648 1905 761 1966 ἐμοῦ
787 1903 998 1963 βαδίσαν
1023 1904 1072 1952 ἐν
1097 1904 1238 1969 ἀρχῇ.
1756 1904 1778 1930 ⁰

226 1987 319 2035 Καὶ
360 1987 492 2036 ταυτὶ
531 1985 616 2048 μὲν
646 1984 797 2050 ε”γωγε
835 1988 917 2034 τοῦ
957 1985 1177 2049 Σωτῆρος
1216 1981 1276 2034 τὰ
1312 1981 1500 2048 ῥήματα
1538 1980 1625 2044 τὴν
1655 1985 1738 2031 τοῦ

147 2066 452 2133 προκειμένου
490 2066 686 2129 δύναμιν
722 2066 1083 2117 ὑπαινίττεσθαί
1116 2087 1216 2118 πως
1255 2061 1598 2127 ὑπολαμβάνω·
1641 2063 1738 2112 ἐπι-

147 2148 436 2216 ταχύνεσθαι
475 2146 524 2198 δὲ
563 2147 639 2200 διὰ
673 2148 723 2199 τί
758 2145 1048 2214 προστάττει
1089 2145 1148 2197 τὰ
1188 2145 1487 2210 τολμήματα,
1528 2145 1639 2213 φέρε
1681 2143 1738 2208 δὴ

81 2246 129 2286 25
147 2229 295 2281 πάλιν
321 2230 724 2294 διασκεπτώμεθα.
770 2230 920 2280 καίτοι
945 2227 1193 2280 πάνδεινον
1220 2227 1305 2292 μὲν
1330 2227 1384 2278 τὸ
1411 2231 1506 2278 τῶν
1532 2227 1739 2277 ἀνοσίων

148 2312 412 2378 εὑρίσκεται
453 2312 648 2378 θράσος,
679 2312 975 2376 ἐμπαροινεΐν
1011 2309 1277 2363 ἀκαθέκτως
1316 2309 1553 2373 ἑλομένων
1592 2309 1734 2377 αὐτῷ·

147 2395 424 2459 προσδοκᾶν
470 2393 564 2460 γὰρ
608 2393 666 2458 ἦν
712 2393 985 2456 αἰκίσματα,
1031 2394 1107 2442 καὶ
1153 2393 1439 2459 δυσφημιῶν
1491 2389 1640 2457 ὄχλον
1685 2390 1739 2440 οὐ

149 2474 373 2543 φορητὸν,
393 2474 585 2541 πληγὰς
612 2478 687 2526 καὶ
713 2473 1044 2537 ἐμπτύσματα,
1065 2475 1140 2524 καὶ
1166 2472 1221 2523 τὸ
1247 2477 1512 2523 τελευταῖον
1538 2470 1737 2522 ἐλεεινὸν

148 2554 232 2607 τὸν
267 2557 341 2606 ἐπὶ
371 2556 503 2626 ξύλῳ
535 2557 753 2618 θάνατον,
782 2555 928 2619 ἥλους
962 2558 1038 2605 καὶ
1074 2553 1298 2620 σταυρὸν,
1325 2553 1435 2622 ὅξος
1474 2555 1549 2603 καὶ
1583 2551 1780 2619 χολὴνᾶ.

83 2658 132 2694 30
150 2638 226 2688 καὶ
250 2635 310 2687 τὰ
334 2639 384 2688 ἐκ
415 2637 597 2705 λόγχης
623 2636 881 2703 τραύματα·
922 2637 970 2686 τί
1000 2641 1252 2700 τοιγαροῦν
1277 2633 1562 2693 ἐπισπεύδει,
1592 2634 1733 2700 φησὶ,

198 2753 231 2777 2.
256 2743 466 2788 ἀπροσεξίαν
484 2742 526 2776 Ε.
543 2742 751 2786 ἀπροσεξίας
768 2740 837 2776 Ed.
1078 2750 1110 2784 3.
1138 2737 1385 2784 κεκρατημένῳ]
1412 2742 1447 2778 -ξ-
1468 2737 1582 2783 λέγειν
1600 2737 1736 2782 Migne.

149 2801 184 2835 9.
210 2790 370 2834 ἐπεδείξω
390 2790 432 2824 Ε.
450 2789 616 2833 ἀπεδείξω
634 2788 702 2823 Ed.
877 2797 930 2820 ΙΙ.
956 2785 1177 2829 πλανομένοις
1197 2786 1238 2819 Ε.
1411 2795 1463 2819 12.
1490 2784 1675 2829 κατορθοῦν
1694 2784 1735 2818 Ε.

155 2880 208 2912 14.
233 2868 414 2914 γενομένης
432 2869 473 2903 E.
569 2869 701 2913 βρόχον
719 2867 761 2902 Ε.
1020 2877 1075 2909 24.
1101 2866 1155 2900 διὰ
1173 2864 1208 2900 τί
1222 2864 1324 2899 edidi.
1344 2841 1397 2899 διιτὶ
1417 2864 1458 2898 E.
1477 2864 1531 2899 διὰ
1549 2866 1648 2899 τοῦτο
1668 2862 1734 2898 Ed.

384 2925 399 2940 τ

155 2948 208 2984 26.
234 2947 341 2995 αὐτῷ]
362 2949 402 2983 αὖ
420 2948 582 2993 ambigue
603 2948 643 2982 Ε.
788 2954 841 2991 27.
868 2947 1071 2990 δυσφημιῶν
1091 2947 1131 2981 Ε.
1151 2944 1341 2991 δυσφήμων
1360 2944 1425 2979 Ed.

886 3015 907 3054 3
931 3014 954 3040 B
979 3013 1001 3041 2
