2037 3266
117 562 185 592 Col.
204 562 246 593 iii.

121 614 169 635 10.
299 600 320 626 θ

116 1401 201 1435 822
214 1402 263 1436 A.
297 1412 317 1435 a

117 1475 129 1496 Ι
145 1468 219 1499 Cor.

113 1510 155 1541 iv.
178 1518 205 1550 7.

113 1972 235 2003 Genii.
248 1982 274 2013 7.

293 2148 320 2188 b

115 2216 203 2246 Acta
220 2216 274 2247 δ’δ’.

114 2261 181 2299 Ap.
198 2263 275 2293 xvii.

118 2304 167 2334 28.

337 132 423 171 484-
741 131 791 173 B.
824 130 1095 171 CYRILLI
1137 129 1516 170 ALEXANDR.
1753 130 1838 171 xiv.
1859 142 1925 172 20.

339 240 604 306 ἀναγκαίως
645 241 687 291 δ’
729 241 811 291 οὖν
853 240 977 304 ὅμως
1016 239 1362 306 προβλήσεται,
1401 239 1486 304 τὴν
1526 244 1621 290 τῶν
1660 240 1766 290 καθ’
1808 240 1928 303 ἡμᾶς

340 321 631 390 ἀρχαιότητα
656 322 980 390 παραδεικνύς.
1036 321 1089 373 τὸ
1116 322 1209 388 γὰρ
1245 320 1373 386 οἶμαι
1407 320 1800 388 περιδράττεσθαι
1835 325 1930 372 τῶν

341 404 656 471 θεωρημάτων
682 406 858 456 ἐθέλειν
885 405 1049 471 ὀρθῶς,
1076 409 1170 455 τῶν
1197 405 1254 473 ἐξ
1278 403 1416 455 ὄκνου
1446 404 1762 467 πταισμάτων
1789 405 1925 467 ἀμοι-

339 486 476 553 ρήσει
503 492 763 541 παντελῶς.
815 487 1064 551 πεποίηται
1090 487 1246 537 τοίνυν
1271 488 1399 537 τουτὶ
1432 487 1486 537 τὸ
1522 485 1716 551 λογικὸν
1743 487 1817 536 ἐπὶ
1848 487 1931 548 τῆς

1520 571 1540 580 Α
1599 575 1625 597 ίί

340 572 426 634 γῆς
469 568 599 639 ζῷον,
639 571 763 637 φημὶ
803 567 859 632 δὴ
898 568 982 619 τὸν
1021 568 1287 633 ἄνθρωπον,
1327 569 1383 637 ἐξ
1419 570 1567 635 ἀρχης

339 658 366 680 “
392 657 475 702 τοῦ
514 649 795 704 κτίσαντος”
825 649 946 701 κατὰ
984 649 1067 704 τὰς
1105 651 1313 719 γραφάς·
1363 653 1438 701 καὶ
1473 650 1698 718 διάφορος
1732 648 1816 712 μὲν
1848 651 1930 712 τῆς

1643 568 1742 618 κατ’
1777 565 1930 618 εἰκόνα
1951 585 1973 623 5

339 732 513 786 εἰκόνος
541 735 565 783 ὁ
592 733 753 798 λόγος.
807 732 942 783 εἰκὼν
968 732 1062 798 γὰρ
1101 735 1154 783 οὐ
1190 734 1297 783 καθ’
1327 733 1406 783 ἕνα
1438 732 1627 799 τρόπον,
1653 731 1784 782 ἀλλὰ
1810 729 1930 782 κατὰ

338 815 571 869 πολλούς·
630 816 768 881 μέρος
812 814 962 880 γεμὴν
1002 814 1056 866 τὸ
1100 820 1195 866 τῶν
1236 815 1403 865 ἄλλων
1443 815 1661 877 μάλιστα
1706 813 1927 881 διαφανέ-

339 919 520 948 στατον
545 899 628 961 τῆς
654 897 772 963 πρὸς
799 896 882 948 τὸν
908 896 1178 961 ποιήσαντα
1205 896 1330 947 Θεὸν
1357 896 1617 965 ἐμφερείας,
1647 895 1702 947 τὸ
1738 896 1927 963 ἄφθαρ-

338 1002 420 1030 τον
447 981 523 1030 καὶ
549 979 836 1046 ἀνώλεθρον.
891 979 1003 1029 ἀλλ’
1032 980 1115 1029 οὐκ
1148 977 1207 1028 ἂν
1233 977 1366 1042 οἶμαί
1396 1002 1510 1030 ποτε
1541 976 1661 1044 πρὸς
1694 976 1748 1028 τὸ
1784 978 1930 1030 οὕτως
1953 1000 2001 1026 10

338 1062 461 1129 ε”χειν
492 1061 726 1112 δύνασθαι
765 1059 819 1112 τὸ
859 1059 976 1128 ζῷον
1007 1059 1262 1129 ἐξήρκεσεν
1293 1062 1453 1129 ἑαυτῷ,
1482 1059 1600 1112 κατά
1639 1082 1695 1125 γε
1731 1057 1814 1111 τὸν
1847 1061 1931 1122 τῆς

338 1145 455 1197 ἰδίας
490 1143 681 1211 φύσεως
717 1143 884 1208 λόγον·
928 1147 1029 1196 πῶς
1065 1142 1159 1208 γὰρ
1194 1142 1251 1193 ἂν
1279 1145 1303 1193 ὁ
1341 1142 1435 1193 ἀπὸ
1470 1146 1557 1208 γῆς
1591 1144 1639 1193 ἐν
1665 1143 1759 1210 ἰδίᾳ
1785 1140 1930 1209 φύσει

336 1225 390 1277 τὸ
418 1229 500 1290 τῆς
526 1226 802 1294 ἀφθαρσίας
827 1226 1008 1292 ἐδείχθη
1035 1224 1156 1292 ἔχων
1182 1224 1419 1292 καύχημα,
1449 1224 1514 1289 μὴ
1549 1226 1651 1291 οὐχὶ
1685 1222 1815 1290 παρὰ
1846 1227 1930 1273 τοῦ

337 1308 457 1360 κατὰ
485 1308 635 1378 φύσιν
661 1307 909 1376 ἀφθάρτου
941 1330 990 1358 τε
1025 1310 1099 1358 καὶ
1136 1308 1408 1373 ἀνωλέθρου
1436 1312 1560 1358 Θεοῦ
1593 1309 1668 1357 καὶ
1701 1305 1928 1358 ὡσαύτως

337 1391 482 1445 ὅντως
526 1393 608 1452 ἀεὶ,
648 1392 755 1441 καθ’
797 1388 1050 1453 ὁμοιότητα
1091 1394 1185 1440 τῶν
1230 1390 1396 1440 ἄλλων
1441 1391 1634 1454 ἀγαθῶν
1673 1390 1748 1439 καὶ
1789 1392 1927 1438 τοῦτο
1953 1404 1997 1443 15

337 1473 709 1537 πεπλουτηκώςς
752 1480 779 1502 “
800 1474 865 1523 Τί
895 1471 987 1539 γὰρ
1024 1471 1141 1539 ε”χεις
1182 1470 1206 1522 ὃ
1247 1472 1330 1522 οὐκ
1370 1470 1606 1534 {meses
1648 1470 1834 1524 εἰκότως
1873 1492 1928 1534 γε

338 1555 534 1624 σφόδρα
575 1557 650 1606 καὶ
695 1558 885 1618 ἀληθῶς
929 1554 1048 1621 πρὸς
1099 1555 1220 1618 ἡμᾶς
1271 1577 1363 1605 που
1409 1556 1560 1621 φησὶν
1603 1554 1627 1604 ὁ
1673 1552 1927 1606 θεσπέσιος

341 1641 553 1691 Παῦλος.
622 1638 697 1687 ἵνα
741 1637 897 1688 τοίνυν
938 1636 993 1687 τὸ
1039 1637 1089 1687 ἐκ
1133 1641 1217 1686 τοῦ
1267 1634 1333 1699 μὴ
1384 1635 1519 1689 ὄντος
1562 1633 1824 1701 παροισθὲν
1867 1638 1929 1688 εἰς

338 1720 525 1784 γε’νεσιν
568 1719 633 1783 μὴ
679 1718 798 1784 πρὸς
845 1717 930 1782 τὴν
976 1719 1147 1769 οἰκείαν
1193 1719 1531 1781 ὑπονοστῆσαν
1575 1715 1740 1784 ἀρχὴν,
1780 1716 1930 1768 πάλιν

338 1802 521 1869 οἴχηται
551 1800 670 1867 πρὸς
702 1800 756 1852 τὸ
789 1800 952 1865 μηδὲν,
983 1800 1190 1866 σώζηται
1227 1797 1273 1850 δὲ
1308 1804 1499 1862 μᾶλλον
1525 1803 1755 1863 διηνεκῶς·
1795 1799 1929 1852 οὗτος
1951 1823 2000 1848 20

337 1883 431 1950 γὰρ
469 1883 527 1948 ἦν
560 1886 585 1934 ὁ
623 1889 706 1934 τοῦ
748 1884 999 1936 κτίσαντος
1035 1881 1230 1935 σκοπός·
1277 1880 1477 1948 με’τοχον
1510 1880 1651 1932 αὐτὸν
1689 1884 1772 1945 τῆς
1813 1882 1929 1936 ἰδίας

339 1966 533 2033 φύσεως
568 1968 793 2016 ἀποτελεῖ
821 1964 956 2018 Θεός.
1003 1971 1031 1993 “
1050 1964 1317 2032 ἐνεφύσησε
1353 1963 1445 2029 γὰρ
1480 1967 1541 2017 εὶς
1576 1963 1631 2013 τὸ
1665 1963 1929 2028 πρόσωπον

340 2056 367 2078 “
395 2050 538 2099 αὐτοῦ
576 2047 729 2111 πνοὴν
768 2046 924 2113 ζωῆς,”
955 2047 1187 2108 τουτέστι,
1227 2044 1280 2097 τὸ
1322 2050 1518 2109 Πνεῦμα
1556 2051 1639 2096 τοῦ
1677 2049 1811 2108 Υἱοῦ,
1854 2048 1929 2096 καὶ

341 2131 434 2197 γάρ
468 2133 599 2181 ἐστιν
631 2129 770 2183 αὐτὸς
808 2130 836 2192 ἡ
873 2128 965 2194 ζωὴ
1001 2128 1119 2191 μετὰ
1154 2127 1359 2193 Πατρὸς,
1386 2127 1600 2194 συνέχων
1631 2132 1693 2181 εἷς
1727 2128 1781 2178 τὸ
1817 2125 1930 2177 εἶναι

341 2214 400 2264 τὰ
426 2213 594 2264 πάντα.
649 2216 838 2262 κινεῖται
866 2210 959 2276 γὰρ
986 2212 1034 2260 ἐν
1060 2211 1185 2278 αὐτῷ
1213 2232 1261 2260 τε
1289 2212 1363 2259 καὶ
1392 2208 1452 2276 ζῇ
1479 2209 1537 2260 τὰ
1569 2210 1684 2275 ζωῆς
1720 2209 1924 2272 δεκτικὰ,
1952 2230 2000 2268 25

340 2294 461 2345 κατὰ
487 2293 572 2357 τὴν
598 2299 681 2344 τοῦ
709 2292 909 2343 Παύλου
937 2291 1113 2360 φωνήν.

416 2377 510 2426 Καὶ
551 2374 616 2439 μή
658 2398 727 2428 τις
768 2375 900 2438 ἡμῶν
942 2375 1016 2424 ἐπὶ
1057 2372 1209 2442 τούτῳ
1254 2374 1409 2441 ψευδῆ
1454 2372 1710 2438 κατηχείτω
1756 2370 1924 2437 λόγον,

340 2460 509 2522 οἰηθεὶς
535 2462 676 2508 εἰπεῖν
701 2455 755 2507 τὸ
783 2461 908 2506 θεῖον
933 2456 1198 2524 ἐμφύσημα
1229 2454 1470 2519 γεγονέναι
1507 2457 1573 2523 τῷ
1607 2452 1709 2523 ζῴῳ
1743 2452 1924 2521 ψυχήν·

339 2546 478 2591 τοῦτο
512 2539 606 2605 γὰρ
642 2539 695 2589 οὐ
733 2537 903 2608 φαμὲν,
931 2541 1154 2606 λογισμῷ
1189 2538 1371 2605 τοσῷδε
1406 2534 1525 2602 πρὸς·
1549 2535 1635 2600 τὴν
1659 2541 1742 2586 τοῦ
1767 2535 1925 2602 πράγ-

339 2645 487 2686 ματος
528 2620 753 2685 ἀλήθειαν
793 2620 1228 2685 διακυβερνώμενοι.
1296 2622 1333 2669 εὶ
1372 2617 1466 2684 γὰρ
1505 2618 1684 2668 οἴονταί
1717 2641 1837 2671 τινες
1875 2616 1929 2668 τὸ
1950 2634 2001 2670 30

341 2708 464 2754 θεῖον
499 2703 763 2771 ἐμφύσημα
801 2701 1025 2767 γενέσθαι
1063 2699 1242 2769 ψυχὴν,
1269 2700 1546 2766 λεγέτωσαν
1581 2700 1704 2763 ἡμῖν,
1731 2698 1930 2765 πότερόν

392 2861 420 2882 1.
447 2863 503 2893 γρ.
522 2848 735 2893 προβήσεται
755 2847 821 2881 Ed.
842 2859 913 2891 mg.
932 2845 1169 2890 προβλήσετιιι
1188 2845 1292 2878 habet
1312 2844 1347 2878 F.
1604 2855 1656 2879 10.
1682 2844 1866 2887 ἁνόλεθρον
1885 2844 1926 2878 E.

346 2906 396 2939 15.
426 2895 677 2938 Legendumne
695 2894 815 2929 ὅντοςὲ
997 2903 1052 2926 20.
1080 2891 1212 2937 οἴχηται
1231 2890 1412 2925 emendavi
1431 2897 1509 2935 post
1532 2891 1664 2936 Migne.
1684 2890 1814 2936 οἴχεται
1833 2890 1925 2924 Aub.

343 2953 399 2986 27.
427 2942 631 2986 κατηχείωτο
652 2941 692 2975 E.
838 2952 892 2983 29.
920 2939 1052 2984 τοσῷδε
1075 2939 1116 2972 E.
1137 2939 1269 2983 Migne.
1288 2938 1405 2983 τοιῷδε
1426 2938 1491 2972 Ed.
