2001 3261
68 1284 173 1316 Num.

68 1329 136 1360 xiv.
150 1327 198 1359 18.

288 107 368 147 142
689 108 737 148 B.
773 107 1051 148 CYRILLI
1093 108 1478 150 ALEXANDR.
1714 107 1768 147 ix.
1787 118 1825 155 2,
1844 117 1882 158 3-

284 240 425 280 μενος
452 217 636 281 νόμους,
662 223 763 272 πῶς
790 216 848 269 ἂν
875 219 1015 281 ἁλοίη
1049 222 1196 281 τιμῶν
1221 222 1315 268 τῶν
1342 220 1418 269 καὶ
1452 218 1562 284 παρ’
1592 218 1702 281 ἡμῖν
1728 217 1884 269 αὐτοῖς

286 300 340 350 οὐ
377 300 578 366 μετρίως
616 300 1052 366 κατεγνωσμένωνς
1094 298 1194 351 εἶτα
1228 302 1412 351 κάκεῖνο
1447 298 1567 366 πρὸς
1597 298 1747 368 τούτῳ
1780 301 1880 349 δια-

288 382 537 434 σκεπτέον.
606 383 798 449 μυρίους
843 381 930 446 μὲν
975 382 1070 449 γὰρ
1121 381 1198 433 διὰ
1243 383 1491 436 Μωυσέως
1536 380 1883 450 ἐχρησμῴδησε

290 463 472 528 νόμους,
504 467 579 516 καὶ
618 469 884 532 πολλαχῶς
922 465 1165 533 διατεταχε
1204 465 1492 531 κολάζεσθαι
1531 464 1638 518 τοὺς
1676 465 1883 517 ἀνοσίοις

243 546 532 613 ὒσυζῶντας
570 546 779 614 τρόποις·
823 548 934 598 ἀλλ’
964 548 1172 611 οὐδαμοῦ
1210 546 1528 613 προστάττων
1560 548 1724 613 ὁρᾶται
1761 569 1882 611 συγ-

290 629 567 680 κινδυνεύειν
599 635 695 683 τοῖς
730 628 1058 695 ἁμαρτάνουσι
1093 632 1262 697 χρῆναι
1301 628 1408 683 τοὺς
1446 629 1503 698 ἐξ
1538 630 1708 680 αὐτῶν.
1763 628 1884 680 κατὰ

289 710 383 777 γὰρ
409 716 503 762 τῶν
529 711 746 762 ἁλόντων
773 712 800 776 ἡ
829 712 948 776 δίκη,
977 713 1052 762 καὶ
1078 716 1174 765 τοῖς
1208 712 1531 763 ὑποπίπτουσι
1564 715 1631 780 τῷ
1667 711 1795 780 νόμῳ
1829 710 1884 762 τὸ

289 792 450 858 μόνοις
484 793 773 861 κολάζεσθαι
804 794 1000 860 πρέπειν
1036 795 1264 861 ὡρίσατο.
1321 792 1559 855 δυσσεβὲς
1594 793 1676 844 οὖν
1701 794 1794 860 ἄρα
1830 792 1884 844 τὸ

292 881 413 927 νοεῖν
449 876 729 939 Ἰουδαϊκῶς,
769 876 930 945 σοφὸν
972 876 1020 928 δὲ
1068 880 1139 928 δεῖ
1177 875 1369 931 πάντως
1413 875 1467 928 τὸ
1511 878 1586 927 καὶ
1632 878 1714 939 τῆς
1760 875 1885 930 θείας

292 959 735 1027 καταστοχάζεσθαι
787 958 994 1024 γνώμης,
1047 961 1123 1010 καὶ
1181 958 1458 1027 πανταχόσε
1509 963 1667 1025 τηρεῖν
1718 957 1777 1009 τὰ
1826 963 1884 1027 τῇ

291 1039 484 1092 πάντων
523 1042 743 1104 βασιλίδι
787 1042 1029 1108 πρέποντα
1077 1042 1237 1110 φύσει.
1305 1042 1534 1105 ἐννοῶμεν
1571 1043 1729 1092 τοίνυν
1771 1064 1880 1093 ποι-

293 1129 452 1178 οῦντες
475 1125 640 1190 ὀρθῶς,
667 1126 729 1178 ὡς
756 1125 839 1174 οὑκ
865 1122 923 1174 ἂν
950 1125 974 1174 ὁ
1000 1128 1096 1174 τῶν
1122 1124 1250 1174 ὅλων
1273 1123 1396 1178 Θεὸς
1421 1123 1507 1188 τὴν
1532 1125 1734 1175 ἐνοῦσαν
1760 1125 1886 1194 αὐτῷ

252 1228 275 1256 c
295 1206 599 1273 γαληνότητα
632 1208 870 1273 προτιθεὶς
908 1205 1073 1273 ὥσπερ
1106 1210 1167 1261 εἷς
1204 1207 1367 1270 μέσον,
1397 1209 1472 1257 καὶ
1508 1208 1576 1258 ἐπ’
1604 1206 1792 1277 ἀκράτῳ
1826 1211 1885 1275 τῇ

293 1291 629 1359 φιλανθρωπίᾳ
656 1287 978 1355 θαυμάζεσθαι
1006 1288 1176 1352 θέλων,
1194 1289 1271 1341 διά
1296 1313 1345 1341 τε
1368 1295 1506 1340 τοῦτο
1525 1294 1655 1352 βοῶν
1670 1297 1696 1318 “
1713 1289 1886 1356 Κύριος

293 1380 319 1402 “
344 1373 647 1438 μακρόθυμος
674 1375 749 1422 καὶ
780 1370 1043 1426 πολυὲλεος
1079 1375 1153 1422 καὶ
1185 1372 1424 1437 ἀληθινὸς,
1450 1374 1667 1440 ἀφαιρῶν
1692 1371 1885 1435 ἀνομίας

290 1463 318 1485 “
344 1458 419 1506 καὶ
448 1453 716 1521 ἁμαρτίας,”
737 1456 858 1506 οὕτω
885 1456 1177 1519 μνησίκακος
1203 1455 1450 1520 ἠβουλήθη
1477 1455 1802 1521 γνωρίζεσθαι,
1824 1457 1886 1509 ὡς

293 1540 368 1589 καὶ
396 1542 457 1592 εἰς
483 1536 712 1604 τετάρτην
737 1544 1026 1604 παραπλοῦν
1053 1537 1218 1603 γενεὰν
1246 1538 1330 1602 τὴν
1359 1538 1522 1604 ὀργήν.
1574 1543 1674 1592 πῶς
1701 1538 1794 1604 γὰρ
1820 1538 1886 1589 ε”τι

292 1619 594 1687 μακρόθυμος
640 1622 716 1671 καὶ
761 1621 1036 1683 πολυὲλεος,
1078 1619 1106 1684 ἣ
1152 1625 1252 1675 πῶς
1297 1621 1491 1684 ἀνομίας
1535 1625 1612 1672 καὶ
1655 1622 1886 1688 ἁμαρτίας

293 1705 524 1770 ἀφαιρῶν,
556 1703 580 1753 ὁ
616 1702 731 1767 μηδὲ
766 1704 902 1770 μεχρῖ
937 1706 1020 1767 τῆς
1059 1709 1140 1754 τοῦ
1175 1704 1426 1757 πταίοντος
1461 1707 1675 1772 κεφαλῆς
1709 1703 1768 1754 τὰ
1802 1706 1886 1768 τῆς

294 1785 423 1850 δίκης
458 1790 743 1851 συμμετρεῖν
775 1785 1068 1853 ἀνεχόμενος,
1097 1787 1206 1836 ἀλλ’
1237 1787 1450 1836 ἐκτείνων
1485 1786 1693 1838 ἐπέκεινα
1727 1789 1885 1853 τρίτης

245 1876 275 1918 d
295 1872 467 1933 γενεᾶς,
494 1870 569 1919 καὶ
607 1873 826 1930 σκηπτοῦ
861 1891 986 1921 τινος
1022 1869 1154 1933 δίκην
1179 1870 1255 1918 καὶ
1290 1873 1386 1922 τοῖς
1413 1868 1584 1938 ἀθῴοις
1610 1871 1880 1934 ε’πιπηδῶν;

294 1951 460 2001 οὐκοῦν
479 1951 710 2001 ἀπίθανον
731 1953 913 2018 κομιδῇ,
932 1952 1007 2000 καὶ
1033 1953 1116 2014 τῆς
1143 1949 1350 2017 ἐσχάτης
1377 1951 1583 2014 εὐηθείας
1609 1952 1663 2002 οὐ
1686 1952 1885 2019 μακρὰν,

293 2037 342 2086 ἐν
369 2036 524 2105 ταύτῷ
550 2037 625 2086 καὶ
652 2037 1018 2103 φιλανθρωπίαν
1047 2037 1121 2086 καὶ
1150 2034 1413 2101 ἡμερότητα
1448 2038 1522 2086 καὶ
1553 2036 1739 2103 μακρὰν
1765 2038 1886 2089 οὕτω

293 2120 369 2169 καὶ
409 2117 721 2183 ἀλογωτάτην
756 2116 904 2185 ὀργὴν
939 2118 1088 2187 ἑαυτῷ
1126 2122 1376 2183 προσεῖναι
1415 2124 1667 2185 μαρτυρεῖν
1704 2119 1886 2171 οἴεσθαι

293 2199 377 2251 τὸν
405 2199 544 2252 Θεόν.

370 2280 491 2332 Εἶτά
523 2305 568 2333 τι
600 2281 720 2348 πρὸς
756 2283 937 2336 τούτοις
970 2282 1127 2348 ἕτερον
1162 2286 1203 2334 οἱ
1240 2289 1450 2336 νοοῦντες
1477 2284 1756 2347 Ἰουδαϊκῶς,
1783 2283 1886 2335 οὐδὲ

294 2363 457 2415 εἰδέναι
491 2363 703 2415 δώσουσι
733 2363 817 2415 τὸν
844 2363 968 2416 Θεὸν
993 2363 1076 2416 τὸν
1103 2363 1291 2434 ἑκάστῳ
1326 2369 1420 2415 τῶν
1446 2365 1740 2431 πραγμάτων
1765 2366 1882 2432 πρέ-

346 2515 375 2538 Ι.
401 2506 505 2547 τιμῶν
525 2504 566 2538 Β.
584 2508 752 2550 τιμωριῶν
770 2504 969 2539 emendavit
988 2505 1048 2540 Sed
1067 2517 1250 2551 perperam
1271 2505 1390 2539 Holst.
1552 2516 1583 2540 2.
1610 2505 1887 2551 κατεγνωσμένον

296 2551 338 2585 Β.
357 2551 556 2585 emendavit
577 2551 639 2585 Ht.
807 2561 838 2597 7.
866 2551 1019 2586 ἁλόντων
1037 2552 1200 2586 emendat
1220 2552 1350 2597 Heyse.
1368 2553 1485 2586 ι’ίλλων
1502 2555 1568 2586 τῶν
1589 2552 1630 2586 Β.
1652 2552 1716 2587 Ht.
1735 2552 1885 2597 ἁμαρτα-

294 2599 419 2632 νόντων
437 2599 584 2632 correxit
604 2598 709 2639 Aub.,
728 2599 787 2644 qui
803 2599 981 2633 ἀλλάντων
999 2611 1035 2633 se
1052 2600 1088 2633 in
1107 2599 1310 2644 apographo
1328 2600 1441 2644 legere
1460 2598 1615 2633 adnotat.
1711 2599 1745 2633 8.
1771 2601 1886 2642 μόνοις

297 2645 339 2678 Β.
363 2645 424 2679 Ht.
442 2647 565 2689 μόνους
583 2645 650 2679 Ed.
779 2657 812 2691 9.
839 2648 962 2692 σοφῶν
981 2646 1022 2680 Β.
1042 2646 1242 2680 emendavit
1262 2647 1325 2681 Ht.
1407 2646 1457 2680 δεῖ
1474 2646 1601 2679 retinui
1621 2644 1676 2689 (δὴ
1695 2645 1885 2690 editurus),

295 2703 407 2737 quum
424 2692 489 2736 χρὴ
508 2692 647 2726 exhibet
664 2705 695 2727 a.
971 2704 983 2727 1
995 2704 1024 2727 1.
1052 2694 1216 2738 ἐννοῶμεν
1234 2705 1263 2727 a.
1282 2693 1460 2737 ἐννοοῦμεν
1478 2692 1541 2726 Ht.
1562 2694 1595 2736 (e
1612 2695 1887 2738 φυσεισννουμεν

296 2738 396 2782 quasi
413 2738 520 2783 φύσει
539 2738 716 2783 ἐννοοῦμεν
735 2738 794 2782 Β.)
814 2738 911 2785 quod
930 2752 1001 2774 om.
1019 2752 1102 2774 casu
1122 2746 1161 2774 ut
1178 2739 1249 2774 vid.
1269 2739 1364 2773 Aub.
1509 2748 1562 2784 15.
1588 2738 1819 2784 μακρόθυμος]
1844 2743 1881 2779 -†-

296 2784 341 2818 ὢν
358 2796 389 2818 a.
570 2795 624 2831 17.
649 2788 853 2831 παραπλοῦν
871 2786 914 2821 Β.
934 2786 1001 2820 Ed.
1021 2787 1192 2830 ἐξηπλοῦν
1209 2798 1239 2820 a.
1260 2786 1337 2820 Cat.
1358 2786 1459 2820 Harl.
1631 2796 1683 2829 19.
1709 2786 1810 2830 μεχρὶ
1828 2797 1883 2819 as-

297 2837 481 2874 sumptum
499 2843 539 2866 ex
558 2844 588 2867 a,
707 2844 762 2866 22.
787 2833 826 2867 οὐ
843 2834 974 2877 μακρὰν
991 2833 1027 2867 ἐν
1044 2832 1395 2879 ταύτῷ-ἡμερότητα
1413 2833 1466 2866 καὶ
1483 2838 1665 2877 assumpta
1682 2844 1723 2866 ex
1744 2832 1798 2874 Β.,
1816 2832 1886 2866 nisi

297 2877 391 2921 quod
419 2889 482 2921 pro
507 2879 596 2925 αὐτῷ
623 2878 718 2924 quod
744 2879 883 2914 exhibet
903 2880 958 2923 Β.,
977 2880 1012 2915 ἐν
1028 2880 1140 2927 ταύτῷ
1163 2892 1204 2915 ex
1223 2892 1252 2914 a.
1275 2879 1366 2914 dedi.
1387 2878 1550 2914 ἀπίθανον
1566 2877 1626 2913 οὖν
1642 2879 1678 2913 ἐν
1694 2879 1804 2925 ταύτῷ
1823 2880 1885 2924 φι·

295 2923 514 2967 λανθρωπίαν
531 2926 584 2960 καὶ
602 2925 791 2970 ἡμερότητα
808 2927 862 2961 καὶ
880 2938 910 2961 a.

1903 562 1925 601 5

1908 981 1956 1006 10

1906 1809 1956 1834 20
