2022 3272
99 142 267 198 xiii.33.
477 146 546 185 ΙΝ
591 147 634 186 S.
669 144 1010 184 JOANNEM.
1078 143 1134 182 121
1158 143 1199 182 Β.
1236 142 1313 180 lx.
1605 137 1687 176 :383

165 259 192 301 λ
243 253 254 267 ¹
327 253 348 269 'l
494 254 513 272 >l
647 254 659 269 x
731 254 750 271 ν
925 253 944 270 vt
1083 251 1094 265 x
1143 253 1152 266 9
1384 253 1420 280 Α,
1476 246 1486 261 9
1534 247 1541 259 ι

97 274 160 302 ’ΠὌ
199 260 288 316 ANV
314 276 372 303 αν
398 276 468 308 Τις
496 257 582 305 ιδοι
608 278 694 318 την
722 277 889 318 ονησιν
915 276 1023 319 εχον
1049 276 1103 302 το
1130 275 1177 301 εν
1203 254 1414 318 ψαλμοις
1460 250 1687 314 αδομενον

1755 326 1804 355 ῘἊ.

98 340 125 361 “
152 334 487 399 Ἡτοιμάσθην
520 338 595 386 καὶ
631 337 713 386 οὐκ
746 334 1060 402 ἐταράχθην.”
1110 332 1164 383 τὸ
1201 330 1286 394 μὲν
1314 329 1406 396 γὰρ
1446 329 1569 381 ὅλως
1606 329 1688 377 οὐκ
1751 368 1914 399 ummo.

98 415 327 466 ἐλπισθὲν
369 421 464 467 τῶν
510 419 682 468 ἀδικεῖν
727 416 971 478 εἰωθότων,
1017 413 1166 465 δεινὸν
1211 417 1274 466 εἰς
1325 409 1571 476 θορύβους,
1615 411 1689 458 καὶ

98 495 327 561 ἀδόκητόν
351 522 452 552 πως
487 499 580 566 ἔχει
611 498 696 562 τὴν
723 499 910 568 ἔφοδον·
957 497 1010 548 τὸ
1047 495 1094 547 δὲ
1129 500 1230 548 ταῖς
1264 492 1586 560 προσδοκίαις,
1615 493 1689 540 Καὶ

57 591 79 628 5
99 577 153 629 τὸ
187 581 254 648 τῷ
287 581 629 646 προεγνῶσθαί
659 604 760 632 τισι
792 582 1173 646 προδαπανῆσαν
1199 577 1288 641 ἤδη
1324 581 1407 626 τοῦ
1443 573 1601 642 φόβου
1637 571 1690 623 τὸ
1711 600 1731 625 ο

97 660 259 724 πλέον,
287 663 369 712 οὐκ
397 663 600 729 ἄκρατον
626 664 719 731 ἔχει
747 663 855 714 καθ’
885 661 950 712 ὧν
977 661 1034 712 ἂν
1060 662 1178 712 ἐπίοι
1213 658 1423 720 δύναμιν,
1449 664 1686 722 προμελε-

98 741 319 807 τησάσης
358 745 472 795 αὐτὸ
509 749 591 809 τῆς
637 748 855 808 διανοίας,
897 746 972 795 καὶ
1013 746 1075 797 ὡς
1114 742 1203 807 ἤδη
1242 739 1397 807 παρὸν
1436 738 1692 807 δεξαμένης

98 825 348 889 πολλάκις,
397 826 515 878 ὅσον
561 831 623 881 εἷς
672 828 849 881 ἐννοίας
901 826 1111 890 δύναμιν.
1183 822 1348 888 ὥσπερ
1399 821 1492 888 γὰρ
1536 821 1578 872 εἴ
1624 844 1692 874 τις

100 906 357 974 αἳμοβόρος
399 910 475 960 καὶ
516 910 680 975 ὀίγριος
720 910 822 975 θὴρ,
866 911 915 960 ἐκ
958 909 1108 972 μέσου
1150 905 1321 958 ἀναδὺς
1362 903 1604 970 εὐδένδρου
1646 926 1693 953 τε

34 1008 82 1033 10
101 992 177 1040 καὶ
216 990 410 1045 δασείας
448 995 531 1056 τῆς
570 991 770 1060 λόχμης,
803 990 1067 1061 ἐφάλλοιτό
1102 1013 1192 1041 τινι
1226 993 1322 1039 τῶν
1354 989 1440 1055 οὐχ
1476 987 1694 1053 ὁρώντων

100 1070 255 1134 αὑτὸν,
295 1072 560 1140 σπαράττει
604 1074 690 1138 μὲν
731 1075 840 1125 λίαν
879 1075 933 1125 οὐ
976 1075 1323 1140 προσδοκῶντα
1366 1069 1452 1134 τὴν
1497 1069 1689 1137 ἔφοδον,

99 1155 282 1220 ἀναιρεῖ
323 1154 371 1206 δὲ
416 1155 534 1223 πρὸς
576 1155 735 1224 μάχην
779 1157 862 1207 οὐκ
913 1154 1278 1222 εὐτρεπισθέντα
1320 1152 1504 1213 λαβών·
1567 1153 1591 1201 ὁ
1644 1150 1692 1201 δὲ

98 1234 345 1304 πόῤῥωθεν
389 1240 566 1307 ὀφθεις,
612 1262 689 1289 και
735 1262 806 1290 οτι
850 1261 1086 1304 παρεσται
1133 1235 1491 1302 διεγνωσμενος,
1534 1236 1688 1285 ὡπλι-
1711 1255 1732 1278 a
1763 1245 1847 1280 749
1866 1244 1917 1278 A·

100 1318 262 1388 σμένω
299 1320 584 1384 συμβαλὼν,
616 1344 644 1384 η
682 1319 885 1371 ἐ’λαττον
923 1318 1136 1383 ἀδικησει
1175 1340 1332 1386 τυχον,
1364 1315 1394 1380 ὴ
1435 1339 1509 1367 και
1548 1314 1694 1380 μηδεν

34 1418 80 1457 15
101 1423 309 1468 ισχυσας
354 1401 613 1470 οἰχήσεται·
669 1426 752 1454 τον
793 1401 936 1453 αὐτον
976 1400 1103 1465 οἶμαι
1144 1400 1322 1466 τρόπον
1363 1422 1439 1450 και
1481 1400 1555 1449 ἐπι
1600 1402 1695 1448 τῶν

99 1489 392 1550 πειρασμῶν,
421 1485 445 1535 ὁ
473 1485 695 1550 μηδόλως
721 1485 920 1537 ἔσεσθαι
945 1483 1291 1551 προσδοκηθεῖς
1315 1487 1399 1533 τοῦ
1424 1484 1695 1547 προσδοκη-

101 1566 260 1620 θέντος
297 1566 388 1631 ἤδη
424 1566 707 1634 θερμότερόν
736 1590 786 1618 τε
823 1570 899 1618 καὶ
936 1565 1221 1633 ἀγριώτερον
1253 1565 1363 1629 ἡμῖν
1397 1567 1689 1630 προσβαλεῖ.

101 1649 349 1716 χρησίμως
383 1656 639 1717 τοιγαροῦν
665 1651 690 1700 ὁ
720 1649 895 1715 Κύριος
928 1649 1061 1713 ἡμῶν
1084 1649 1273 1712 Ἰησοῦς
1307 1648 1331 1697 ὀ
1357 1645 1592 1712 Χριστὸς,
1619 1644 1694 1695 διὰ

101 1737 184 1782 τοῦ
212 1731 358 1800 φάναι
386 1732 602 1792 Ζητήσετέ
623 1756 696 1800 με,
721 1731 780 1783 τὰ
806 1733 856 1783 ἐκ
881 1737 964 1783 τοῦ
990 1729 1154 1795 μηκέτι
1178 1734 1385 1780 συνεῖναι
1411 1732 1506 1781 τοῖς
1532 1727 1696 1778 ἑαυτοῦ

35 1835 83 1861 20
102 1813 452 1879 συμβησόμενα
488 1817 732 1878 μαθηταῖς,
760 1815 835 1865 καὶ
871 1811 1103 1880 θορύβους
1139 1812 1468 1872 ὑπαινίττεται,
1501 1808 1608 1862 τοὺς
1644 1810 1695 1859 ἐκ

101 1900 197 1947 τῶν
226 1896 619 1960 πολεμησόντων,
646 1895 814 1950 αὐτοὺς
848 1894 1198 1961 προετοιμάζων
1226 1892 1301 1944 διὰ
1335 1897 1418 1943 τοῦ
1453 1896 1693 1958 προειπεῖν
1714 1898 1740 1939 b

102 1981 166 2032 εἰς
205 1979 416 2044 ἀνδρείας
458 1977 717 2046 ἀνάληψιν·
769 1977 969 2043 ἐπιλέγει
1009 1976 1057 2028 δὲ
1097 1975 1278 2029 τούτοις
1324 1974 1569 2042 χρησίμως
1616 1975 1693 2024 καὶ

102 2060 152 2112 τί
186 2059 316 2126 παρὰ
357 2059 507 2113 πόδας
551 2061 754 2111 κείσεται
795 2058 981 2111 κωλύον
1020 2060 1295 2109 ἀκολουθεῖν
1335 2060 1397 2110 εἷς
1441 2055 1495 2107 τὸ
1538 2055 1693 2121 παρὸν

103 2142 286 2196 αὐτούς.
359 2142 473 2207 ὅπερ
511 2141 604 2208 γὰρ
642 2140 811 2207 ’έλεγον
849 2144 937 2196 τοῖς
974 2137 1216 2201 Ἰουδαίοις,
1256 2140 1392 2209 φησὶ,
1432 2144 1571 2189 τοῦτο
1614 2143 1691 2189 καὶ

35 2242 84 2282 25
103 2223 221 2291 πρὸς
265 2225 382 2288 ὑμᾶς
427 2223 524 2294 ἄρτι
567 2225 694 2292 φημί
729 2222 883 2275 ’Όπσυ
924 2221 1012 2288 ἐγὼ
1053 2221 1221 2288 ὑπάγω
1262 2224 1388 2289 ὑμεῖς
1430 2225 1473 2272 οὐ
1516 2218 1695 2273 δύναισθε

103 2306 250 2358 ἐλθεῖν·
310 2307 364 2357 οὐ
414 2305 507 2372 γάρ
557 2329 633 2357 πω
682 2308 840 2372 παρῆν
885 2305 909 2355 ὁ
958 2303 1117 2370 καιρὸς
1167 2309 1251 2354 τοῦ
1298 2302 1418 2370 πρὸς
1468 2302 1551 2356 τὰς
1596 2303 1693 2354 ἄνω

102 2388 324 2455 γενέσθαι
349 2387 495 2452 μονὰς
519 2387 626 2442 τοὺς
653 2389 814 2453 ἁγίους
849 2387 1153 2439 ἀποστόλους
1188 2386 1318 2437 οὕπω
1354 2392 1688 2451 λελειτουργη-

103 2469 259 2524 κότας.
327 2472 532 2536 ἐτηρεῖτο
570 2469 663 2536 γὰρ
701 2469 920 2533 μάλιστα
957 2468 1012 2520 τὸ
1051 2470 1126 2519 καὶ
1166 2471 1227 2522 εἷς
1262 2473 1400 2519 τοῦτο
1438 2471 1693 2534 παρελθεῖν

105 2551 272 2605 αὐτοὺς
306 2554 450 2618 καιρῷ
489 2555 555 2620 τῷ
590 2550 856 2615 καθήκοντι.

37 2654 87 2691 3ο
178 2631 516 2698 Ἐπιτηρητέον
547 2630 698 2697 γεμὴν
729 2635 872 2683 ἐκεῖνο
906 2630 1066 2694 πάλιν,
1099 2630 1168 2681 ὅτι
1207 2634 1304 2683 τοῖς
1337 2628 1422 2693 μὲν
1451 2630 1731 2684 Ἰουδαίοιςρ

104 2719 403 2782 προσλαλῶν
434 2715 509 2764 καὶ
543 2712 656 2764 αὐτὸ
692 2712 748 2777 δὴ
784 2719 923 2764 τοῦτο
957 2713 1204 2777 σημαίνων
1236 2711 1419 2779 ἔφασκε
1450 2710 1698 2775 Ζητήσετέ

152 2855 187 2890 6.
212 2853 300 2900 ἔχει]
324 2858 360 2896 -Ι-
382 2853 442 2899 τὴν
464 2853 533 2889 Ed.
557 2852 668 2888 invito
694 2853 736 2887 E.
834 2852 942 2887 ἐποίοι
967 2852 1065 2897 prius
1091 2852 1274 2898 scriptum,
1302 2849 1427 2885 deinde
1453 2850 1559 2884 ἐποίει
1584 2862 1694 2885 manu

107 2902 228 2937 eadem
247 2902 290 2936 E.
588 2911 641 2935 11.
666 2914 722 2946 γρ.
740 2900 896 2945 ταράττει
914 2899 982 2934 Ed.
999 2910 1072 2944 mg.
1369 2908 1426 2943 23.
1451 2897 1632 2953 ακολουθεῖ
1649 2897 1693 2932 Ε.

108 2950 164 2984 28.
190 2949 243 2983 καὶ
261 2960 332 2983 om.
352 2947 394 2982 E.
