1971 3272
79 142 164 182 viii.
185 156 249 197 29.
333 146 405 185 IN
449 146 491 186 S.
526 146 863 186 JOANNEM.
928 147 1050 186 12113.
1080 147 1127 186 V.
1190 148 1322 187 (ἈΙ).
1352 149 1399 186 Υ.
1608 152 1662 187 40

79 252 159 301 οὖν
186 253 233 302 ἐν
259 252 408 322 τούτῳ
437 260 629 316 νοοῦμεν
653 254 706 305 τὸ
733 256 837 317 μεθ’
872 256 999 318 ἡμῶν
1025 257 1050 305 ὁ
1079 254 1220 316 Θεὸς,
1252 258 1353 305 ἀντὶ
1381 262 1463 305 τοῦ
1490 261 1551 308 εἷς
1577 256 1661 319 τὴν

78 333 223 397 αὐτὴν
262 335 371 397 ἡμῖν
409 336 573 400 γέγονε
618 336 767 405 φύσιν
807 339 831 386 ὁ
873 338 920 386 ἐκ
964 341 1090 387 Θεοῦ
1132 341 1208 387 καὶ
1252 335 1442 402 Πατρὸς
1486 337 1658 402 Λόγος,

77 416 198 466 οὕτω
231 418 429 468 κάνθοίδε
466 418 551 481 τὴν
578 418 689 481 ’ίσην
715 424 810 471 τοῖς
846 417 1149 484 θεωρήμασιν
1175 420 1435 483 ἀναλογίαν
1461 419 1660 469 ἀποσώ-

78 495 230 561 ζοντες
258 497 370 549 ὅταν
396 498 511 566 λέγῃ
538 498 752 565 Χριστός
776 499 834 550 ‘O
866 496 1073 568 πεμψας
1109 524 1168 566 με
1204 503 1298 567 μετ’
1328 502 1429 567 ἐμεῦ
1463 502 1554 551 ἐστι
1587 510 1662 551 καὶ

35 588 57 626 5
80 581 154 629 οὐκ
194 579 353 648 α’φῆκέ
383 604 442 646 με
480 585 613 648 μόνον,
654 581 936 650 ἐκδεξάμεθα
975 586 1148 649 σαφῶς
1187 583 1329 632 ἐκεῖνο
1369 583 1664 644 σημαίνοντα

77 665 330 723 μυστικῶς,
363 661 447 723 ὅτι,
477 661 688 727 καθάπερ
728 664 815 727 ἤδη
853 664 1158 728 προείπομεν,
1186 667 1247 716 εἷς
1286 662 1371 726 τὴν
1408 663 1552 726 αὐτήν
1585 687 1664 725 μοι

78 741 228 809 φύσιν
265 745 396 794 ἐστὶν
435 745 459 793 ὁ
500 743 621 797 Θεὸς
665 746 740 794 καὶ
782 744 963 810 Πατὴρ,
1008 751 1083 795 καὶ
1127 748 1201 795 οὐκ
1241 745 1397 814 α’φῆκέ
1431 768 1488 811 με
1527 746 1662 811 μόνον.

78 825 152 873 καὶ
197 823 290 890 γὰρ
330 824 386 888 ἧν
426 825 572 879 ὅντως
616 826 873 893 ἀμήχανον,
915 825 980 889 μὴ
1028 827 1131 893 οὐχὶ
1173 826 1361 879 πάντως
1407 827 1526 893 ἔχειν
1566 830 1661 894 μετ’

79 906 269 972 ἐμαυτοῦ
295 905 377 957 τὸν
404 908 459 976 ἐξ
483 908 536 958 οῦ
562 909 844 973 γεγέννημαι
871 907 996 958 Θεὸν
1023 910 1098 958 καὶ
1128 908 1335 974 Πατέρα.
1681 929 1702 954 C

5 995 59 1027 '10
155 989 249 1038 Καὶ
287 989 402 1043 ἰ’σως
440 991 533 1053 ἐρεῖ
569 1012 636 1043 τις
680 995 754 1040 καὶ
797 989 1071 1056 διερωτήσει
1114 990 1529 1058 φιλομαθέστερον
1568 990 1664 1040 Διά

78 1070 218 1120 ποίαν
257 1071 407 1121 αἰτίαν
446 1070 583 1124 αὐτὸς
628 1071 687 1122 τὰ
731 1070 922 1122 τοιαῦτά
965 1075 1118 1139 φησιν
1158 1073 1182 1122 ὁ
1226 1071 1407 1137 Σωτὴρ,
1447 1070 1474 1135 ἢ
1521 1073 1569 1122 τί
1609 1071 1663 1122 τὸ

78 1151 295 1205 πεπεικὸς
329 1155 402 1203 ἐπὶ
437 1151 612 1216 ταύτην
639 1152 781 1203 αὐτὸν
808 1154 920 1204 ἱέναι
953 1151 1038 1216 τὴν
1065 1152 1324 1221 ἐξήγησινς

156 1231 286 1299 Πρὸς
313 1233 369 1298 δὴ
395 1234 454 1284 τὰ
480 1241 673 1285 τοιαῦτα
699 1237 772 1285 καὶ
806 1234 934 1297 ἡμεῖς
971 1233 1391 1299 ἀπολογησόμεθα,
1420 1236 1666 1301 χρησίμως

80 1316 154 1365 καὶ
195 1317 461 1380 ἀναγκαίως
501 1316 833 1369 ἐπιδεικνύντες
872 1315 1013 1367 αὐτὸν
1051 1322 1145 1370 τοῖς
1188 1316 1276 1381 ἤδη
1317 1317 1667 1383 προειρημένοις

12 1406 58 1444 15
80 1396 340 1447 ἐπιτιθέντα
379 1399 454 1447 καὶ
493 1403 648 1447 τοῦτο.
715 1396 871 1461 ἐπειδὴ
908 1396 1000 1463 γὰρ
1037 1397 1213 1463 εἴρηκεν
1240 1397 1310 1448 ὅτι
1337 1405 1362 1426 “
1384 1398 1536 1450 καθὼς
1570 1397 1660 1448 ἐδί-
1727 1398 1864 1472 ῗέῐξηζᾶ

80 1485 108 1507 “
135 1478 254 1547 δαξέ
281 1502 338 1542 με
375 1479 399 1528 ὁ
429 1478 598 1545 Πατὴρ
634 1485 783 1530 ταῦτα
819 1481 1006 1540 λαλῶ,”
1036 1480 1302 1545 ἀναγκαίως
1336 1479 1425 1544 ἤδη
1460 1480 1668 1530 συνόντα

80 1583 129 1610 τε
156 1562 232 1611 καὶ
259 1561 513 1623 ὃμοούσιον
539 1562 687 1629 ἑαυτῷ
720 1562 912 1611 δεικνύει
943 1560 1026 1612 τὸν
1055 1561 1262 1627 Πατέρα,
1288 1562 1364 1612 ἵνα
1387 1561 1668 1626 πιστεύηται

81 1641 251 1693 λοιπὸν
278 1642 336 1693 τὰ
367 1643 539 1694 ἐκείνου
571 1646 737 1693 λαλῶν
764 1645 826 1697 ὡς
853 1643 972 1697 Θεὸς
1009 1642 1069 1693 τὰ
1104 1644 1153 1693 ἐκ
1181 1647 1319 1705 Θεοῦ,
1347 1645 1423 1693 καὶ
1458 1642 1553 1694 ἀπό
1587 1647 1715 1707 τῆςά

81 1727 286 1792 φυσικῆς
324 1731 407 1775 τοῦ
446 1723 764 1790 γεννήσαντος
805 1724 1032 1789 ἰδιότητος
1072 1727 1147 1776 ἐπὶ
1186 1725 1240 1776 τὸ
1276 1725 1430 1790 λέγειν
1464 1724 1523 1776 τὰ
1558 1729 1665 1776 θεο-

13 1827 62 1852 20
80 1809 235 1872 πρεπῆ
269 1807 653 1873 παρορμώμενος,
681 1811 979 1873 καθαπεροῦν
1012 1806 1073 1857 τὰ
1111 1807 1374 1872 ἀνθρώπων
1403 1807 1541 1858 τέκνα
1580 1807 1669 1870 μοί-

81 1888 224 1952 θησίν
250 1911 355 1939 τινα
388 1888 519 1955 παρὰ
554 1892 637 1952 τῆς
673 1888 865 1956 φύσεως
899 1890 1147 1940 ἀδίδακτον
1174 1890 1356 1956 ἔχοντα,
1384 1889 1595 1956 καθάπερ
1622 1892 1670 1940 ἐν

81 1973 178 2023 τοῖς
204 1969 419 2036 ἀνωτέρω
453 1970 809 2037 προειρήκαμεν,
835 1968 956 2021 οἶδεν
984 1972 1174 2034 άληθῶς
1207 1969 1266 2021 τὰ
1299 1974 1381 2034 τῆς
1416 1971 1663 2037 ἀνθρωπό-
1731 1973 1866 2045 32Ἧῇῗο

80 2074 220 2115 τητος
270 2051 379 2102 ἴδια.
455 2053 508 2102 οὐ
559 2052 942 2103 σκανδαλιστεόν
987 2058 1256 2118 τοιγαροῦν,
1307 2052 1420 2103 ὅταν
1463 2075 1508 2102 τι
1552 2054 1671 2121 λέγῃ
1732 2034 1748 2055 ³

81 2137 246 2196 μαθεῖν
271 2133 402 2199 παρὰ
436 2140 520 2184 τοῦ
555 2132 746 2200 Πατρὸς
783 2135 806 2184 ὁ
833 2135 964 2187 Υἱός·
1011 2135 1064 2184 οὐ
1099 2133 1192 2199 γὰρ
1227 2133 1302 2184 διὰ
1335 2133 1510 2197 ταύτην
1537 2134 1671 2185 ε”σται

15 2230 62 2268 25
83 2214 168 2278 τὴν
215 2216 367 2266 αἰτίαν
418 2214 630 2266 ἐλάττων
675 2217 831 2278 αὐτοῦ,
877 2217 986 2266 ἀλλ’
1036 2214 1140 2265 οὐδὲ
1191 2215 1399 2283 ε”κφυλός
1449 2238 1519 2269 τις
1571 2217 1668 2266 κατ’

82 2297 279 2350 ἐκείνους
306 2297 627 2363 εὑρεθήσεται·
671 2299 747 2348 καὶ
774 2301 998 2366 λογισμῷ
1023 2300 1185 2366 τοιῷδε
1212 2296 1266 2347 τὸ
1293 2302 1495 2363 πρᾶγμα
1521 2321 1666 2348 κατα-

83 2377 396 2445 σκεψώμεθα.
451 2380 505 2429 οὐ
533 2378 625 2444 γὰρ
652 2380 700 2429 ἐν
726 2383 792 2448 τῷ
820 2378 983 2429 εἰδέναι
1018 2401 1062 2429 τι
1099 2378 1257 2445 τυχὸν,
1285 2378 1312 2443 ἢ
1350 2378 1413 2442 μὴ
1449 2378 1612 2429 εἰδέναι
1648 2381 1710 2429 ὁθ

83 2461 166 2522 τῆς
206 2460 370 2513 οὐσίας
409 2459 701 2526 δοκιμάζεται
741 2460 902 2526 λόγος,
931 2462 1041 2511 ἀλλ’
1070 2462 1118 2511 ἐν
1144 2465 1210 2530 τῷ
1245 2462 1293 2511 τί
1324 2461 1527 2511 ἕκαστον
1553 2460 1673 2510 κατὰ

85 2539 236 2607 φύσιν
287 2542 436 2592 ἐστίν·
504 2541 602 2592 οἷον
655 2542 767 2610 φέρε
825 2545 965 2593 εἰπεῖν
1017 2546 1214 2595 Παῦλος
1273 2542 1539 2593 ὑποκείσθω
1596 2543 1671 2591 καὶ

16 2630 67 2667 30
86 2621 366 2676 Σιλουανός·
438 2625 514 2673 καὶ
570 2625 594 2674 ὃ
652 2623 736 2687 μὲν
777 2627 974 2677 Παῦλος
1030 2623 1150 2674 ἰ’στω
1208 2626 1282 2673 καὶ
1338 2621 1671 2673 πεπαιδεύσθω

85 2703 272 2756 τελείως
298 2703 353 2753 τὸ
380 2705 454 2754 ἐπὶ
480 2707 681 2773 Χριστῷ
714 2704 994 2770 μυστήριον·
1037 2703 1241 2754 ἔλαττον
1268 2703 1323 2753 δέ
1352 2726 1451 2756 πως
1488 2701 1516 2765 ἢ
1553 2703 1671 2753 κατὰ

135 2858 169 2881 2.
195 2847 249 2881 καὶ
267 2860 336 2882 om.
357 2860 387 2882 a.
594 2861 626 2890 4.
652 2863 694 2891 με
712 2854 935 2893 assumptum
954 2860 995 2882 ex
1014 2860 1044 2881 a.
1259 2859 1312 2883 11.
1337 2847 1453 2892 αὐτὸς]
1474 2850 1492 2882 ὁ
1510 2848 1610 2883 αὐτὸς
1628 2847 1671 2882 Β.

92 2894 146 2928 18.
172 2894 208 2928 ἐκ
228 2906 298 2928 om.
316 2906 346 2928 a.
585 2905 640 2928 20.
667 2895 877 2939 καθαπεροῦν
896 2895 936 2929 B.
957 2895 1105 2938 καθάπερ
1125 2895 1243 2929 Holst.
1264 2894 1329 2929 Ed.
1417 2894 1476 2940 τὰ]
1500 2899 1536 2935 -1-
1558 2898 1624 2929 τῶν
1641 2906 1671 2928 a.

89 2951 147 2974 21.
171 2939 412 2976 αὐτοδίδακτον
430 2953 460 2976 a.
481 2941 557 2976 Cat.
580 2941 680 2975 Harl.
825 2941 879 2975 26.
905 2941 1209 2986 παρασκεψώμεθα
1229 2942 1362 2986 Migne.

145 3006 238 3035 VOL.
261 3008 310 3035 ΙΙ.
854 3008 883 3035 H
