2022 3272
140 127 226 168 xiii.
247 130 314 184 36.
512 129 586 170 IN
629 130 672 170 S.
706 128 1049 170 JOANNEM.
1114 129 1238 169 LIB.
1274 130 1351 169 IX.
1649 128 1727 167 391

140 236 375 302 δεστέρων
406 239 482 288 καὶ
521 237 901 303 ἀναγκαιοτέρων
937 239 1131 302 ἀγαθῶν
1161 239 1464 298 ἐκπίπτοντα,
1491 236 1728 297 τουτέστι,
1752 249 1778 289 (1

139 315 193 367 τὸ
240 316 305 381 μὴ
358 319 540 369 διώκειν
581 317 701 369 κατὰ
749 317 953 369 σκοπόν·
1022 316 1115 368 οῖδε
1157 318 1205 368 δὲ
1251 320 1373 368 οὕτω
1418 317 1504 381 τὴν
1544 316 1733 382 ἀγάπην

139 398 352 466 καθάπερ
390 399 494 450 τινὰ
529 400 759 466 κορωνίδα
793 399 974 453 πάσαις
1010 401 1273 450 ἐπικεῖσθαι
1310 404 1411 452 ταῖς
1445 400 1643 465 ἀρεταῖς,
1672 400 1734 450 ὡς

139 483 216 531 καὶ
265 480 510 532 κάλλιστα
558 483 666 547 περὶ
716 482 858 545 αὐτῆς
910 480 1319 549 φιλονεικήσαντα
1370 480 1527 546 λέγειν
1578 487 1605 508 “
1629 477 1734 529 Κάν
1796 485 1940 568 {5021

98 565 121 603 5
140 568 167 591 “
192 563 405 631 ψωμίσω
431 562 589 614 πάντα
621 562 679 613 τὰ
711 562 985 630 ὑπάρχοντά
1019 585 1124 626 μου,
1151 561 1239 614 κάν
1266 565 1465 628 παραδῶ
1500 561 1554 612 τὸ
1590 560 1734 624 σῶμά
1856 553 1862 559 ”
1900 552 1907 566 ’
1948 551 1954 559 Ι

142 651 169 674 “
193 667 284 708 μου
308 645 384 695 ἵνα
409 644 724 709 καυθήσομαι,
753 643 944 710 ἀγάπην
971 644 1019 696 δὲ
1046 643 1110 709 μὴ
1139 645 1247 713 ἔχω,
1276 644 1408 696 οὐδὲν
1437 647 1729 713 ὠφελοῦμαι·

142 732 169 755 “
196 724 276 777 ἐὰν
311 732 412 780 ταῖς
451 727 703 792 γλώσσαις
742 731 837 778 τῶν
871 727 1135 792 ἀνθρώπων
1171 731 1309 777 λαλῶ
1343 728 1419 777 καὶ
1455 731 1549 777 τῶν
1584 723 1730 791 ἀγγέ-

142 814 170 838 “
195 815 310 871 λων,
337 807 530 874 ἀγάπην
557 807 606 859 δὲ
631 807 697 873 μὴ
725 809 830 876 ἔχω,
858 809 1033 874 γέγονα
1059 809 1240 876 χαλκὸς
1266 809 1397 876 ἠχῶν
1424 807 1452 873 ἣ
1485 808 1734 872 κύμβαλον
1753 826 1774 853 e

142 895 169 919 ‘⁶
194 889 484 956 ἀλαλάζον.”
539 890 805 956 πρόσωπον
846 891 928 941 οὖν
969 891 1061 956 ἆρα
1107 892 1183 940 καὶ
1227 890 1362 941 εἰκὼν
1405 891 1453 940 ἐν
1498 890 1606 954 ἡμῖν
1651 895 1735 941 τοῦ

76 980 124 1006 10
143 974 363 1038 Σωτῆρος
390 975 623 1039 Χριστοῦ,
649 975 732 1036 τῆς
757 971 944 1038 ἀγάπης
970 972 1024 1023 τὸ
1051 971 1286 1040 καύχημα.

335 1133 453 1181 ΛὲΓει
491 1133 609 1188 αὐτῷ
647 1133 794 1182 Σίμων
833 1134 996 1191 Πέτρος
1038 1133 1173 1191 Κύριε,
1211 1136 1292 1175 Ποῦ
1328 1133 1534 1185 finds-etQ
1756 1136 1804 1183 36

217 1248 542 1298 Φιλοπευστεῖ
583 1246 640 1312 δὴ
690 1247 840 1298 πάλιν
885 1249 935 1298 ἐκ
987 1247 1302 1316 φιλομαθείας
1351 1248 1376 1298 ὁ
1425 1247 1620 1311 Πέτρος,
1660 1245 1737 1295 καὶ

142 1328 489 1395 περιεργάζεται
515 1334 598 1380 τοῦ
624 1329 776 1395 λόγου
801 1328 887 1393 τὴν
913 1330 1122 1394 δύναμιν,
1149 1331 1306 1382 συνεὶς
1331 1327 1417 1393 μὲν
1444 1330 1589 1390 οὔπω,
1616 1325 1737 1377 κατὰ

142 1409 198 1460 τὸ
224 1409 358 1473 εἰκὸς,
386 1412 448 1464 ὡς
474 1410 567 1478 ε”χει
593 1410 647 1462 τὸ
679 1411 933 1477 εἰρημένον,
960 1411 1252 1478 θερμοτάτην
1277 1410 1427 1476 γεμὴν
1453 1413 1514 1463 εἷς
1551 1408 1606 1460 τὸ
1644 1412 1738 1459 δεῖν

77 1491 342 1543 Ῑ5ἕπεσθαι
381 1496 448 1560 τῷ
486 1496 688 1562 Χριστῷ
728 1492 816 1556 τὴν
853 1493 1121 1559 προθυμίαν
1162 1493 1410 1561 εἰσφέρων.
1473 1493 1549 1542 καὶ
1594 1490 1731 1560 ἀξιά-
1754 1513 1776 1538 a
1809 1504 1892 1540 755
1907 1502 1957 1537 A.

142 1596 325 1640 γαστος
359 1573 445 1638 μὲν
471 1575 520 1626 ἐν
545 1574 698 1644 τούτῳ
732 1579 828 1626 τῶν
854 1575 1132 1639 μαθητῶνὴ
1168 1574 1314 1643 τάξις.
1367 1574 1422 1625 οὐ
1455 1572 1550 1639 γὰρ
1586 1574 1737 1638 δήπου

144 1655 262 1724 φαίη
288 1679 358 1709 τις
385 1654 456 1719 ἂν,
477 1656 549 1708 ὅτι
574 1661 669 1708 τῶν
694 1657 864 1723 ἑτέρων
890 1656 1142 1720 συνέντων,
1162 1656 1307 1724 τυχὸν
1332 1655 1476 1720 μόνος
1502 1654 1737 1721 ἠγνόησεν

145 1737 170 1787 ὁ
207 1738 598 1804 προτεταγμένος,
630 1737 706 1790 διά
743 1761 793 1789 τε
831 1744 970 1790 τοῦτο
1010 1740 1250 1805 διερωτᾶν.
1307 1742 1650 1805 παραχωροῦσι
1689 1735 1737 1787 δὲ

144 1823 337 1883 μᾶλλον
363 1821 425 1873 ὡς
451 1821 712 1887 προῦχοντι
737 1818 792 1871 τὸ
819 1818 1141 1888 κατάρχεσθαι
1167 1819 1335 1885 λόγου,
1363 1821 1439 1871 καὶ
1468 1819 1737 1885 παῤῥησίας

78 1918 129 1944 20
145 1903 228 1964 τῆς
265 1902 314 1951 ἐν
350 1905 418 1970 τῷ
458 1901 864 1953 διαπυνθάνεσθαί
895 1906 1035 1970 φημι.
1105 1899 1160 1952 τὸ
1201 1900 1295 1967 γὰρ
1336 1905 1399 1954 εἷς
1443 1898 1737 1951 διδασκάλου

146 1987 314 2033 λαλεῖν
343 1981 505 2045 ἀκοὰς,
536 1982 640 2033 οὐδὲ
678 1988 775 2036 τοῖς
813 1980 934 2033 εἶναι’
968 2005 1013 2033 τι
1051 1985 1287 2045 δοκοῦσιν,
1315 1983 1571 2033 ἀκίνδυνον.
1624 1984 1737 2031 θαυ-

145 2063 331 2128 μαστὸς
367 2062 417 2115 δὲ
454 2063 587 2116 οὐδὲν
617 2064 758 2128 ἧττον
793 2065 818 2114 ὁ
852 2064 1049 2130 Πέτρος,
1082 2065 1166 2114 οὐκ
1204 2066 1330 2115 αἰδοῖ
1363 2069 1446 2115 τοῦ
1484 2063 1549 2128 μὴ
1589 2066 1782 2113 δοκεῖνὶ)

146 2143 261 2196 εἶναι
295 2144 446 2210 νωθὴς
483 2144 569 2211 τὴν
603 2145 784 2210 εἴδησιν
819 2150 913 2196 τῶν
948 2145 1274 2212 ἀγνοηθέντων
1300 2145 1593 2212 ζητούμενος,
1623 2144 1734 2194 ἀλλ’

146 2225 259 2296 ὀξὺς
283 2229 357 2279 ἐπὶ
384 2227 436 2279 τὸ
463 2230 634 2295 χρῆναι
659 2231 938 2296 σοφοῦσθαι
963 2225 1154 2294 τρέχων,
1181 2229 1256 2278 καὶ
1287 2227 1515 2295 αἰσχύνης
1546 2225 1738 2292 ἀκαίρου

81 2327 129 2366 25
148 2310 388 2376 κρείττονα
422 2307 508 2373 τὴν
542 2310 592 2360 ἐκ
628 2312 711 2373 τῆς
751 2309 1065 2378 φιλομαθείας
1104 2307 1272 2373 ὄνησιν
1303 2308 1636 2373 ποιησάμενος,
1662 2307 1739 2358 ἵνα

147 2391 293 2444 τύπος
332 2395 428 2444 τοῖς
464 2392 569 2454 μεθ’
597 2390 763 2442 ἑαυτὸν
789 2392 877 2441 κάν
907 2390 1059 2460 τούτῳ
1094 2390 1297 2457 γένηται.
1357 2393 1452 2441 δεῖν
1481 2389 1575 2457 γὰρ
1611 2387 1739 2453 οἶμαι

148 2471 213 2535 μὴ
238 2471 549 2539 παρατρέχειν
574 2474 654 2522 ἐᾶν
679 2470 788 2526 τοὺς
821 2477 916 2523 τῶν
942 2472 1266 2523 διδασκόντων
1291 2471 1487 2537 λόγους,
1517 2471 1644 2537 ε’ίπερ
1680 2469 1739 2520 ἂν

148 2551 238 2603 εῖεν
265 2553 318 2603 οὐ
352 2551 546 2620 σφόδρα
580 2556 766 2620 σαφεῖς,
793 2553 868 2603 ἵνα
903 2552 1022 2606 τινὲς
1058 2551 1174 2603 εἶναι
1211 2555 1420 2615 δοκῶμεν
1460 2553 1648 2619 ἀγχίνοι
1686 2573 1737 2601 τε

148 2635 258 2685 λίαν
297 2635 371 2684 καὶ
417 2635 593 2698 δριμεῖς
636 2637 699 2686 εἷς
740 2634 951 2684 σύνεσιν·
1002 2633 1405 2684 διαπυνθάνεσθαι
1450 2632 1498 2683 δὲ
1545 2637 1737 2696 μᾶλλον

82 2739 132 2775 30
149 2718 224 2768 καὶ
262 2714 603 2766 ἀνασκαλεύειν
640 2712 967 2778 ἐπιστημόνως
1005 2713 1059 2764 τὸ
1097 2715 1146 2764 ἐν
1185 2716 1309 2781 ἀρχῇ
1349 2712 1644 2781 παραδεχθέν
1675 2717 1778 2767 εἷςο

150 2797 332 2862 ὄνησιν.
406 2795 532 2848 πολὺ
588 2796 681 2862 γὰρ
731 2796 932 2858 ἀμείνων
983 2795 1010 2858 ἦ
1057 2800 1140 2845 τοῦ
1184 2794 1512 2864 συμφέροντος
1561 2799 1738 2861 γνῶσις

730 2930 763 2960 4.
789 2916 1100 2962 φιλοσοφήσαντες
1119 2917 1160 2951 Ε.
