1971 3272
141 118 369 174 xi.45-48.
418 120 486 161 IN
521 120 563 161 S.
587 120 756 161 JOAN.
822 119 1057 160 LIB.VII.
1122 120 1506 160 FRAGMENTA.
1644 120 1727 159 293

142 264 303 305 Πολλοὶ
341 262 413 306 οὖν
446 266 493 307 ἐκ
531 266 616 308 τῶν
639 265 861 309 Ἰουδαίων
893 264 930 307 οἱ
969 267 1169 309 ἐλθόντες
1207 266 1315 322 Πρὸς
1357 266 1428 307 τιὶν
1454 265 1627 321 Μαρίαν
1660 265 1727 305 καὶ
1750 276 1799 314 45

208 350 467 398 θεασάμενοι
500 350 522 393 ὂ
558 349 761 392 &troium-:v
790 350 812 392 ὁ
841 350 1008 390 ἸΗοοῦς
1042 348 1296 390 ἐπίστευσαν
1324 347 1383 390 εἷς
1420 348 1567 391 αὐτόν.
1616 347 1727 388 τινὲς
1750 349 1797 393 46

208 430 253 471 δὲ
289 431 334 474 ἐξ
368 432 510 474 αὐτῶν
537 432 731 473 ἀπῆλθον
763 432 869 489 Πρὸς
904 432 1004 474 τοὺς
1032 431 1291 489 Φαρισαίους
1327 431 1395 473 καὶ
1430 427 1551 472 εἶτ-ιον
1583 428 1728 473 αὐτοῖς

205 514 227 555 ὂ
265 514 467 556 &nomm-:v
506 515 528 557 ὁ
560 516 742 557 ἸΗσοῡς.

96 639 118 677 5
213 631 296 697 Τῷ
333 627 591 698 παραδόξῳ
631 628 890 693 νικηθέντες
929 633 1096 680 πολλοὶ
1135 629 1529 680 πεπιστεύκασιν·
1581 628 1727 694 ἕτεροι

139 709 187 761 δὲ
222 714 289 779 τῷ
325 709 489 780 φθόνῳ
523 711 793 777 τρωθέντες,
825 710 1048 779 ἀφορμὴν
1082 717 1324 763 ποιοῦνται
1359 710 1412 762 τὸ
1451 715 1609 773 θαῦμα
1644 715 1728 761 τοῦ

138 791 312 858 δράσαι
339 791 396 843 τὰ
422 797 516 844 τῶν
543 792 863 861 φθονούντων,
891 796 967 844 καὶ
993 798 1090 847 τοῖς
1117 793 1390 859 ἡγουμένοις
1424 792 1726 858 ἀπήγγειλαν

137 873 192 924 τὸ
230 874 439 941 γεγονὸς,
473 875 548 925 ἵνα
587 876 812 926 κάκείνων
849 876 1157 939 λυπηθέντων
1194 876 1266 944 ἐφ’
1300 874 1368 929 οἷς
1405 875 1661 941 εἰργάσατο
1701 876 1726 926 ὁ

137 956 366 1022 Χριστὸς,
395 957 563 1024 σχῶσί
596 980 700 1008 τινα
737 957 1034 1026 παραψυχὴν
1069 960 1151 1022 τῆς
1189 958 1306 1012 ἰδίας
1344 956 1513 1022 λύπης,
1545 960 1611 1027 τῷ
1650 959 1727 1008 καὶ

71 1062 118 1087 10
137 1038 319 1093 ἄλλους
352 1038 473 1106 ἔχειν
500 1038 772 1107 ὁμόφρονας
806 1041 881 1091 καὶ
915 1038 1266 1106 συγκοινωνοῦς
1300 1042 1382 1104 τῆς
1416 1038 1726 1108 παράφρονος

136 1121 307 1185 ταύτης
334 1120 504 1186 λύπης·
543 1123 618 1171 καὶ
644 1122 718 1172 ἵνα
745 1122 877 1172 αὐτοὶ
902 1120 967 1186 μὴ
996 1121 1242 1190 ἰσχύοντες
1267 1121 1464 1189 βλάψαι
1490 1120 1573 1172 τὸν
1593 1120 1725 1172 οὐδὲν
1742 1147 1764 1174 o

137 1202 442 1267 ἀδικήσαντα,
468 1202 576 1257 τοὺς
602 1203 947 1270 δυνατωτέρους
974 1205 1074 1255 κατ’
1103 1205 1247 1255 αὐτοῦ
1273 1204 1544 1270 ἐρεθίσωσι.

138 1358 384 1406 ΣυνύΓαι-ον
434 1355 508 1399 οὖν
552 1355 591 1399 οἷ
639 1355 853 1415 ἀρχιερεῖς
903 1358 973 1400 καὶ
1021 1357 1059 1399 οἷ
1108 1355 1339 1416 Φαρισαῖοι
1387 1358 1608 1415 συνέδριον
1654 1358 1789 1409 καὶ47

203 1441 353 1488 ἕλει-ον
390 1440 442 1482 Τί
485 1443 687 1490 Ποιοῦμεν
736 1442 801 1483 ὅτι
849 1442 871 1484 ὀ
921 1442 1152 1499 ἅνθρωπος
1201 1440 1326 1484 οὗτος
1375 1439 1530 1491 σΗμεῖα
1579 1443 1720 1482 Πολλὰ

70 1534 118 1574 15
204 1523 345 1576 nou-:3⁸5
400 1524 476 1565 ἐὰν
519 1524 702 1580 ἀφῶμεν
746 1524 875 1566 αὐτὸν
920 1526 1073 1576 οὕτως,
1116 1525 1273 1566 Πάντες
1326 1526 1618 1567 ιτιοτεύοουοιν
1661 1523 1720 1566 εἰς
1740 1533 1788 1578 48

203 1607 346 1649 αὐτόν·
403 1606 472 1648 καὶ
520 1607 772 1650 ἐλεύσονται
814 1606 853 1649 οἷ
889 1606 1103 1658 εΡωμαῖοι
1147 1608 1216 1650 καὶ
1264 1608 1441 1666 ἀροῦσιν
1486 1609 1608 1659 ἡμῶν
1653 1608 1723 1650 καὶ

202 1689 275 1732 τὸν
312 1691 443 1733 τόπον
483 1690 551 1731 καὶ
588 1691 637 1733 τὸ
672 1690 811 1733 ἔθνος.

208 1803 404 1868 Ἀμέλει
440 1807 515 1856 καὶ
555 1808 597 1856 οἱ
635 1803 720 1869 μὲν
748 1808 1003 1872 Φαρισαῖοι
1040 1803 1096 1856 τὸ
1135 1805 1385 1873 θαυμάζειν
1414 1805 1624 1875 ἀφέντες,
1650 1807 1725 1857 ἐπὶ

135 1884 190 1937 τὸ
217 1891 474 1938 λυπεῖσθαι
509 1887 772 1953 τρέπονται,
799 1888 876 1938 καὶ
911 1886 1118 1938 θανάτου
1153 1887 1296 1938 αὐτὸν
1321 1890 1564 1954 κρείττονα
1599 1887 1720 1949 βλέ·

69 1988 119 2015 20
136 1991 318 2031 ποντες,
345 1969 613 2020 ἀποκτεῖναι
650 1967 974 2030 βουλεύονται,
1002 1969 1085 2019 οὐκ
1119 1970 1384 2023 ἐννοοῦντες
1419 1969 1506 2035 τὴν
1536 1970 1724 2039 ἄφατον

137 2050 374 2119 ἐξουσίαν,
401 2052 464 2104 ὡς
488 2051 595 2116 περὶ
620 2049 872 2116 ἀνθρώπου
898 2049 947 2101 δὲ
974 2053 1126 2119 ψιλοῦ
1151 2051 1430 2115 ἐννοοῦντες,
1448 2050 1654 2103 ἐλάλουν
1670 2053 1728 2103 Τί
1743 2064 1771 2106 d

136 2134 339 2201 ποιοῦμεν
364 2132 425 2183 ’ὁτι
454 2138 471 2184 ὁ
499 2130 718 2201 ἄνθρωπος
745 2131 863 2187 οὗτος
890 2130 1055 2183 πολλέο
1082 2136 1246 2201 σημεῖα
1273 2137 1415 2195 ποιεῖς
1447 2135 1594 2185 καίτοι
1620 2134 1726 2185 δεόν

136 2215 187 2265 ἐκ
222 2214 391 2265 τούτου
426 2217 617 2278 μᾶλλον
643 2219 903 2265 πιστεῦσαι
940 2213 1011 2264 ὅτι
1048 2213 1186 2269 αὐτὸς
1219 2213 1279 2279 ἦν
1305 2216 1330 2266 ὁ
1363 2215 1590 2282 Χριστὸς,
1617 2213 1724 2279 ὃνὴ

137 2295 451 2350 θεόπνευστος
476 2294 641 2364 γραφὴ
668 2297 717 2347 ἐν
743 2300 946 2349 πολλοῖς
971 2296 1391 2365 προανεφώνησεν,
1418 2297 1489 2348 ὅτι
1522 2302 1726 2349 πολλῶν

69 2370 347 2442 25σημείων
373 2378 508 2429 ἔσται
544 2377 843 2445 δημιουργός.
896 2382 939 2429 οἱ
968 2377 1017 2429 δὲ
1044 2381 1119 2429 καὶ
1145 2380 1297 2430 αἰτίαν
1322 2382 1720 2448 προφασίζονται,

136 2460 193 2510 δι’
222 2460 277 2524 ἧς
301 2461 551 2526 ἐπειρῶντο
576 2464 739 2511 πεῖσαι
765 2459 873 2514 τοῦς
898 2460 1245 2529 ἐλαφροτέρους
1271 2463 1540 2513 ἀποκτεῖναι
1567 2462 1723 2526 αὐτὸν,

136 2542 218 2592 καί
251 2545 405 2610 φασιν
436 2539 542 2593 Ἐἒιν
579 2540 795 2605 ἐάσωμεν
833 2539 960 2593 οιύτόν
1000 2541 1142 2606 οὕτως,
1183 2544 1287 2594 ἀντὶ
1324 2549 1421 2607 τοῦ,
1460 2542 1611 2609 ζῶντα
1648 2545 1725 2595 καὶ

190 2698 218 2720 1.
247 2686 345 2720 οἶ-ὁ
362 2684 496 2729 Ἰησοῦς
512 2684 631 2719 addidi
649 2697 689 2719 ex
707 2697 737 2720 a.
739 2686 777 2720 k.
1067 2697 1145 2729 2—4.
1171 2687 1324 2722 τινες-ὁ
1339 2687 1474 2732 Ἰησοῦς
1491 2687 1609 2722 addidi
1626 2700 1668 2722 ex
1685 2688 1722 2723 k.

137 2734 275 2767 favente
292 2744 323 2767 a.
512 2743 565 2766 ΙΙ.
589 2732 724 2789 βλεψαι
742 2732 836 2766 Aub
1030 2743 1082 2777 13.
1110 2733 1471 2780 Συνήγαγον-ελεγον
1488 2735 1606 2769 addidi
1624 2747 1665 2769 ex
1684 2736 1721 2770 k.

139 2780 267 2814 Statim
284 2779 461 2813 Τι’-ποιεῖ
477 2778 616 2812 retinui.
635 2778 676 2812 Τι’
690 2778 877 2824 ποιήσομεν
893 2778 945 2812 ὅτι
962 2778 1060 2814 οὗτος
1076 2781 1094 2812 ὁ
1112 2780 1287 2823 ἅνθρωπος
1303 2782 1418 2814 πολλὰ
1436 2783 1559 2824 σημεῖα
1578 2784 1668 2816 ποιεῖ
1684 2783 1720 2816 k.

138 2826 265 2861 deinde
283 2825 482 2860 ἐὰν-ἔθνος
499 2824 619 2859 addidi
637 2836 679 2858 ex
696 2825 731 2860 k.
975 2826 1029 2860 18.
1055 2827 1086 2859 οἱ
1103 2840 1164 2869 μεν
1180 2838 1250 2860 om.
1270 2839 1301 2861 a.
1320 2827 1449 2862 habent
1468 2828 1544 2862 Cat.
1570 2829 1671 2863 Harl.
1689 2833 1724 2862 et

140 2873 269 2917 (prima
285 2884 392 2906 manu
411 2872 445 2905 in
465 2871 639 2913 rasuram)
659 2872 695 2906 k.
929 2882 985 2908 22.
1011 2871 1109 2908 οὗτος
1127 2873 1144 2907 ὁ
1161 2872 1361 2917 ἅνθρωπος
1354 2885 1493 2910 mverso
1511 2874 1634 2910 ordine
1651 2875 1722 2910 a.k.

141 2930 198 2965 27.
221 2916 410 2954 ’Edvak
418 2924 465 2953 Au
484 2917 559 2953 Cat.
581 2917 680 2953 Harl.
701 2917 768 2953 Ed
