2037 3266
289 149 374 189 376
692 146 741 186 B.
776 142 1051 185 CYRILLI
1094 139 1478 182 ALEXANDR.
1616 137 1702 177 xiii.
1722 149 1790 191 31,
1810 146 1876 190 32.

293 256 380 321 τὴν
418 257 565 310 οὕτως
602 254 798 306 ἀνόσιον
837 253 951 304 ἱέναι
987 250 1178 348 πρᾶξιν,
1219 248 1378 303 δεδιὼς
1419 245 1538 299 κατά
1577 269 1630 312 γε
1671 244 1725 296 τὸ
1764 242 1881 296 εἰκὸς

297 341 415 403 ὁμοῦ
453 342 511 406 τῇ
550 337 844 404 μεταγνώσει
883 358 958 386 και
995 333 1082 398 τὴν
1115 334 1164 383 ἐκ
1200 335 1282 396 τῆς
1319 330 1538 395 εὐλογιας
1576 327 1787 390 δύναμιν,
1819 323 1883 387 μὴ

299 421 392 487 ἄρα
429 443 531 474 πως
569 422 618 470 ἐν
644 424 703 487 τῇ
738 424 821 469 τοῦ
858 416 1113 482 ἀνθρώπου
1147 414 1315 481 καρδια
1354 411 1513 481 φωτὸς
1548 407 1887 475 ἀναλάμψασα

300 504 446 567 δικην,
492 504 807 568 ἀγαθουργεῖν
856 497 1088 564 ἀναπείσῃ
1138 495 1429 561 προελεσθαι
1480 497 1672 557 μᾶλλον
1722 486 1884 550 αὐτὸν,

301 584 449 649 ἠγουν
489 584 544 635 τὸ
587 583 811 652 φρόνημα
855 579 910 631 τὸ
952 577 1156 645 γνήσιον
1196 577 1369 643 ε’ντέκῃ,
1410 580 1477 644 τῶ
1521 575 1597 625 καὶ
1634 574 1931 639 προδοῦναι5

303 667 474 718 λοιπὸν
506 663 914 732 ἀναπεπεισμένῳ.

371 748 487 799 ΓΌτι
521 746 616 813 γὰρ
654 747 757 799 ε”θος
793 751 932 796 τοῦτο
967 742 1189 810 πράττειν
1216 743 1284 792 ἀεὶ
1311 739 1418 790 καθ’
1448 739 1579 802 ἡμῶν
1603 740 1670 806 τῷ
1696 735 1893 798 δαίμονι,

269 856 290 882 e
308 833 383 881 καὶ
410 828 486 881 διὰ
512 834 606 880 τῶν
631 831 678 879 ἐν
704 828 838 897 τύπῳ
868 825 1135 892 γεγονότων
1162 820 1461 890 γνωσόμεθα.
1517 818 1775 882 ἐποιήσατο
1809 813 1895 878 μὲν

309 912 400 979 γὰρ
429 910 519 963 ὑπὸ
546 916 679 978 χεῖρα
703 909 810 964 τοὺς
831 907 1084 960 Ἰουδαίους
1111 907 1135 956 6
1163 904 1340 971 Φαραὼ
1367 903 1464 954 κατ’
1488 900 1732 966 Αἰγύπτου
1759 897 1896 950 ὄντας

311 996 391 1058 ἔτι,
434 999 575 1062 πηλῷ
617 993 665 1044 δὲ
709 995 785 1043 καὶ
828 990 1049 1058 πλινθείᾳ
1094 990 1169 1039 καὶ
1211 993 1311 1041 ταῖς
1352 990 1446 1037 τῶν
1486 985 1636 1050 ἔργων
1675 980 1898 1046 ἀνάγκαις
1922 994 1970 1018 ¹0

311 1077 747 1143 ἐγκατατρύχεσθαι
791 1077 968 1139 πικρῶς
1011 1069 1235 1138 ἐπιτάξας
1280 1067 1462 1130 αὐτοὺς,
1501 1064 1664 1117 οὐδένα
1707 1085 1756 1113 τε
1800 1065 1900 1113 ταῖς

312 1159 430 1227 πρὸς
457 1158 619 1209 Oebv'
610 1157 817 1209 ικετείαις
847 1156 997 1206 ἐδίδου
1029 1152 1205 1219 καιρόν.
1260 1174 1335 1202 και
1370 1155 1487 1215 γοῦν
1513 1145 1632 1214 πρὸς
1666 1144 1775 1198 τοὺς
1808 1147 1902 1194 τῶν

92 1247 242 1277 Exod.v.

92 1301 112 1332 9
314 1244 465 1309 ε’ργων
491 1239 747 1293 ἐπιστάτας
769 1246 794 1268 “
814 1236 1119 1304 Βαρυνεσθω,
1138 1235 1276 1303 φησι,
1295 1232 1354 1283 τὰ
1380 1232 1496 1297 ἔργα
1521 1234 1616 1280 τῶν
1643 1225 1902 1292 ἀνθρώπων

316 1333 343 1356 “
369 1323 565 1386 τούτων,
606 1346 682 1374 και
733 1321 797 1385 μὴ
849 1339 1215 1386 μεριμνατωσαν
1266 1313 1427 1380 λόγοις
1477 1315 1636 1364 κενοῖς·
1640 1309 1663 1325 ”
1730 1307 1905 1373 λόγους

318 1429 475 1460 κενους
514 1405 754 1471 ὀνομάζων
788 1402 874 1466 τὴν
906 1405 967 1455 εἰς
1004 1398 1251 1464 ἐλευθεραν
1281 1396 1378 1465 ἕξιν
1410 1392 1679 1459 ἀναδρομὴν
1711 1393 1786 1442 καὶ
1820 1389 1905 1453 τὴν
1931 1406 1977 1444 15

99 1503 251 1540 '744A
280 1490 395 1540 εὶέπι
445 1511 595 1556 τουτῳ
647 1485 874 1551 διαπυρον
924 1481 1187 1545 ἐπιθυμίαν,
1229 1503 1305 1530 και
1354 1476 1436 1528 τὸν
1487 1478 1560 1527 ἐπι
1610 1477 1668 1542 τῇ
1719 1472 1908 1523 δουλεία

321 1574 508 1638 θρῆνον,
537 1593 612 1620 και
644 1592 730 1633 την
756 1570 829 1619 ἐπὶ
864 1570 959 1618 τῶν
987 1564 1265 1615 καλλιστων
1291 1581 1581 1626 προσευχήν.
1637 1578 1720 1607 ουκ
1753 1553 1911 1619 ἠγνόει

321 1676 414 1720 γαρ
467 1652 542 1703 διὰ
592 1654 675 1715 τῆς
725 1652 773 1700 ἐν
825 1648 1006 1700 τούτοις
1057 1647 1245 1712 σχολης
1297 1644 1351 1693 οὐ
1402 1638 1574 1706 μικρὰν
1623 1637 1910 1704 εὑρήσοντας

324 1736 502 1799 ὄνησιν.
570 1733 665 1784 ἀπὸ
717 1731 772 1795 δὴ
823 1735 917 1781 τῶν
969 1728 1131 1779 τύπων
1180 1727 1254 1777 ἐπι
1305 1747 1390 1787 την
1432 1727 1527 1773 τῶν
1577 1718 1913 1784 ἀληθεστέρων

326 1815 641 1883 θεωρηματων
693 1813 837 1866 ἰόντες
888 1812 1157 1906 ἐπιγνωσιν,
1203 1827 1538 1871 κατεπειγοντα
1588 1802 1782 1870 σφόδρα
1832 1799 1914 1851 τὸν
1936 1820 1985 1845 20

326 1903 542 1950 σατανᾶν
586 1895 848 1962 εὑρήσομεν
891 1893 1010 1959 πρὸς
1054 1891 1108 1941 τὸ
1154 1892 1325 1956 χρῆναι
1368 1885 1590 1952 πράττειν
1629 1883 1689 1934 τὰ
1732 1881 1917 1948 πονηρὰ

326 2005 435 2035 τους
459 1980 572 2031 εἵσω
597 1977 834 2030 πεσόντας
860 1998 954 2026 των
978 1974 1088 2039 παρ’
1118 1973 1261 2023 αὐτοῦ
1289 1968 1501 2030 δικτύων,
1529 1990 1605 2018 και
1640 1965 1917 2030 ὁλοκλήρως

328 2063 418 2128 ἤδη
445 2059 814 2129 κεκρατημένους
842 2060 905 2111 εἷς
931 2054 1191 2121 ὑπουργίαν
1217 2057 1313 2103 τῶν
1338 2049 1640 2117 ἀρεσκόντων
1665 2048 1806 2115 αὐτῷ.

265 2241 430 2328 31ῐ“Ὀτε
478 2238 551 2281 οὖν
598 2238 765 2288 ἐξῆλθε,
808 2237 920 2283 λέΓει
969 2234 991 2275 ὁ
1034 2233 1197 2274 ἸΗσοῦο
1249 2231 1326 2270 Νῦν
1375 2228 1588 2271 ἐδοξάσθΗ
1639 2227 1662 2269 ὁ
1711 2223 1800 2266 υἱὸς
1849 2226 1922 2265 τοῦ

300 2303 315 2328 J

267 2359 314 2395 32
403 2321 648 2378 ἀνθρωττοι),
681 2319 745 2360 καὶ
777 2319 800 2362 ὁ
833 2317 942 2359 Θεὸς
978 2316 1191 2357 ἑὸοὲάσΘΗ
1223 2313 1268 2353 ἐν
1302 2312 1430 2364 αὐτῷ.
1486 2310 1553 2350 καὶ
1585 2309 1713 2350 αὐτὸς
1749 2307 1993 2356 &idm-:125

403 2405 532 2447 αὐτὸν
568 2405 613 2445 ἐν
652 2404 805 2456 ἑαυτῷ,
842 2400 905 2442 καὶ
945 2399 1068 2441 εὐθὺς
1106 2397 1279 2440 δοξάσει
1317 2395 1460 2436 αὐτόν.

400 2518 593 2587 ’Έξεισι
619 2541 704 2580 μεν
730 2518 754 2567 6
780 2514 1016 2581 προδότης
1039 2516 1136 2565 τοῖς
1161 2516 1244 2562 τοῦ
1271 2507 1501 2570 διαβόλου
1525 2503 1926 2571 στρατηγήμασιν

337 2599 667 2666 ὑπηρετησων·
722 2597 915 2665 ἄρχεται
955 2595 1002 2646 δὲ
1041 2599 1123 2645 τοῦ
1162 2591 1313 2658 λόγου
1351 2587 1580 2657 Χριστὸς,
1619 2588 1703 2638 οὐκ
1744 2589 1805 2639 εὶς
1844 2607 1927 2637 τας

336 2681 529 2734 πάντων
556 2680 699 2734 ἀκοὰς
735 2678 795 2730 τὰ
828 2677 988 2742 μόνοις
1023 2697 1266 2740 πρεποντα
1300 2677 1397 2725 τοῖς
1430 2670 1644 2737 γνησίοις
1671 2669 1929 2718 λαλεῖσθαι

118 2773 278 2804 S.Matth.

119 2817 163 2848 vii
193 2816 212 2847 6
341 2768 435 2815 δεῖν
460 2766 521 2816 ὡς
560 2764 609 2813 ἐν
639 2762 772 2830 τύπω
808 2761 884 2810 καὶ
919 2757 995 2809 διὰ
1030 2755 1198 2808 τούτου
1233 2754 1486 2806 διδάσκων.
1542 2752 1595 2801 οὐ
1629 2749 1723 2816 γὰρ
1754 2747 1928 2798 διδόναι
1950 2765 2001 2802 30

394 2913 446 2944 14.
472 2902 515 2945 μὴ
535 2913 604 2936 om.
623 2901 665 2934 Ε.
784 2908 837 2942 15.
864 2897 923 2941 τὴν
941 2897 996 2931 ἐπὶ
1013 2895 1120 2940 τοὺτῳ
1139 2895 1302 2939 διάπυρον
1319 2891 1497 2936 ἐπιθυμίαν
1515 2904 1567 2925 και
1585 2892 1809 2933 assumptum
1827 2897 1868 2920 ex
1888 2885 1930 2921 E.

346 2959 399 2991 25.
426 2947 534 2994 αυτῷ]
560 2952 593 2989 -1-
617 2947 645 2981 εἷ
663 2948 681 2980 ὁ
700 2946 786 2981 Θεὸς
803 2924 1009 2990 ιἐδοξάσθη’
993 2958 1027 2977 εν
1045 2943 1133 2988 αὐτῷ
1154 2941 1219 2975 Ed.
