2001 3261
294 105 377 144 150
694 108 744 149 B.
778 107 1059 149 CYRILLI
1099 109 1481 150 ALEXANDR.
1770 108 1885 162 ix.3.

295 216 419 264 θεῖον
444 214 658 267 ἀνάττειν
690 222 969 281 τολμῶντας
1004 217 1362 284 θυσιαστήριον,
1391 221 1465 270 καὶ
1497 218 1694 288 βεβήλῳ
1726 241 1775 269 τε
1812 218 1887 268 καὶ

72 291 232 375 {32⁸5
294 296 465 366 ἀνοσία
492 300 610 365 χειρὶ
636 301 719 363 τῆς
746 302 980 363 μυστικῆς
1007 301 1224 366 εὐλογίας
1252 300 1571 366 ἐπιθιγγάνειν
1588 299 1724 351 αΔιά
1750 305 1888 350 τοῦτο

295 385 322 408 “
348 380 396 430 ἐν
443 381 550 443 ὑμῖν
592 384 771 432 πολλοὶ
823 385 1036 437 ἀσθενεῖς
1087 385 1162 434 καὶ
1214 384 1467 450 ἄῤῥωστοι,
1513 386 1587 434 καὶ
1638 387 1889 445 κοιμῶνται

250 465 323 505 (³1⁶⁶
350 463 514 512 ἱκανοί.
590 467 627 513 εἶ
680 463 772 529 γὰρ
817 463 1008 518 ἑαυτοὺς
1056 466 1312 530 ε’κρίνομεν,
1359 467 1443 516 οὐκ
1494 465 1551 515 ἂν
1593 463 1885 532 ἐκρινόμεθα·

296 550 323 573 “
350 543 612 610 κρινόμενοι
655 544 703 596 δὲ
745 545 836 597 ὑπὸ
879 547 1058 612 Κυρίου
1101 546 1429 611 παιδευόμεθα,
1469 548 1544 598 ἵνα
1583 547 1648 611 μὴ
1691 547 1784 598 σὺν
1821 550 1928 616 τῲὄ

294 631 323 655 “
348 624 515 695 κόσμῳ
549 630 947 695 κατακριθῶμεν.”
988 627 1114 679 ὥστε
1149 635 1245 683 τοῖς
1281 630 1628 697 ἀῤῥωστήσασι
1664 632 1738 681 καὶ
1775 635 1883 681 τεθ-

295 712 465 758 νεῶσιν
505 708 611 760 ἔσθ’
653 709 729 761 ὅτε
776 710 852 761 διὰ
898 711 1023 765 θείας
1069 712 1214 777 ὀργῆς
1257 710 1554 775 ἐπενήνεκται
1599 712 1653 763 τὸ
1701 718 1882 764 παθεῖν.

295 789 427 840 ἀλλά
461 792 537 841 καὶ
572 791 711 846 αὐτὸς
747 793 772 843 ὃ
803 792 977 859 Κύριος
1015 794 1148 858 ἡμῶν
1172 795 1361 858 Ἰησοῦς
1393 795 1418 844 ὁ
1446 795 1673 860 Χριστὸς,
1700 795 1775 846 ὅτε
1805 795 1888 846 τὸν

293 871 500 938 πάρετον
524 876 606 937 τῆς
632 880 814 942 μακρᾶς
850 875 1063 926 ἀπέλυσε
1101 875 1261 938 νόσου,
1289 881 1364 927 καὶ
1401 876 1684 946 παραδόξως
1718 878 1889 947 ἔδειξεν

71 943 178 1025 {fij-pra
191 953 221 973 v.
297 956 405 1020 ὑγιᾶ
432 954 590 1019 “”Ῑδε,
620 959 784 1025 φησὶν,
810 957 944 1023 ὑγιὴς
977 957 1193 1023 γέγονας·
1237 958 1400 1023 μηκέτι
1435 959 1692 1025 ἁμάρτανε,
1723 961 1798 1011 ἵνα
1823 959 1887 1025 μὴ
1911 982 1959 1008 10

296 1044 322 1066 ‘⁶
349 1038 505 1104 χεῖρόν
525 1061 605 1088 σοι
632 1040 864 1104 γε’νηται.”
900 1042 960 1093 ὡς
988 1041 1292 1108 ἐνδεχομένου
1319 1040 1412 1106 γὰρ
1439 1044 1513 1092 καὶ
1541 1043 1889 1106 συμβαίνοντος

255 1125 378 1169 οτοῦ
424 1121 499 1169 καὶ
545 1122 592 1171 ἐν
638 1121 849 1188 χείροσιν
892 1122 1034 1172 αὐτὸν
1079 1122 1302 1187 γενέσθαι
1347 1122 1402 1174 δι’
1450 1124 1694 1190 ἁμαρτίας,
1740 1130 1777 1176 εἰ
1821 1124 1887 1190 μὴ

297 1201 583 1271 φυλάξαιτο,
624 1202 871 1271 διαφυγὼν
911 1203 1045 1273 ἅπαξ
1083 1207 1157 1255 καὶ
1197 1206 1598 1270 ἀνασεσωσμένος
1636 1206 1792 1274 χάριτι
1829 1211 1888 1275 τῇ

294 1285 402 1350 παρ’
433 1285 590 1347 αὑτοῦ,
617 1285 674 1336 τὰ
713 1286 906 1336 τοιαῦτά
943 1290 1109 1355 φησιν.
1167 1288 1277 1338 ἀλλ’
1307 1287 1422 1341 ἴσως
1458 1288 1605 1356 ταύτῃ
1639 1289 1725 1353 μὲν
1758 1293 1883 1356 εἰρῆ-

294 1370 411 1417 σθαι
451 1372 609 1420 καλῶς
648 1368 1048 1435 συγχωρήσομεν·
1101 1374 1197 1422 τοῖς
1232 1368 1280 1420 δὲ
1316 1372 1365 1420 ἐκ
1400 1370 1695 1436 σπαργάνων
1726 1374 1802 1422 καὶ
1837 1373 1886 1423 ἐκ
1911 1390 1956 1428 15

293 1449 496 1514 πρώτων
527 1452 610 1510 τῆς
646 1450 874 1515 γενέσεως
909 1449 1094 1518 χρόνων
1128 1451 1393 1502 πεπονθόσι
1427 1475 1471 1502 τι
1504 1457 1599 1503 τῶν
1625 1456 1884 1518 ἀπευκτῶν,

294 1533 370 1581 καὶ
405 1536 501 1584 τοῖς
536 1531 781 1596 νοσήμασι
817 1537 1245 1601 συναποτεχθεῖσιν
1271 1536 1320 1584 ἐκ
1353 1534 1546 1600 μήτρας,
1574 1541 1709 1587 ποῖον
1736 1537 1794 1587 ἄν
1820 1561 1889 1592 τις

294 1612 567 1680 ἐφαρμόσαι
600 1613 762 1680 λόγον,
790 1616 842 1665 οὐ
874 1614 1038 1684 ῥᾴδιον
1065 1619 1285 1668 συνιδεῖν.
1338 1622 1548 1682 προεῖναι
1574 1616 1659 1680 μὲν
1686 1617 1778 1685 γὰρ
1804 1618 1890 1683 τὴν

295 1694 461 1763 ψυχὴν
502 1697 554 1746 οὐ
601 1697 901 1760 πιστεύομεν,
947 1699 1057 1748 ἀλλ’
1108 1697 1211 1748 οὐδὲ
1257 1697 1350 1764 πρὸ
1397 1698 1621 1762 σώματος
1666 1701 1889 1767 ἁμαρτεῖν

298 1777 574 1842 οἰησόμεθα·
629 1782 729 1832 πῶς
768 1778 861 1845 γὰρ
899 1778 955 1830 ἀν
991 1782 1066 1830 καὶ
1105 1778 1307 1845 ἁμάρτοι
1346 1779 1399 1831 τὸ
1439 1782 1725 1846 κεκλημένον
1759 1784 1888 1834 οὔπω
1909 1807 1958 1832 20

77 1877 166 1911 598
182 1875 232 1909 A.
259 1884 279 1908 a
296 1859 415 1926 πρὸς
441 1860 659 1926 γε’νεσινς
700 1862 929 1927 ἁμαρτίας
958 1862 1004 1912 δὲ
1033 1863 1115 1912 οὐκ
1142 1863 1303 1926 οὔσης,
1331 1864 1442 1913 ἀλλ’
1471 1863 1574 1914 οὐδὲ
1600 1870 1683 1915 τοῦ
1709 1865 1890 1919 πάθους

295 1942 694 2008 προηγησαμένου
721 1945 1035 2007 πταίσματος,
1063 1945 1167 1994 τίνα
1198 1944 1369 1996 λοιπὸν
1395 1947 1587 2011 ἐροῦμεν
1614 1952 1697 1997 τοῦ
1723 1952 1889 1998 παθεῖν

295 2024 382 2088 τὴν
408 2024 690 2093 πρόφασιν;
734 2027 844 2076 ἀλλ’
874 2025 1004 2076 ἔστιν
1031 2026 1206 2077 ἀθέατα
1232 2032 1477 2081 παντελῶς
1512 2032 1612 2081 ταῖς
1650 2028 1890 2096 ἡμετέραις

297 2107 521 2160 διανοίαις
546 2107 605 2158 τὰ
630 2106 758 2158 πολὺ
786 2109 894 2158 λίαν
922 2108 1035 2173 ὑπὲρ
1064 2109 1196 2172 ἡμᾶς,
1223 2111 1297 2159 καὶ
1333 2109 1386 2160 τὸ
1421 2111 1527 2175 περὶ
1559 2110 1739 2161 τούτων
1766 2110 1891 2165 ὅλως

297 2189 522 2252 ἐθελῆσαι
549 2189 699 2254 ζητεῖν
725 2190 1136 2253 συμβουλεύσαιμ’
1167 2189 1225 2241 ἂν
1252 2191 1402 2256 ἔγωγε
1430 2196 1762 2257 παραιτεῖσθαι
1794 2197 1889 2247 τοῖς
1909 2218 1957 2254 25

73 2278 198 2352 {121‘251'5-
298 2269 542 2337 σώφροσι,
571 2273 646 2321 καὶ
672 2270 766 2337 πρό
794 2294 846 2336 γε
872 2270 1065 2322 πάντων
1091 2273 1291 2340 ἐμαυτῷ.
1346 2272 1438 2340 χρὴ
1474 2273 1566 2339 γὰρ
1603 2277 1890 2326 διανοεῖσθαι

120 2346 126 2359 ’
188 2345 195 2353 ’
297 2355 490 2414 μᾶλλον
522 2350 552 2402 ἃ
590 2352 1000 2418 προστετάγμεθα,
1035 2355 1109 2404 καὶ
1147 2353 1385 2420 βαθύτερα
1420 2353 1505 2417 μὲν
1535 2354 1600 2419 μὴ
1638 2355 1884 2424 ἐξετάζειν,

299 2433 611 2500 χαλεπώτερα
647 2433 695 2484 δὲ
728 2434 793 2499 μὴ
830 2435 993 2501 ζητεῖν,
1020 2435 1137 2500 μηδὲ
1164 2437 1432 2502 ἀνορύττειν
1458 2442 1712 2503 πειρᾶσθαι
1737 2440 1886 2507 ῥιψο-

300 2513 521 2568 κινδύνως
571 2514 630 2566 τὰ
679 2516 1026 2583 ἐγκεκρυμμένα
1075 2516 1195 2585 μόνῃ
1250 2522 1307 2585 τῇ
1362 2518 1464 2587 θείᾳ
1518 2520 1593 2570 καὶ
1651 2518 1889 2590 ἀφράστῳ

296 2601 467 2665 βουλῇ,
511 2598 771 2665 ἐπιτρέπειν
816 2599 864 2650 δὲ
908 2604 1101 2664 μᾶλλον
1147 2601 1357 2662 εὐσεβῶς
1400 2601 1565 2652 εἰδέναι
1609 2601 1738 2671 μόνω
1782 2605 1891 2671 Θεῷ
1909 2627 1958 2663 30

350 2786 378 2808 1.
397 2775 550 2810 ἀνάττειν
573 2776 614 2810 Β.
637 2777 750 2812 ἀνατεὶ
777 2777 895 2812 Holst.
919 2778 1054 2813 ἀναθεῖν
1079 2779 1278 2814 emendavit
1304 2786 1343 2814 ut
1368 2779 1513 2814 adnotat
1538 2780 1613 2824 ipse
1639 2779 1734 2813 Aub.
1761 2778 1890 2814 desunt

297 2820 383 2855 haec
401 2822 436 2855 in
454 2835 484 2857 a.
614 2835 649 2868 9.
674 2826 822 2869 πάρετον
842 2826 883 2859 B.
905 2827 968 2860 Ht.
987 2827 1183 2870 παράλυτον
1203 2827 1298 2862 Aub.
1431 2837 1485 2860 10.
1510 2826 1608 2871 ὑγίαν
1627 2826 1669 2860 Β.
1688 2826 1889 2860 emendavit

301 2867 365 2901 Ht.
575 2881 628 2905 11.
655 2870 788 2916 χεῖρόν]
813 2876 850 2912 -Ι-
871 2887 903 2906 τι
921 2872 1016 2906 Aub.
1228 2884 1284 2907 22.
1309 2874 1524 2917 πταίσματος
1540 2878 1765 2917 assumptum
1784 2884 1826 2907 ex
1845 2873 1888 2907 B.

301 2923 356 2955 24.
383 2913 510 2950 τούτων
528 2917 715 2952 emendant
735 2919 798 2953 Ht.
820 2918 950 2963 Heyse.
969 2921 1091 2954 τοῦτον
1111 2919 1152 2954 Β.
1171 2919 1293 2954 τούτου
1311 2920 1405 2954 Aub.
