2037 3266
254 125 341 165 358
658 125 709 166 Β.
742 125 1017 166 CYRILLI
1058 125 1442 166 ALEXANDR.
1667 125 1754 165 xiii.
1777 125 1847 169 18..

258 235 604 298 διεσκεμμένων
631 234 697 286 Τί
718 233 802 286 τὸν
826 239 1016 300 πρῶτον
1044 235 1296 302 ἄνθρωπον
1321 235 1539 287 ἔπλασας
1573 233 1668 285 ἀπὸ
1702 237 1788 299 γῆς
1819 235 1844 284 ὁ

257 315 317 366 τὰ
343 315 500 368 πάντα
527 317 688 379 εἰδώς;
733 318 786 367 οὐ
813 316 907 381 γὰρ
941 316 1125 381 ἠγνόεις
1159 316 1229 367 ὅτι
1263 321 1475 368 πεσεῖται
1510 315 1596 380 τὴν
1622 318 1846 366 δοθεῖσαν

258 398 385 467 αὐτῷ
423 398 704 464 παρελάσας
741 397 956 461 ἐντολήν.
1032 398 1151 448 κατὰ
1190 397 1273 449 τὸν
1311 396 1453 448 αὐτὸν
1491 403 1658 448 τοῦτον
1697 398 1847 462 λόγον

215 487 241 528 d
260 482 335 530 καὶ
362 481 437 531 ἐπὶ
463 485 560 534 τοῖς
585 480 803 546 ἀνωτέρω
830 481 904 529 καὶ
931 479 1142 546 μείζοσιν
1168 480 1233 530 ε”τι
1270 485 1522 545 κατηγορεῖ
1550 484 1679 541 βοῶν
1706 480 1851 529 Διατί

259 560 346 626 τὴν
372 560 597 627 ἀγγέλων
624 562 1021 626 δεδημιούργηκας
1049 562 1212 629 φύσιν,
1237 563 1320 612 οὐκ
1346 561 1600 627 ἀγνοήσας,
1622 563 1683 614 ὡς
1711 560 1845 623 Θεὸς,
1864 575 1887 613 5

33 647 66 677 S.
78 646 190 677 Judae

34 689 54 720 6
259 643 346 708 τὴν
383 644 613 708 ἐσομένην
651 648 793 694 τινῶν
834 643 1061 695 ἀπόνοιαν
1101 647 1162 697 εἰς
1201 643 1513 705 ἀπόστασιν,
1562 642 1848 708 τετηρήκασι

259 725 352 791 γὰρ
389 727 442 776 οὐ
476 725 648 780 πάντες
685 724 771 789 τὴν
803 726 973 777 οἰκείαν
1004 725 1171 792 ἀρχήν.
1226 723 1325 775 εἶτα
1362 726 1412 775 τί
1446 723 1501 776 τὸ
1540 726 1777 784 ἐντεῦθεν;
1818 725 1847 788 ἡ

258 812 341 857 τοῦ
376 811 501 858 Θεοῦ
539 808 813 874 πρόγνωσις
853 809 935 858 οὐκ
975 805 1032 857 ἂν
1067 806 1209 857 αὐτὸν
1245 806 1606 874 συγκεχώρηκεν
1642 808 1848 875 ὀφθῆναι

260 888 560 955 δημιουργὸν,
594 891 706 940 ἀλλ’
745 891 844 940 οὐδ’
880 889 938 941 ἂν
971 890 999 954 ἡ
1039 888 1209 955 λογικὴ
1250 891 1402 943 κτίσις
1440 892 1685 954 παρῆλθεν
1723 888 1848 942 ὅλως

260 976 323 1025 εἰς
355 972 556 1038 γένεσιν,
582 973 657 1023 ἵνα
691 971 837 1035 μόνης
874 975 956 1036 τῆς
993 972 1174 1037 ἀλόγου
1213 973 1288 1022 καὶ
1327 970 1617 1035 ἀναισθήτου
1657 971 1847 1039 φύσεως
1870 991 1920 1017 10

260 1054 499 1122 βασιλεύῃ
537 1054 673 1116 Θεὸς,
707 1053 824 1118 μηδὲ
863 1054 933 1105 ὅτι
973 1052 1094 1107 Θεὸς
1134 1052 1253 1104 κατὰ
1292 1053 1441 1121 φύσιν
1475 1055 1577 1104 ἐστὶ
1616 1051 1849 1118 γινωσκό-

222 1159 412 1199 εμενος.
483 1139 651 1203 χρῆναι
697 1136 745 1187 δὲ
790 1134 918 1199 οἶμαι
965 1136 1182 1199 μάλιστα
1227 1134 1282 1198 δὴ
1324 1135 1515 1186 πάντων
1556 1137 1698 1185 ἐκεῖνο
1742 1137 1844 1185 δια-

259 1219 609 1282 σκεπτομένους
649 1219 777 1284 ὁρᾶν,
809 1218 879 1268 ὅτι
918 1223 1014 1272 τοῖς
1053 1222 1262 1283 λογικοῖς
1299 1222 1394 1268 τῶν
1424 1216 1697 1280 κτισμάτων
1733 1216 1850 1269 ἰδίας

257 1300 578 1366 προαιρέσεως
615 1301 833 1364 ἀπένειμε
869 1300 952 1354 τὰς
988 1300 1119 1364 ἡνίας
1155 1301 1179 1349 ὁ
1213 1298 1405 1350 πάντων
1432 1297 1746 1364 Δημιουργὸς,
1774 1300 1849 1349 καὶ

258 1382 647 1436 αὐτοκελεύστοις
692 1385 875 1450 ἀφῆκεν
915 1381 1025 1433 ἰέναι
1065 1384 1246 1449 ῥοπαῖς,
1285 1382 1357 1450 ἐφ’
1400 1381 1512 1447 ὅπερ
1556 1379 1612 1431 ἀν
1651 1381 1848 1433 ἕκαστος
1871 1402 1920 1440 15

258 1464 486 1525 βούλοιτο
513 1464 658 1532 τυχὸν
685 1465 806 1533 ε”χειν
833 1466 1009 1531 ἄριστα
1045 1463 1308 1526 δοκιμάσας
1343 1463 1426 1513 τὸν
1452 1463 1644 1528 τρόπον.
1698 1466 1739 1513 οἱ
1765 1461 1850 1526 μὲν

261 1547 343 1596 οὖν
374 1552 470 1599 τοῖς
510 1547 725 1610 ἀμείνοσι
763 1545 1159 1613 προσνενευκότες
1198 1548 1363 1611 ὀρθῶς,
1390 1544 1475 1609 τὴν
1510 1547 1630 1596 ἰδίαν
1665 1544 1846 1596 διασώ-

260 1628 393 1694 ζουσι
439 1627 600 1697 δόξαν,
646 1631 722 1679 καὶ
764 1630 812 1679 ἐν
856 1629 1040 1698 μεθέξει
1084 1629 1280 1692 μένουσι
1324 1632 1419 1678 τῶν
1461 1627 1850 1691 ἀπονεμηθέντων

260 1711 415 1763 αὐτοῖς
455 1712 662 1776 ἀγαθῶν,
690 1709 1028 1773 ἀμετάπτωτόν
1062 1732 1111 1760 τε
1149 1709 1235 1773 τὴν
1270 1710 1492 1771 εὐθυμίαν
1527 1710 1845 1774 εὑρίσκουσιν·

260 1795 302 1843 οἰ
341 1790 387 1842 δὲ
426 1797 522 1845 τοῖς
562 1793 693 1846 ἰδίοις
731 1791 1152 1861 καταφθειρόμενοι
1192 1797 1457 1857 λογισμοῖς,
1494 1793 1569 1841 καὶ
1608 1792 1679 1859 ἐφ’
1714 1788 1745 1840 ἃ
1783 1789 1849 1854 μὴ
1871 1817 1921 1842 20

40 1892 116 1927 731
129 1891 179 1924 Α.
222 1900 244 1923 a
262 1875 389 1940 θέμις
415 1874 687 1928 ἀκαθέκτοις
721 1873 885 1940 ὥσπερ
919 1874 1149 1941 ῥεύμασιν
1176 1876 1430 1937 ἐπιθυμιῶν
1456 1872 1846 1938 κατασυρόμενοι,

262 1956 348 2021 τὴν
386 1958 541 2011 αὐτοῖς
579 1958 858 2023 πρέπουσαν
895 1957 1183 2020 ὑπομένουσι
1223 1955 1369 2019 δίκην,
1402 1957 1476 2005 καὶ
1515 1955 1601 2018 τὴν
1637 1957 1709 2006 ἐπὶ
1751 1959 1850 2007 ταῖς

264 2040 561 2106 ἀχαριστίαις
607 2037 793 2093 εἰκότως
838 2039 1148 2102 ὑπομένοντες
1193 2037 1400 2105 γραφὴν,
1446 2036 1532 2100 τὴν
1574 2038 1729 2100 ἀπηνῆ
1776 2037 1851 2086 καὶ

264 2121 526 2187 ἀπέραντον
554 2120 913 2184 ὑποστήσονται
940 2119 1158 2171 κόλασιν.
1208 2121 1282 2170 ἐπὶ
1308 2119 1488 2171 τούτοις
1515 2124 1610 2172 τοῖς
1635 2119 1851 2184 ὁρισμοῖς

264 2203 518 2268 γενομένην
544 2202 755 2269 εὑρήσεις
782 2206 856 2253 καὶ
883 2202 969 2266 τὴν
994 2206 1088 2252 τῶν
1116 2201 1339 2266 ἀγγέλων
1365 2201 1530 2267 φύσιν.
1578 2203 1619 2250 οἱ
1646 2199 1731 2262 μὲν
1757 2198 1850 2265 γὰρ
1873 2226 1921 2263 25

265 2285 632 2349 διατηρήσαντες
671 2284 757 2347 τὴν
791 2285 961 2334 οἰκείαν
997 2282 1162 2348 ἀρχὴν,
1190 2280 1529 2344 ἀναπόβλητον
1563 2281 1725 2347 ἔχουσι
1765 2280 1851 2345 τὴν

265 2364 338 2433 ἐφ’
366 2364 521 2416 ἅπασι
559 2370 655 2418 τοῖς
695 2367 889 2430 ἀγαθοῖς
928 2365 1111 2430 ἵδρυσίν
1149 2386 1198 2414 τε
1237 2365 1312 2414 καὶ
1351 2363 1546 2413 στάσιν·
1589 2366 1631 2413 οἱ
1670 2362 1717 2412 δὲ
1755 2367 1851 2415 τοῖς·

266 2449 339 2498 ἐπὶ
367 2447 426 2498 τὰ
451 2448 591 2514 χείρω
620 2446 818 2510 νεύμασι
845 2449 927 2509 τῆς
954 2446 1150 2513 ἀρχαίας
1177 2445 1346 2509 ἐκείνης
1372 2446 1580 2497 εὐκλείας
1607 2443 1852 2507 διολισθή-

44 2524 193 2573 3S.Pet.

43 2578 74 2598 11.
91 2579 121 2606 4.

44 2616 198 2688 {Judae
267 2615 328 2665 εἰς
373 2612 529 2676 κρίσιν
573 2610 784 2676 μεγάλης
836 2609 1008 2677 ἡμέρας
1051 2609 1342 2675 τετήρηνται.
1417 2610 1562 2662 οὕτως
1605 2607 1851 2671 πεποίηται
1872 2632 1922 2667 30

224 2538 251 2578 b
268 2552 453 2591 σαντες,
474 2533 652 2594 σειραῖς
678 2528 825 2597 ζόφου
851 2528 1263 2594 τεταρταρωμένοι,
1287 2525 1404 2578 κατὰ
1431 2526 1484 2577 τὸ
1511 2526 1851 2592 γεγραμμένον,

267 2692 386 2744 κατὰ
423 2692 508 2757 τὴν
546 2692 696 2760 ἀρχὴν
736 2694 760 2742 ὁ
801 2697 987 2758 πρῶτος
1030 2692 1292 2757 ἅνθρωπος,
1328 2690 1571 2741 τουτέστιν
1610 2692 1634 2740 ὁ
1673 2687 1845 2752 Ἀδάμ.

314 2839 347 2872 3.
374 2840 613 2883 συνεχώρησεν
632 2838 724 2872 Catt.
837 2849 890 2872 11.
917 2838 992 2872 ἐστι
1011 2838 1091 2870 κατὰ
1109 2837 1219 2882 φύσιν
1239 2836 1330 2871 (Γαῖϊ.
1444 2848 1495 2879 15.
1523 2836 1603 2869 ἰέναι
1624 2835 1662 2868 E.
1683 2831 1763 2867 εῖναι
1784 2833 1849 2866 Ed.

268 2895 321 2917 20.
348 2887 612 2929 κατασυρόμενωι
632 2885 691 2925 (ef.
710 2897 781 2918 ver.
800 2887 869 2929 sq.)
882 2897 912 2918 a.
1011 2895 1066 2926 25.
1092 2884 1268 2929 γινομένην
1286 2884 1320 2917 b.
1386 2884 1439 2916 καὶ
1457 2888 1677 2925 assumptum
1696 2893 1737 2913 ex
1758 2881 1849 2913 catt.

268 2931 390 2964 Statssm
411 2936 476 2964 τῶν
492 2932 647 2975 ἀγγέλων
665 2932 723 2974 τὴν
740 2932 877 2965 inverso
895 2931 1015 2964 ordine
1037 2932 1077 2964 E.
