1971 3272
77 128 216 172 ix.22.
323 131 394 170 IN
439 132 480 170 S.
515 128 853 169 JOANNEM.
924 128 1043 168 [ΑΒ.
1073 129 1145 167 vl.
1210 128 1343 167 (uxl'.
1380 128 1412 167 l.
1577 126 1657 165 175

75 236 190 303 ὅπερ
231 238 397 289 ἰ’σασιν
435 240 730 303 ὁμολογοῦσι
769 240 955 303 σαφῶς,
996 235 1074 286 ἅτε
1116 235 1172 299 δὴ
1214 237 1288 285 καὶ
1328 238 1394 302 τῷ
1436 233 1662 299 πρέποντι

73 318 191 385 πρὸς
232 326 370 371 τοῦτο
414 320 712 381 καλούμενοι·
771 318 886 384 ὅπερ
931 317 979 368 δὲ
1025 317 1082 381 ἦν
1123 317 1447 382 ἀληθέστερον
1491 317 1662 365 ἐκεῖνον

72 404 227 462 εἰπεῖν,
267 404 328 455 ὡς
369 402 710 467 ἀκριβεστέραν
749 400 918 467 ἔχοντα
959 399 1045 463 τὴν
1087 404 1283 465 γνῶσιν,
1322 404 1462 449 τοῦτο
1505 420 1659 462 παρα-

71 489 276 534 καλοῦσι
316 485 568 534 διδάσκειν.
624 484 707 533 οὐκ
746 483 868 532 ἀθεεὶ
910 481 964 532 δέ
998 505 1077 544 μοι
1119 485 1313 532 δοκοῦσι
1352 485 1446 533 τοῖς
1486 481 1663 529 ἑαυτῶν

29 577 51 614 5
71 567 331 631 ἐπενεγκεῖν
358 566 535 631 λόγοις,
561 564 615 615 τό
642 565 856 615 εΗλικιέιν
885 564 990 626 ἔχει.
1043 567 1297 628 κατηγορεῖ
1327 562 1420 628 γάρ
1454 584 1554 615 πως
1587 562 1663 611 καὶ

71 653 210 698 τοῦτο
254 652 337 712 τῆς
379 652 474 699 τῶν
516 647 793 713 Φαρισαίων
834 644 1157 709 ἀνοσιότητος.
1234 669 1267 694 ει
1320 644 1414 710 γὰρ
1465 642 1557 710 ἔχει
1608 641 1662 692 τὸ

73 729 304 780 δύνασθαι
332 735 521 797 φρονεῖν
547 728 641 780 ἀπό
668 752 716 779 τε
742 734 825 779 τοῦ
852 727 1023 795 χρόνου
1058 750 1133 778 και
1166 729 1249 790 τῆς
1281 727 1464 790 ἡλικίας
1491 726 1515 774 ὁ
1542 722 1661 789 πρὸς

71 811 157 876 τὴν
190 813 461 880 ἀνάβλεψιν
493 811 833 875 κεκλημεΗνος,
820 809 933 860 όταν
970 810 1089 878 λεγῃ
1125 832 1178 860 το
1216 813 1389 872 θαυμα,
1417 831 1491 858 και
1529 807 1598 860 τίς
1634 807 1705 856 ὀᾶ

71 895 140 945 ἐπ’
194 895 318 963 αὐτῷ
367 916 532 959 γεγονε
583 891 772 959 τρόπος,
818 893 901 942 οὐκ
951 893 1002 942 ἐκ
1053 891 1385 957 μειρακιώδους
1436 891 1531 956 ἐρεῖ
1577 911 1661 951 της

7 989 53 1013 ¹0
72 974 257 1045 φρενος,
296 978 406 1027 ἀλλ’
447 978 497 1026 ἐκ
538 981 618 1026 νοῦ
659 972 919 1039 βεβηκότος
960 997 1009 1025 τε
1048 973 1138 1037 ἠδη
1178 977 1349 1034 καλῶς,
1390 995 1466 1022 και
1505 993 1655 1021 συνα-

70 1057 278 1125 γορεύειν
310 1057 377 1112 οῖς
417 1057 473 1108 ἂν
504 1056 729 1120 ἐθελήσαι
769 1055 914 1124 τυχὸν
948 1055 1211 1122 ἰσχύοντος.
1261 1053 1566 1117 συμβήσεται
1605 1050 1661 1116 δὴ

71 1138 154 1188 οὖν
198 1140 260 1192 ὡς
311 1138 367 1207 ἐξ
415 1135 623 1202 ἀνάγκης
670 1137 881 1187 ἐντεῦθεν
925 1134 1270 1198 ἀναιδεστάτην
1312 1135 1518 1200 ὁρᾶσθαι
1568 1136 1662 1182 τῶν

73 1221 350 1287 Φαρισαίων
375 1218 461 1284 τὴν
487 1219 741 1270 ἀπείθειαν.
797 1217 894 1268 ἰδοὺ
921 1216 1013 1283 γὰρ
1041 1219 1144 1268 οὔτε
1177 1222 1273 1270 τοῖς
1305 1217 1530 1282 γείτοσιν,
1558 1215 1662 1264 οὕτε

73 1303 199 1372 αὐτῷ
224 1302 505 1354 πιστεύουσι
536 1304 603 1370 τῷ
633 1304 819 1369 τυφλῷ,
848 1302 924 1350 καὶ
949 1300 1031 1350 οὐκ
1059 1299 1114 1367 ἐξ
1138 1300 1327 1361 ἁπαλῆς
1354 1297 1532 1364 τρόπον
1558 1295 1663 1347 τινὰ

8 1399 53 1438 15
73 1386 207 1435 ταυτὶ
239 1384 427 1450 λε’γοντι
463 1382 649 1451 φρενὸς,
677 1384 781 1433 οὔτε
807 1381 900 1446 μὴν
926 1383 975 1432 ἐκ
1001 1381 1332 1447 μειρακιώδους
1359 1380 1561 1432 διανοίας
1589 1380 1664 1429 ἐπὶ

73 1465 128 1517 τὸ
154 1470 466 1535 ψευδηγορεῖν
493 1464 698 1518 εὐκόλως
724 1464 1151 1526 κατολισθαίνοντι,
1172 1462 1284 1513 ἀλλ’
1307 1464 1483 1523 ἡλικίαν
1510 1461 1664 1529 ἔχοντι

73 1553 168 1600 τῶν
193 1549 488 1616 πραγμάτων
516 1546 600 1600 τὰς
627 1546 796 1615 φύσεις
821 1546 1152 1615 προξενοῦσαν
1177 1544 1241 1609 μὴ
1269 1546 1471 1611 ἀγνοεῖν.
1681 1559 1703 1586 e

74 1733 220 1775 Ταῦτα
247 1729 368 1775 εἶπον
395 1731 433 1774 οἷ
460 1731 594 1781 Γονεῖο
629 1732 773 1783 αὐτοῦ,
798 1732 863 1773 ὅτι
895 1732 1135 1788 ἐφοβοῦντο
1169 1730 1268 1772 τοὺς
1287 1728 1540 1771 Ἰουδαίους·
1578 1727 1659 1768 ἔδει
1685 1743 1730 1767 22

142 1817 218 1873 Γὰρ
274 1816 540 1859 συνετίθεντο
596 1814 633 1856 οἷ
677 1814 881 1857 Ἰουδαῖοι
934 1815 1002 1856 ἵνα
1051 1815 1127 1855 ἐάν
1176 1830 1238 1855 τις
1292 1813 1540 1869 (mmm-&65⁴
1593 1811 1662 1854 τὸν

5 1912 55 1938 20
140 1900 320 1956 Χριστὸν
358 1899 486 1941 αὑτὸν
525 1895 633 1940 εἶναι
671 1899 1006 1946 ἀποσυνάι-ωτοε
1045 1899 1231 1945 ΓὲνΗται.

150 2023 327 2074 Καλῶς
358 2021 434 2070 καὶ
468 2016 743 2084 πρεπόντως
768 2018 792 2067 ὁ
823 2017 997 2083 Κύριος
1024 2017 1156 2080 ἡμῶν
1180 2017 1369 2080 Ἰησοῦς
1397 2016 1421 2064 ὁ
1448 2012 1663 2080 Χριστὸς

1306 2098 1317 2114 Ι

73 2105 173 2155 ταῖς
198 2105 292 2152 τῶν
320 2102 596 2167 Φαρισαίων
622 2103 852 2199 κεφαλαῖς
880 2098 1085 2167 ἐπιφερει
1121 2097 1175 2149 τὸ
1211 2098 1328 2148 οὑαι·
1373 2104 1398 2126 “
1421 2096 1545 2146 Ουαι
1570 2093 1663 2161 γὰρ
1724 2101 1767 2176 {l
1770 2101 1851 2176 1³20

1785 2163 1801 2185 ὓ

90 2185 236 2247 (ὑμῖν
273 2187 369 2236 τοῖς
408 2186 625 2246 νομικοῖς,
665 2180 736 2232 ὅτι
780 2181 923 2246 ἤρατε
963 2179 1050 2245 τὴν
1088 2182 1252 2230 κλεῖδα
1294 2182 1376 2243 τῆς
1416 2177 1658 2243 γνώσεως·

76 2272 104 2295 “
129 2266 259 2316 αὐτοὶ
292 2266 375 2316 οὐκ
413 2263 672 2328 εἶσήλθετε,
704 2265 779 2314 καὶ
813 2261 919 2316 τοὺς
956 2261 1308 2329 εἰσερχομένους
1341 2259 1659 2312 ἐκωλύσατε.”
1681 2286 1702 2311 a
1742 2278 1820 2312 615
1834 2277 1886 2312 A.

8 2358 55 2396 25
75 2349 330 2414 ἐπαθρείτω
357 2346 451 2413 γὰρ
477 2346 625 2415 ποίλιν
653 2347 678 2396 ὁ
705 2344 934 2414 θεοφιλὴς
961 2349 997 2396 εἷ
1023 2344 1088 2409 μὴ
1116 2349 1212 2398 τοῖς
1239 2344 1493 2410 εἰρημένοις
1525 2341 1579 2392 τὸ
1614 2344 1664 2393 ἐκ

75 2432 157 2494 τῆς
181 2430 402 2494 ἀληθείας
428 2429 594 2497 ἕψεται
621 2426 815 2481 κάλλος.
867 2426 971 2478 οὐδὲ
1000 2426 1094 2493 γὰρ
1120 2425 1180 2477 ἂν
1207 2422 1522 2494 διαψεύσαιτό
1549 2446 1663 2475 ποτε

121 2584 155 2618 3.
181 2574 293 2619 ἔχοντι
310 2585 340 2607 a.
555 2585 587 2615 4.
612 2572 702 2607 ἀθεεὶ
721 2572 798 2607 Ra.
816 2571 892 2606 ἀθεῒ
908 2571 976 2606 Ed.
1044 2571 1170 2605 Statim
1189 2586 1245 2614 μοι
1264 2570 1326 2604 δέ
1319 2582 1379 2604 mv
1382 2581 1459 2603 erso
1478 2568 1600 2603 ordine
1619 2568 1661 2602 B.

75 2621 200 2654 ἑαυτῶν
219 2620 285 2654 Ed.
303 2620 440 2653 favente
459 2619 600 2653 Niketa.
621 2620 748 2653 σαυτὸν
768 2619 811 2654 Β.
1000 2628 1032 2660 5.
1059 2619 1275 2663 κατηγορεῖτε
1295 2617 1338 2650 Β.
1534 2627 1566 2659 9.
1594 2615 1663 2666 ερεῖ

75 2667 273 2701 emendavit
290 2678 308 2700 e
327 2666 403 2700 Cat.
423 2666 524 2700 Harl.
543 2665 638 2700 Aub.
657 2673 690 2699 et
707 2666 756 2700 ita
775 2677 806 2699 a.
823 2666 891 2699 ἔδει
911 2665 953 2699 Β.
976 2664 1039 2698 Ht.
1197 2675 1249 2697 10.
1277 2678 1329 2696 και
1348 2661 1439 2696 edidi
1457 2673 1498 2695 ex
1517 2672 1546 2694 a.
1567 2667 1599 2694 et
1616 2661 1663 2695 ita

74 2730 186 2764 voluit
206 2729 284 2775 Hey
288 2741 336 2764 se.
353 2730 407 2763 καὶ
423 2728 444 2762 ἂ
464 2729 506 2763 B.
526 2728 593 2762 Ed.
786 2739 840 2761 11.
867 2727 1030 2769 ἐθελήσαι
1048 2727 1152 2771 τυχὸν
1169 2725 1275 2759 edidi.
1295 2725 1456 2768 ἐθελήσαι
1474 2713 1598 2768 τουχὸν
1617 2723 1660 2757 Β.

75 2776 224 2820 ἐθελήσῃ
242 2777 346 2820 τυχὸν
363 2787 393 2810 a.
549 2786 601 2809 12.
628 2778 694 2808 τῶν
711 2774 906 2817 Φαρισαίων
922 2774 982 2817 τὴν
998 2773 1064 2807 hoc
1082 2772 1203 2806 ordine
1224 2772 1265 2805 B.
1425 2783 1478 2812 14.
1505 2770 1612 2803 καίτοι
1629 2781 1660 2803 a.

80 2832 134 2868 17.
159 2823 390 2867 προσξαινοσι
409 2822 451 2856 Β.
470 2821 668 2855 emendavit
688 2821 752 2854 Ht.
854 2831 909 2854 21.
936 2821 953 2853 ὁ
972 2820 1030 2852 alt.
1049 2821 1275 2863 assumptum
1293 2829 1334 2851 ex
1355 2817 1397 2850 B.
1505 2827 1559 2850 22.
1587 2816 1663 2850 οὐαί

78 2869 175 2913 prius
193 2875 417 2914 assumptum
434 2881 475 2902 ex
496 2868 537 2902 Β.
695 2866 749 2901 26.
765 2866 899 2929 οὲψεται
917 2865 1079 2900 emendat
1100 2865 1229 2910 Heyse.
1247 2866 1370 2909 ἕψεται
1389 2863 1431 2897 Β.
1450 2862 1576 2908 οψεται
1595 2863 1660 2897 Ht.

81 2931 148 2966 Ed.
220 2932 296 2966 ουδὲ
317 2932 416 2965 Β.οὐ
434 2930 501 2965 Ed.
574 2918 797 2976 διεψευσεται
816 2929 858 2963 Β.
878 2927 1103 2973 διαψεύσεται
1124 2927 1185 2961 Ht.
1205 2926 1433 2972 ὃιαψεὺσαιτο
1451 2926 1545 2960 Aub.
