2001 3261
236 90 317 130 182
638 89 686 129 B.
721 88 999 130 CYRILLI
1040 88 1424 130 ALEXANDR.
1686 88 1741 129 ix.
1759 98 1824 140 27.

231 199 297 264 μὴ
323 198 595 266 πέπρακταί
614 221 659 250 τι
687 203 781 250 τῶν
808 199 899 267 ἐξω
928 197 1073 262 νόμου
1100 197 1177 249 διὰ
1202 197 1289 262 τὴν
1315 200 1364 249 ἐν
1389 198 1629 268 σαββάτῳ
1655 201 1827 262 θεοση-

232 283 359 345 μίαν.
416 282 719 348 ἀγριαίνοντα
754 280 847 347 γὰρ
882 279 966 332 τὸν
990 282 1039 331 ἐν
1066 282 1222 335 αὐτοῖς
1257 283 1550 347 θηριοπρεπῆ
1587 281 1827 347 λογισμὸν

233 362 458 432 κατάγχει
509 363 563 415 τὸ
612 363 840 426 συνειδὸς,
887 362 1087 430 χαλινὸν
1132 361 1294 430 ὥσπερ
1347 362 1570 431 ἐπιφέρων
1613 365 1689 414 καὶ
1739 363 1828 431 οὐχ

234 447 396 497 ἑκοῦσι
434 446 516 497 τὸν
550 444 769 514 ἔλεγχον.

166 606 462 664 27ἈΠεκρίθΗ
502 603 648 649 αὐτοῖς
688 602 819 647 Εἶπον
854 602 949 655 ὑμῖν
986 606 1084 658 aba,
1123 606 1192 647 καὶ
1229 606 1305 647 οὐκ
1344 606 1570 647 ἠκούσατε·
1623 605 1662 647 τί
1699 606 1824 647 Πάλιν

194 701 216 728 c
873 689 1019 731 θέλετε
1058 689 1257 741 ἀκούειν,-

309 801 540 869 Περιττὸν
570 802 659 867 ἤδη
699 803 931 871 φαίνεται,
963 805 1101 872 φησὶ,
1134 802 1188 854 τὸ
1229 805 1302 854 καὶ
1343 806 1552 856 εἰσαῦθις
1590 806 1730 853 εἰπεῖν
1765 805 1827 855 εἷς

233 887 437 939 ἀπειθεῖς
472 884 633 947 ἀκοὰς,
665 888 834 936 εἰκαῖον
871 885 918 936 δὲ
954 885 1150 955 σφόδρα
1187 884 1241 936 τὸ
1279 887 1353 935 καὶ
1389 883 1670 938 πλειστάκις
1708 885 1827 948 ὑμᾶς

232 969 339 1033 περὶ
383 967 561 1018 τούτων
602 969 840 1033 διερωτᾶν,
883 967 930 1018 οἵ
967 991 1022 1032 γε
1064 969 1331 1036 ὠφελεῖσθε
1377 967 1461 1030 μὲν
1501 966 1554 1018 τὸ
1599 967 1828 1033 παράπαν

234 1049 382 1113 οὐδὲν,
409 1050 557 1100 καίτοι
592 1049 820 1112 μαθόντες
858 1051 932 1099 καὶ
963 1049 1281 1113 πεπεισμένοι,
1308 1050 1565 1100 ἀνελίττειν
1593 1048 1647 1099 δέ
1665 1073 1723 1113 με
1752 1051 1827 1100 καὶ

236 1137 319 1184 νῦν
353 1131 460 1186 τοῦς
499 1130 665 1185 αὐτοὺς
706 1131 1030 1198 προστάττετε
1068 1130 1242 1197 λόγους
1281 1132 1351 1182 ἐπ’
1389 1133 1537 1182 οὐδενὶ
1577 1136 1670 1182 τῶν
1704 1154 1822 1199 χρη-

234 1215 403 1279 σίμων,
452 1217 515 1267 ὡς
567 1215 594 1278 ἡ
640 1218 778 1280 πεῖρα
821 1217 929 1282 βοᾷ.
1005 1212 1188 1281 ἐλέγχει
1234 1212 1328 1280 γὰρ
1377 1213 1453 1264 διὰ
1498 1212 1677 1264 τούτων
1721 1212 1828 1267 τοὺς

9 1298 126 1381 ξνΤΪΠ·
236 1297 527 1363 Φαρισαίους
551 1298 575 1347 ὁ
610 1296 1002 1362 τεθεραπευμένος
1037 1298 1099 1349 ὡς
1127 1297 1457 1360 ἄνοηταίνουσι
1485 1298 1668 1362 κομιδῇ,
1697 1302 1723 1324 “
1743 1294 1829 1360 τὴν

189 1387 262 1430 (1“
287 1379 374 1443 μὲν
415 1378 559 1443 ἀκοὴν
601 1379 987 1448 ἀποστρέφοντες
1034 1376 1127 1428 ἀπὸ
1171 1381 1254 1442 τῆς
1301 1376 1566 1442 ἀληθειάς,”
1609 1376 1728 1428 κατὰ
1773 1377 1827 1429 τὸ

234 1461 574 1528 γεγραμμένον,
611 1463 686 1512 ἐπὶ
726 1460 774 1511 δὲ
813 1465 879 1530 τῷ
918 1459 1154 1511 λελύσθαι
1193 1459 1277 1511 τὸν
1316 1460 1461 1522 νόμον
1496 1461 1578 1510 οὐκ
1617 1459 1827 1525 εὐλόγως

233 1543 634 1611 παρωργισμένοι,
674 1543 750 1594 διά
789 1566 837 1594 τε
877 1543 1057 1594 τούτων
1096 1542 1178 1593 τὸν
1217 1544 1441 1611 εὐφημεῖν
1479 1541 1706 1593 ἐθέλοντα
1744 1540 1828 1594 τὸν

233 1625 549 1693 τερατουργὸν
599 1628 646 1676 ἐν
699 1624 964 1691 κατηγόρου
1012 1624 1143 1693 τάξει
1193 1629 1408 1690 παρεῖναι
1459 1624 1745 1687 κελεύοντες,
1798 1623 1827 1690 ἢ

234 1708 516 1772 θαυμαστὴν
542 1707 767 1776 ὑπάρχειν
796 1705 1231 1770 ὑπολαμβάνοντες·
1274 1706 1330 1771 ἦν
1356 1705 1448 1772 γὰρ
1475 1707 1609 1760 οῦτος
1637 1709 1828 1771 άληθῶς

235 1792 284 1841 ἐν
322 1790 506 1845 ἐκείνοις
552 1792 576 1841 ὁ
623 1788 817 1851 σκοπὸς,
860 1790 1046 1855 ἐπείπερ
1085 1789 1240 1843 αὐτοῖς
1283 1787 1544 1856 ἀδιάφορον
1581 1794 1829 1844 παντελῶς

236 1875 311 1924 καὶ
338 1875 385 1924 ἐν
412 1872 544 1942 λόγῳ
570 1878 652 1924 τοῦ
679 1870 877 1937 μηδενὸς
903 1871 930 1934 ἡ
958 1876 1041 1922 τοῦ
1068 1869 1214 1933 νόμου
1240 1869 1517 1936 παράβασις
1543 1869 1613 1935 ἦν.
1655 1870 1732 1921 διά
1756 1894 1827 1922 τοι

235 1961 375 2007 τοῦτο
409 1954 468 2006 τὰ
502 1955 655 2005 δίκαια
691 1954 860 2020 κρίνειν
885 1951 1235 2019 παρωσάμενοι,
1262 1952 1381 2019 πρὸς
1410 1951 1464 2003 τὸ
1498 1955 1664 2003 δοκοῦν
1691 1952 1826 2019 ἐτρά-

11 2040 145 2124 {wal-ii·
195 2057 383 2089 θποντο
421 2036 579 2101 μόνον,
614 2036 761 2087 καίτοι
800 2036 1022 2101 λέγοντος
1061 2036 1436 2100 ἀμνημονοῦντες
1475 2038 1601 2085 Θεοῦ
1628 2036 1828 2099 “Χείλη

37 2108 43 2115 ’
237 2126 264 2148 “
291 2119 444 2185 ἱερέως
498 2119 763 2187 φυλάξεται
822 2119 991 2184 κρίσιν,
1044 2119 1120 2167 καὶ
1175 2116 1319 2180 νόμον
1379 2115 1720 2182 ἐκζητήσουσιν
1778 2118 1829 2168 ἐκ

237 2209 265 2230 “
291 2201 531 2264 στόματος
571 2199 761 2250 αὐτοῦ.”

443 2359 515 2401 AM.
557 2360 626 2400 καὶ
664 2355 781 2408 ὑμεῖς
820 2358 968 2399 θέλετε
1007 2356 1194 2406 μαΘΗταί
1231 2357 1361 2398 αὐτοῦ
1399 2358 1619 2410 Γενεσθαις

312 2472 643 2540 Ὠμολόγηκεν
668 2473 757 2538 ἤδη
791 2476 977 2541 σαφῶς,
1004 2473 1080 2522 καὶ
1117 2473 1391 2534 ὑποστολῆς
1428 2470 1620 2535 ἁπάσης
1655 2471 1824 2540 ἐξῃρη-

287 2632 319 2662 4.
345 2618 420 2665 τὸν]
440 2620 478 2653 τὸ
498 2619 633 2664 Migne.
769 2618 802 2652 8.
829 2615 970 2662 εἷκαῖον]
989 2617 1132 2661 μάταιον
1149 2628 1179 2651 a.
1312 2628 1346 2661 9.
1372 2616 1559 2661 ὠφέλησθε
1577 2628 1607 2650 a.
1629 2615 1705 2651 Cat.
1726 2616 1827 2652 Harl.

244 2677 296 2700 10.
321 2681 361 2710 με
379 2678 450 2701 om.
472 2666 513 2701 B.
562 2665 767 2710 Assumpsit
785 2677 803 2699 e
822 2664 899 2698 Cat.
918 2671 957 2698 ut
976 2663 1046 2698 vid.
1064 2663 1159 2697 Aub.
1332 2662 1385 2697 16.
1412 2664 1467 2697 διά
1484 2677 1519 2697 τε
1537 2662 1681 2708 τούτων]
1703 2663 1756 2696 καὶ
1773 2663 1828 2697 διὰ

239 2715 340 2746 τοῦτο
357 2725 388 2747 a.
505 2724 557 2758 17.
582 2714 736 2757 παρεῖναι
757 2711 830 2745 ss.a.
849 2710 925 2745 Cat.
948 2711 1048 2744 Harl.
1067 2707 1150 2744 εἶναι
1170 2709 1288 2744 Holst.
1309 2709 1377 2743 Ed.
1492 2721 1547 2744 20.
1572 2710 1714 2753 μηδενὸς
1730 2709 1748 2752 ἡ
1767 2712 1828 2744 τοῦ

239 2762 342 2803 νόμου
367 2761 564 2804 παράβασις
589 2758 628 2803 ἧν
651 2759 692 2793 Β.
716 2758 820 2802 μηδὲν
845 2759 959 2792 νοσεῖν
981 2759 1042 2791 τοῦ
1067 2759 1170 2802 νόμου
1194 2757 1392 2801 παράβασις
1417 2755 1456 2800 ἦν
1476 2756 1540 2791 Ht.
1566 2756 1660 2790 unde
1685 2756 1827 2799 μηδενὸς

239 2804 278 2848 ἧν
294 2808 354 2839 τοῦ
373 2808 475 2850 νόμου
492 2807 688 2851 παράβασις
705 2804 903 2839 emendavit
920 2804 1015 2838 Aub.
1147 2814 1201 2848 23.
1227 2803 1421 2847 φυλάξεται,
1439 2802 1545 2838 edidi.
1563 2801 1753 2845 λαλήσεται
1772 2802 1825 2836 καὶ

238 2853 429 2896 φυλάξεται
447 2865 510 2897 pro
528 2864 624 2887 more
642 2859 682 2886 ut
698 2851 838 2886 videtur
855 2851 1061 2895 corrigentis
1080 2861 1141 2894 per
1158 2849 1386 2884 additionem.
1406 2848 1473 2884 Ed.
1627 2858 1682 2893 25.
1707 2848 1825 2883 θέλετε

237 2898 381 2941 μαθηταὶ
399 2899 500 2933 αὐτοῦ
517 2899 583 2933 hoc
601 2899 723 2933 ordine
744 2898 785 2932 Β.
802 2898 949 2942 μαθηταὶ
965 2898 1068 2932 αὐτοῦ
1086 2895 1203 2931 θέλετε
1223 2896 1287 2931 Ht.
1306 2895 1373 2930 Ed.

1847 611 1868 650 5

1850 1071 1898 1098 10

1851 1483 1898 1522 15

1849 1894 1898 1919 20
