2001 3231
274 118 328 156 78
675 121 726 165 B.
759 121 1034 164 CYRILLI
1075 123 1460 166 ALEXANDR.
1602 125 1689 166 viii.
1709 135 1860 182 39‚40·

273 226 514 294 σκευάζειν
541 228 709 284 αὐτοὺς
735 232 981 298 ἐπιχειρεῖν
1007 234 1090 296 τῆς
1125 233 1200 284 ἐπὶ
1235 237 1301 302 τῷ
1336 233 1558 304 προγόνῳ
1590 235 1864 303 φιλοτιμίας

275 308 562 373 ὑπώπτευον,
613 313 774 374 αἵματι
828 312 878 364 δὲ
934 317 1000 383 τῷ
1053 314 1203 383 οἰκείῳ
1251 316 1537 381 προσνέμειν
1587 316 1673 380 τὴν
1722 316 1865 386 ἑτέρῳ

273 393 664 457 χρεωστουμένην
691 394 844 458 τιμὴν,
868 397 942 446 καὶ
970 398 1053 459 τῆς
1078 397 1412 464 πατριαρχειάς
1435 397 1522 462 τὴν
1549 398 1867 466 ἀρχαιοτάτην

274 471 421 542 δόξαν
465 476 868 541 ὑποτοπήσαντες,
915 478 1295 544 φιλονεικότερον
1339 502 1389 529 τε
1436 483 1510 530 καὶ
1557 480 1865 546 εὐτονώτερον

273 556 611 622 ὑπαντιάζουσι
649 558 869 623 λέγοντες
893 559 951 610 eO
988 560 1133 629 πατὴρ
1175 561 1289 628 ἡμῶν
1315 560 1538 630 Ἀβραάμ
1577 564 1704 615 ἐστιν.
1756 562 1904 614 ’ίσον5

272 636 366 703 γὰρ
425 639 485 692 ὡς
544 643 581 689 εὶ
639 643 713 690 καὶ
771 640 988 709 ἔφασκον
1041 640 1149 692 Κάν
1197 648 1370 711 σοφοῖς
1428 644 1562 708 ἡμᾶς,
1615 643 1652 694 ὦ
1708 645 1858 706 οὗτος,

271 719 627 789 περιαντλήσῃς
652 721 830 788 λόγοις,
858 722 947 773 κᾶν
981 729 1078 777 τοῖς
1112 725 1337 792 ἐξαισίοις
1370 726 1722 795 περικτυπήσῃς
1750 724 1863 777 θαύ-

272 823 392 862 μασι
445 804 520 853 καῖ
565 809 665 857 ταῖς
712 804 826 871 ὑπὲρ
872 805 1020 871 λόγον
1062 806 1424 876 κατακροτήσῃς
1473 809 1858 874 μεγαλουργίαις,

226 889 252 929 b
273 883 355 932 οὐκ
381 884 674 950 ἀποστήσεις
700 893 784 938 τοῦ
811 889 1009 955 ἀρχαίου
1037 889 1351 957 καυχήματος,
1380 891 1461 941 οὐκ
1496 890 1864 959 ἐπιγραψόμεθα

271 970 354 1015 τοῦ
393 965 553 1030 γένους
589 969 858 1036 ἀρχηγέτην
890 970 1072 1035 πατέρα
1106 972 1188 1022 τὸν
1220 971 1325 1033 σὸν,
1353 971 1491 1042 ἑτέρῳ
1526 972 1612 1037 τὴν
1644 972 1863 1036 τοιαύτην
1886 993 1934 1018 10

270 1048 353 1098 οὐκ
380 1050 683 1114 ἀναθήσομεν
705 1051 864 1120 δόξαν,
882 1054 992 1103 ἀλλ’
1013 1053 1115 1104 οὐδὲ
1143 1054 1272 1107 νέους
1297 1055 1530 1122 γενάρχας
1557 1060 1651 1105 τῶν
1672 1057 1864 1122 ἀρχαιο-

270 1129 416 1195 τέρων
448 1132 867 1202 ἀνταλλαξόμεθα.
924 1136 1204 1200 θαυμαστὸν
1236 1135 1285 1186 δὲ
1322 1137 1471 1197 οὐδὲν,
1500 1138 1611 1187 ἀλλ’
1640 1135 1744 1187 οὐδὲ
1780 1141 1864 1187 τοῦ

270 1213 585 1265 πιστεύεσθαι
635 1216 837 1282 μακρὰν,
889 1216 942 1267 τὸ
1003 1218 1237 1272 τοιαύταις
1302 1219 1522 1283 ἀμαθίαις
1571 1219 1863 1286 περιπίπτειν

269 1295 536 1360 Ἰουδαίους,
579 1297 697 1348 ὅπου
743 1302 818 1349 καὶ
865 1298 1017 1367 ψιλὸν
1064 1299 1290 1368 ὑπάρχειν
1335 1300 1479 1352 αὐτὸν
1525 1300 1864 1365 ὑπελάμβανον

46 1368 208 1452 2342?
271 1376 536 1443 ἄνθρωπον,
585 1381 660 1430 καὶ
704 1387 787 1432 τοῦ
832 1380 1045 1436 τέκτονος
1091 1382 1361 1434 ἀπεκάλουν
1408 1384 1505 1434 υἱὸν
1549 1383 1864 1449 πολυτρόπως
1887 1400 1933 1439 15

232 1476 253 1502 C
271 1459 647 1527 ἐξευτελίζοντες,
675 1464 750 1513 καὶ
776 1464 824 1514 ἐν
851 1468 917 1533 τῷ
943 1467 1103 1527 μηδενὶ
1139 1465 1506 1520 κατατάττοντες
1533 1465 1615 1516 τὸν
1641 1465 1864 1517 ἁπάντων

269 1545 481 1602 βασιλέα
520 1547 595 1595 καὶ
630 1544 821 1612 Κύριον.
874 1546 944 1597 ὅτι
984 1546 1033 1598 δὲ
1073 1549 1147 1598 καὶ
1186 1551 1291 1614 περὶ
1331 1552 1414 1612 τῆς
1454 1550 1590 1614 ἁγίας
1629 1550 1864 1615 παρθένου

270 1624 547 1689 διετέθησαν
580 1628 663 1677 οὐκ
698 1628 863 1693 ὀρθῶς,
891 1631 954 1682 ὡς
992 1629 1081 1680 ὑπό
1116 1652 1199 1680 του
1235 1632 1633 1700 κατεφθαρμένης,
1661 1631 1737 1682 διὰ
1770 1636 1864 1683 τῶν

269 1707 441 1775 ἐφεξῆς
469 1713 641 1776 σαφῶς
668 1709 724 1773 δὴ
751 1711 859 1761 λίαν
886 1710 1125 1774 εἰσόμεθα.

271 1867 389 1915 ΛέΓει
428 1866 573 1910 αὐτοῖς
610 1870 632 1911 ὁ
664 1870 828 1912 ἸΗσοῡε
863 1869 907 1912 Εἰ
945 1872 1073 1913 τέκνα
1111 1872 1400 1930 τοῦἋβραὰμ
1441 1870 1528 1926 ἦτε,
1558 1874 1609 1915 τὰ
1647 1874 1749 1931 ἐ’ρΓα
1787 1880 1860 1917 τοῦ
1885 1890 1934 1915 20

203 1962 255 1997 40
333 1951 529 2008 ‘Asspodu
557 1951 745 1995 ἐποιεῖτε
772 1955 835 1995 ἄν·
876 1958 947 1996 νῦν
976 1955 1021 1996 δὲ
1056 1953 1215 2013 ζΗτεῖτὲ
1250 1972 1301 2006 με
1337 1955 1603 2009 ἀποκτεῖναι,
1630 1958 1862 2015 ἄνθρωπον

337 2035 385 2077 ὃς
422 2037 498 2077 τὴν
536 2036 744 2079 ἀλήθειαν
783 2035 877 2087 ὑμῖν
915 2040 1151 2091 λελάλΗκα,
1180 2041 1230 2082 ἂν
1269 2041 1431 2083 ἥκουσα
1470 2041 1586 2098 Παρὰ
1624 2045 1697 2083 τοῦ
1738 2041 1860 2083 Θεοῦ·

223 2121 251 2162 (1
337 2121 464 2160 τοῦτο
494 2120 692 2176 Ἀβραάμ
730 2122 806 2162 οὐκ
845 2121 1038 2164 ὲΠοίΗσε.

344 2229 440 2280 Διά
465 2231 656 2295 παντὸς,
684 2236 745 2287 ὡς
780 2233 889 2287 ἔπος
925 2239 1080 2298 εἰπεῖν,
1107 2235 1285 2301 τρόπου
1319 2260 1367 2287 τε
1403 2239 1479 2288 καὶ
1512 2236 1662 2303 λόγου
1687 2236 1741 2288 τὸ
1768 2241 1864 2288 τῶν

267 2309 507 2363 Ἰουδαίων
546 2314 809 2366 τιθασεύων
851 2316 1032 2382 θράσος
1078 2318 1462 2382 ἐπεσκιασμένως
1507 2321 1661 2373 αὐτοῖς
1705 2343 1861 2387 προσ·
1885 2347 1932 2385 25

268 2399 416 2445 λαλεῖ
454 2395 681 2461 Χριστὸς,
724 2399 777 2448 οὐ
822 2398 1004 2463 γυμνὸν
1048 2399 1314 2466 προσάγων
1358 2400 1441 2452 τὸν
1485 2400 1704 2469 ἐ’λεγχον,
1748 2403 1861 2452 ἀλλ’

267 2476 391 2546 ἠπίῳ
417 2477 502 2540 μὲν
528 2478 661 2549 λόγῳ
689 2481 987 2547 κεκραμένον,
1016 2482 1272 2550 ὑφειμένως
1306 2483 1362 2533 δέ
1391 2507 1490 2537 πως
1526 2486 1601 2534 καὶ
1635 2485 1864 2538 ποικίλως

268 2559 423 2609 αὐτῶν
461 2562 822 2627 καταγοητεύων
860 2585 904 2613 τι
943 2563 1025 2614 τὸν
1065 2565 1228 2627 θυμόν.
1294 2564 1450 2630 ἐπειδὴ
1493 2564 1541 2616 δὲ
1586 2564 1714 2617 πολὺ
1755 2566 1864 2616 λίαν

268 2642 629 2706 ἀνοηταίνοντας
667 2644 852 2708 βλέπει,
884 2648 960 2696 καὶ
999 2647 1243 2701 συνιέντας
1281 2652 1376 2698 τῶν
1415 2648 1668 2715 εἰρημένων
1707 2647 1860 2711 οὐδὲν,

268 2722 511 2790 ἐλεύθερον
550 2725 639 2790 ἤδη
682 2727 1123 2791 καταπετάσματος,
1165 2733 1241 2780 καὶ
1279 2729 1461 2795 γυμνὸν
1501 2728 1694 2794 ἀπάσης
1734 2752 1863 2796 περι-
1884 2757 1934 2793 30

269 2807 423 2868 βολῆς
457 2812 653 2858 ποιεῖται
693 2808 776 2860 τὸν
815 2808 979 2876 λόγον.
1036 2812 1125 2862 ἔδει
1164 2811 1257 2878 γὰρ
1297 2811 1401 2876 ἔδει,
1440 2813 1605 2881 φησὶν,
1646 2816 1683 2862 εὶ
1721 2811 1776 2862 τὸ
1815 2813 1864 2862 ἐν

321 2937 374 2972 13.
393 2928 431 2961 τὸ
452 2927 492 2962 Β.
515 2929 633 2964 Holst.
653 2946 683 2965 τι
702 2932 796 2967 Aub.
896 2934 951 2968 28,
971 2935 1166 2981 Assumpta
1183 2951 1214 2970 τι
1233 2948 1273 2970 ex
1295 2936 1323 2970 B
1344 2935 1596 2980 suprascripto,
1614 2935 1705 2969 πολὺ
1723 2947 1763 2969 ex
1785 2935 1825 2969 B.
