2022 3272
102 141 184 182 xiv.
210 157 240 183 1.
481 148 554 187 IN
596 149 637 188 S.
673 149 1012 189 ιΙΟΛΝΝῙΙΕΜ.
1076 151 1201 190 Llss.
1236 151 1313 191 IX.
1606 150 1689 189 399

101 257 168 320 τῷ
194 256 361 320 χρῆναι
388 261 753 308 κατακολουθεῖν
781 259 907 326 αὐτῷ
934 258 1282 322 διηντλήκαμεν
1308 257 1495 321 πόνους,
1523 260 1599 308 καὶ
1631 262 1692 312 εἷς
1712 262 1739 302 <l

102 334 267 400 ζημίαν
307 338 514 402 ἱδρώτων
552 340 800 408 ἐκτελευτᾷ
843 338 897 390 τὸ
936 341 1227 407 ἐπιχείρημα,
1267 342 1416 391 καίτοι
1455 340 1571 406 ζωῆς
1610 343 1692 402 τῆς

101 416 232 484 παρὰ
263 422 372 487 Θεῷ
411 419 644 489 πρόξενον
679 420 792 471 εἶναι
833 424 1016 472 δοκοῦν.
1070 421 1221 473 ταῦτά
1258 446 1329 473 τοι
1369 424 1476 473 καθ’
1503 421 1692 476 ἑαυτοὺς

102 502 448 564 διενθυμεῖσθαι
489 501 596 557 τοῦς
638 503 852 568 μαθητὰς
896 504 950 555 τὸ
997 504 1185 558 ἀπεικὸς
1230 505 1379 555 οὐδέν·
1439 503 1595 568 ἐπειδὴ
1641 504 1690 554 δὲ

58 583 376 647 5κεκλιμένην
426 585 582 639 αὐτοῖς
632 585 718 649 τὴν
769 586 977 637 διάνοιαν
1028 589 1318 653 ἐπανορθοῦν
1370 586 1459 637 ε”δει
1515 585 1684 648 πάλιν,

101 665 357 730 ἀναγκαῖον
401 665 565 733 ὥσπερ
610 673 705 721 τοῖς
750 670 960 719 ἐντεῦθεν
1003 672 1334 735 διαλογισμοῖς
1377 692 1426 719 τε
1473 671 1548 719 καὶ
1594 670 1686 719 δεί-

99 769 249 809 μασιν
274 749 525 814 άντεπάγει
558 749 612 800 τὸ
648 749 915 819 φάρμακον,
943 750 1095 802 ὅπλον
1118 775 1166 802 τε
1193 755 1432 802 ποιεῖσθαι
1463 751 1549 815 τὴν
1575 753 1689 802 ἀτα-

99 830 269 898 ραξίαν
295 831 527 882 ἐπιτάττει
562 831 714 898 λέγων
744 831 817 893 Μὴ
846 832 1132 900 ταρασσέσθω
1165 833 1279 902 ὑμῶν
1304 836 1325 894 ἡ
1361 831 1546 903 καρδία.
1601 833 1689 899 ὅρα

100 912 261 976 γεμὴν,
309 912 436 967 ὅπως
481 915 869 978 ἐπεσκιασμένως
915 916 1070 968 αὐτοῖς
1121 918 1204 979 τῆς
1255 915 1482 980 ἐσομένης
1532 916 1687 969 αὐτοῖς

32 1015 78 1039 10
99 997 418 1064 μικροψυχίας
458 997 753 1064 ὑπισχνεῖται
791 996 877 1061 τὴν
916 997 1104 1066 ἄφεσιν.
1157 997 1562 1052 ἀκατακαλύπτως
1601 997 1726 1061 μὲνΟ

45 1113 52 1120 -
98 1077 193 1144 γὰρ
235 1079 289 1129 οὐ
335 1079 499 1148 φησιν,
539 1077 610 1129 ὅτι
655 1079 1003 1144 συγγνώσομαι
1047 1081 1123 1130 καὶ
1169 1079 1502 1144 ἠσθενηκόσιν,
1544 1078 1572 1144 ἢ
1615 1080 1685 1131 ὅτι

99 1161 362 1225 συνέσομαι
398 1160 548 1212 πάλιν
585 1160 718 1212 οὐδὲν
751 1161 892 1226 ἧττον
919 1163 1274 1228 ἀρνησαμένοις,
1303 1161 1330 1227 ἢ
1366 1163 1679 1231 πεφευγόσιν,

98 1245 173 1294 ἵνα
208 1243 273 1308 μὴ
311 1243 394 1295 τὸν
425 1245 474 1294 ἐκ
513 1249 596 1294 τοῦ
635 1248 872 1308 γελᾶσθαι
913 1243 1069 1312 φόβον
1104 1245 1341 1299 ὁλοτελῶς
1376 1244 1678 1310 ἀποστήσας,

99 1328 174 1376 καὶ
219 1326 304 1391 τὴν
345 1328 394 1376 ἐκ
438 1331 522 1376 τοῦ
565 1326 879 1392 προσκρούειν
922 1326 1144 1377 ὑπόνοιαν
1187 1328 1424 1381 ὁλοτελῶς
1468 1327 1678 1395 ἀφελὼν,

31 1416 76 1455 15
99 1413 227 1459 λεῖον
263 1410 418 1462 αὐτοῖς
457 1407 788 1474 ἀπεργάσηται
827 1408 880 1460 τὸ
919 1407 1267 1473 πλημμέλημα,
1299 1411 1374 1460 καὶ
1412 1411 1519 1475 παρ’
1550 1408 1683 1460 οὐδὲν

97 1495 333 1542 ποιεῖσθαι
370 1490 537 1559 διδάξῃ
570 1490 656 1555 τὴν
680 1492 730 1541 ἐκ
757 1494 839 1555 τῆς
866 1491 1106 1557 ἀρνήσεως
1131 1494 1331 1560 μέμψιν.
1376 1491 1430 1543 τὸ
1458 1491 1506 1543 δὲ
1535 1491 1592 1555 δὴ
1616 1491 1682 1556 μὴ

96 1576 267 1640 χρῆναι
311 1572 631 1639 ταράττεσθαι
675 1572 844 1639 λέγων,
884 1574 1060 1637 μέσους
1101 1573 1268 1628 αὐτοὺς
1314 1575 1505 1629 ἐλπίδος
1545 1575 1681 1625 ἐτίθει

96 1657 171 1706 καὶ
213 1657 440 1719 δείματος,
480 1656 533 1706 ἵν’
573 1654 864 1719 ἠσθενηκόσι
908 1655 992 1719 μὲν
1032 1658 1107 1707 καὶ
1151 1660 1390 1708 παθοῦσιν
1429 1658 1585 1711 αὐτοῖς
1627 1656 1720 1708 rba
1761 1670 1905 1706 761A.

95 1738 405 1804 ἀνθρώπινον,
444 1738 471 1802 ἡ
513 1739 595 1801 τῆς
637 1735 924 1803 ἡμερότητος
968 1740 1102 1792 ἐλπὶς
1142 1737 1260 1805 πρὸς
1300 1739 1355 1790 τὸ
1400 1741 1682 1809 ἀνασφῆλαι

28 1836 77 1861 20
95 1824 344 1888 συμμαχῇ·
411 1819 626 1886 ὀλιγάκις
667 1819 715 1871 δὲ
754 1820 937 1871 πταίειν
975 1822 999 1871 ὁ
1039 1826 1122 1872 τοῦ
1160 1820 1476 1887 προσκρούειν
1514 1820 1682 1875 αὐτοὺς

94 1902 318 1970 ἐπιτρεπῃ
346 1901 514 1970 φόβος,
540 1902 727 1968 ε’πειπερ
753 1902 908 1955 αὐτοῖς
935 1926 1063 1954 ουπω
1090 1905 1236 1966 μετῆν
1261 1902 1315 1953 τὸ
1349 1902 1415 1967 μὴ
1449 1903 1681 1954 δύνασθαι

94 1983 357 2034 διαπιπτειν
383 1983 521 2045 ὅλως,
549 1984 679 2034 οὔπω
705 1984 1135 2052 κατημφιεσμενοις
1168 1983 1254 2048 τὴν
1281 1985 1460 2035 ἄνωθεν
1485 1986 1561 2035 καὶ
1595 1983 1681 2049 τὴν
1741 1992 1871 2069 Ξῖὲῑῐῠ-

92 2065 150 2133 εξ
185 2067 338 2134 ὕψους
376 2065 586 2129 δύναμιν,
613 2088 844 2128 τουτεστι,
872 2065 957 2130 τὴν
984 2065 1061 2116 διὰ
1096 2072 1179 2117 τοῦ
1211 2066 1487 2130 Πνευματος
1521 2066 1676 2134 χάριν.
1851 2046 1904 2079 49·

91 2147 324 2199 ἐπιτάττει
368 2153 619 2213 τοιγαροῦν
655 2146 721 2211 μὴ
767 2147 1099 2213 ταράττεσθαι,
1140 2148 1258 2212 ὁμοῦ
1295 2171 1380 2212 μεν
1418 2148 1675 2210 διδάσκων,

25 2246 74 2285 25
93 2252 163 2280 οτι
202 2251 289 2295 περ
334 2252 572 2296 προσηκοι
611 2227 668 2293 δὴ
707 2228 896 2283 πάντως
936 2230 1149 2292 ἀμείνους
1194 2228 1309 2281 εἶναι
1354 2232 1530 2285 δειλίας
1574 2230 1723 2286 τους-ἶ)

91 2312 401 2380 ἀγωνίζεσθαι
450 2309 719 2375 μέλλοντας
764 2313 839 2362 καὶ
877 2311 985 2365 τοὺς
1027 2311 1144 2378 ὑπὲρ
1186 2315 1268 2377 τῆς
1313 2316 1375 2367 εἰς
1417 2313 1561 2380 ἄκρον
1600 2315 1674 2365 εὐ-

91 2393 249 2447 κλείας
276 2393 595 2458 εἶσβήσεσθαι
620 2392 808 2447 πόνους·
861 2393 984 2459 με’γα
1010 2393 1103 2461 γὰρ
1129 2397 1191 2448 εἷς
1217 2394 1466 2460 εὐτολμίας
1491 2394 1681 2465 ἐφόδιον

90 2476 115 2525 ὁ
154 2475 390 2542 ἀτάραχος
431 2481 549 2528 νοῦς·
595 2476 712 2539 ὁμοῦ
750 2474 799 2526 δὲ
839 2476 897 2526 αὖ
935 2472 1085 2527 πάλιν
1123 2477 1441 2544 ἀμυδρότερον
1479 2477 1564 2542 μὲν
1602 2481 1680 2529 καὶ

89 2558 143 2607 οὐ
174 2557 368 2626 σφόδρα
395 2560 649 2625 διαφανῶς,
676 2558 978 2623 ὑποσπείρων
1005 2558 1049 2607 δ’
1079 2559 1161 2608 οὖν
1183 2558 1308 2622 ὅμως
1344 2563 1427 2623 τῆς
1463 2559 1678 2628 ἀφέσεως

22 2659 71 2695 30
89 2639 174 2704 τὴν
210 2640 391 2700 ἐλπίδα,
431 2642 506 2688 καὶ
548 2642 586 2688 εἰ
626 2639 807 2704 γε’νοιτό
845 2662 945 2692 πως
987 2639 1142 2693 αὐτοῖς
1188 2639 1242 2690 τὸ
1284 2640 1341 2707 ἐξ
1382 2642 1678 2707 ἀνθρωπίνης

138 2821 168 2858 7.
195 2812 374 2857 ἀντεπαγει
394 2812 434 2845 Ε.
454 2811 652 2855 ἀιτεπάγειν
671 2810 737 2845 Ed.
942 2811 974 2845 8.
1001 2811 1154 2844 ἐπιτάττε
1175 2811 1254 2855 (Sic)
1275 2811 1317 2846 Ε.
1390 2812 1611 2857 ταραττέσθω
1631 2814 1673 2849 Ε.

92 2860 145 2893 18.
172 2859 328 2902 δείματος
347 2858 387 2892 E.
406 2873 461 2902 γρ.
481 2857 636 2901 δείματος
655 2857 747 2891 Aub.
765 2869 836 2902 mg.
856 2857 1035 2902 δείγματος
1052 2857 1147 2892 Aub.
1314 2868 1369 2895 Ξῖ.
1393 2859 1560 2904 προσήκει
1581 2860 1674 2896 Catt.

91 2914 146 2950 27.
171 2906 350 2949 εὐτολμίας
369 2906 410 2940 Ε.
429 2904 609 2948 εὐτολμίαν
626 2904 693 2939 Ed.
711 2905 863 2939 εὐτονίαν
880 2916 910 2938 a.
930 2905 1079 2940 ευτονίας
1096 2916 1126 2938 c.
1146 2904 1253 2939 Cord.
1459 2907 1514 2941 28.
1539 2907 1601 2951 μὲν
1618 2919 1673 2942 aS-

90 2959 272 2997 sumptum
289 2964 329 2986 ex
348 2952 390 2986 E,
