1971 3272
108 147 276 203 viii.32.
366 148 438 188 IN
483 149 524 188 S.
558 148 891 188 JOANNEM.
956 148 1078 188 12113.
1107 149 1155 188 V.
1219 149 1350 188 CAP.
1381 150 1425 188 V.
1633 148 1681 186 61

106 259 173 323 τῷ
216 261 554 323 μηλοσφαγεῖν
598 262 733 306 ποῖον
778 254 834 305 ἂν
879 257 987 322 εὕρῃ
1032 278 1100 308 τις
1144 255 1198 304 τὸ
1245 256 1439 320 κέρδος,
1502 256 1548 303 τί
1596 254 1688 318 γὰρ

105 341 331 401 χαριεῖται
371 336 446 387 διὰ
484 337 662 387 τούτων
700 340 848 397 οἱονεὶ,
889 336 1006 386 ὅσον
1044 336 1154 400 ἧκεν
1192 341 1253 388 εἷς
1296 335 1381 398 τὴν
1419 341 1502 385 τοῦ
1546 334 1688 397 νόμου

104 417 398 482 παράβασιν,
451 419 722 486 ὑβρισμένῳ
780 422 846 486 τῷ
905 421 1052 486 Θεῴ;
1116 419 1258 467 αὐτοῦ
1316 417 1409 482 γὰρ
1466 416 1689 480 λέγοντος

105 497 313 548 ἄκουσον
362 506 388 527 “
416 499 501 563 Μὴ
554 499 782 568 φάγωμαι
834 500 944 565 κρέα
994 499 1191 564 ταύρων,
1244 497 1272 562 ἢ
1331 497 1444 561 αἷμα
1499 497 1688 561 τράγων
1751 503 1900 533 Psallx.

63 593 85 632 5
106 585 133 607 “
155 580 389 643 πίωμαι;”
430 581 548 646 πρὸς
582 581 762 635 τούτοις
801 582 865 631 ἔτι
901 579 1018 646 πρὸς
1047 582 1298 633 Ἰουδαίους
1332 582 1537 645 ἐναργῶς
1565 586 1591 607 “
1612 578 1688 629 Τά
1751 589 1909 662 ’ΞΙΙίῡΞ-Ίνίῑ·

105 667 132 690 “
158 661 530 725 ὁλοκαυτώματα
569 665 697 726 ὑμῶν
734 661 853 713 κατὰ
891 667 985 712 τῶν
1021 667 1201 713 θυσιῶν
1233 664 1363 724 ὑμῶν
1392 659 1689 726 συναγάγετε
1840 656 1867 672 ’ν

105 749 133 772 “
159 745 234 793 καὶ
281 742 459 811 φάγετε
502 744 625 810 κρέα,
669 744 739 794 ὅτι
785 745 867 794 οὐκ
910 743 1132 808 ἐλάλησα
1172 742 1290 809 πρὸς
1334 742 1441 796 τοὺς
1484 741 1688 806 πατέρας

105 830 133 853 “
160 825 289 887 ὑμῶν
323 827 427 890 περὶ
469 823 878 888 ὁλοκαυτωμάτων
911 827 987 875 καὶ
1025 829 1217 886 θυσιῶν,
1255 825 1366 874 ἀλλ’
1401 822 1430 887 ἦ
1469 822 1522 874 τὸ
1561 825 1734 889 ῥῆμαά

105 911 133 934 “
158 911 296 956 τοῦτο
334 907 634 970 ἐνετειλάμην
665 908 819 960 αὐτοῖς
859 907 1013 971 λέγων
1042 910 1202 972 Κρῖμα
1243 906 1418 956 δίκαιον
1453 906 1684 971 κρίνατε.”

4 989 6 991 ’
38 1007 88 1032 10
106 987 272 1038 οὐκοῦν
310 988 534 1052 ἀνόνητος
572 992 818 1042 παντελῶς
856 989 884 1052 ἡ
927 989 982 1038 δι’
1018 988 1227 1052 αἱμάτων
1265 987 1578 1053 προσαγωγὴ,
1614 989 1688 1037 καὶ

105 1069 395 1119 ἀποπλύνειν
445 1071 528 1120 οὐκ
579 1068 673 1120 οἶδε
723 1069 809 1133 τὴν
861 1070 917 1138 ἐξ
964 1069 1193 1135 ἁμαρτίας
1250 1068 1690 1135 προστετριμμένην

105 1150 337 1220 ἀνθρώπῳ
365 1152 549 1215 κηλίδα.
605 1151 971 1218 πληροφορήσει
1007 1151 1055 1201 δὲ
1087 1151 1249 1213 πάλιν,
1276 1150 1389 1201 ὅταν
1416 1151 1515 1217 ἰ’δῃς
1548 1150 1690 1200 αὑτὸν

104 1230 308 1296 λέγοντα
346 1233 465 1297 πρὸς
503 1231 589 1296 τὴν
627 1237 722 1283 τῶν
759 1233 998 1283 Ἰουδαίων
1035 1233 1212 1298 μητέρα
1250 1232 1336 1296 τὴν
1373 1231 1690 1298 Ἰερουσαλὴμ

106 1312 182 1362 διὰ
226 1317 385 1381 φωνῆς
427 1315 651 1380 Ἱερεμίου
697 1322 723 1344 “
751 1316 816 1365 Τί
857 1315 884 1377 ἡ
929 1314 1208 1379 ἠγαπημένη
1251 1315 1300 1364 ἐν
1339 1315 1404 1382 τῷ
1448 1313 1557 1382 οἴκῳ
1600 1336 1690 1375 μου
1752 1327 1912 1366 Ib.xi.15.

40 1412 87 1451 15
108 1401 134 1424 ‘⁶
159 1395 352 1459 ἐποίησε
384 1395 728 1460 βδελύγματα;
770 1395 835 1459 μὴ
863 1397 992 1463 εὐχαὶ
1027 1398 1102 1445 καὶ
1140 1396 1251 1461 κρέα
1284 1395 1395 1460 ἅγια
1426 1396 1691 1461 ἀφελοῦσιν

106 1482 134 1505 “
159 1476 253 1526 ἀπὸ
280 1482 372 1527 σοῦ
399 1476 482 1531 τὰς
508 1478 671 1531 κακίας
697 1476 847 1541 coust}
874 1476 1055 1531 τούτοις
1081 1476 1312 1546 διαφεύξῃ
1329 1478 1366 1537 ;”
1388 1483 1414 1505 “
1430 1476 1691 1527 Ἀδύνατον
1710 1493 1731 1519 e
1754 1491 1913 1532 Heb.x.4.

107 1562 135 1585 ‘⁶
160 1556 252 1624 γὰρ
292 1557 407 1621 αἷμα
444 1559 628 1625 ταύρων
661 1560 736 1609 καὶ
774 1558 964 1625 τράγων
1003 1560 1220 1626 ἀφαιρεῖν
1258 1559 1528 1624 ἁμαρτίας,”
1567 1560 1628 1611 ὡς
1667 1559 1692 1608 ὁ

109 1639 305 1693 Παῦλός
332 1644 500 1709 φησιν.
555 1640 626 1691 ὅτι
660 1639 708 1691 δὲ
743 1641 805 1694 ὡς
840 1641 1017 1691 εἰκαίαν
1043 1645 1328 1703 μελετῶντες
1356 1640 1591 1705 λατρείαν,
1617 1642 1694 1689 καὶ

107 1720 192 1775 τὰς
237 1723 292 1772 δι’
329 1721 539 1786 αἱμάτων
581 1721 906 1788 προσαγωγὰς
948 1723 1051 1787 ἤτοι
1097 1723 1391 1790 δωροφορίας
1437 1722 1506 1772 ἐπ’
1544 1722 1694 1772 οὐδενὶ

39 1827 88 1852 20
108 1807 203 1854 τῶν
244 1805 493 1870 χρησίμων
538 1806 767 1855 ἐπιτελεῖν
809 1802 1169 1870 σπουδάζοντες,
1212 1806 1296 1866 τῆς
1340 1803 1465 1856 θείας
1509 1803 1694 1856 εἰκότως

108 1886 256 1949 αὐλῆς
291 1885 623 1953 ἐξεπέμποντο,
651 1885 828 1953 διδάξει
863 1890 1037 1954 σαφῶς
1072 1887 1147 1936 καὶ
1185 1885 1261 1936 διὰ
1298 1888 1457 1951 φωνῆς
1483 1883 1693 1936 Ἱ-Ῑσαίου

107 1965 264 2032 λέγων
313 1974 340 1995 “
368 1971 545 2017 Πατεῖν
593 1966 678 2030 τὴν
730 1966 881 2030 αὐλήν
931 1989 1022 2029 μου
1075 1967 1128 2017 οὐ
1183 1966 1544 2030 προσθήσεσθε·
1613 1965 1692 2015 ἐὰν
1754 1965 1914 2048 1133·³·¹²’

108 2054 135 2077 “
161 2048 330 2116 φέρητε
356 2049 621 2111 σεμίδαλιν,
647 2047 860 2111 μάταιον·
894 2048 1117 2112 θυμίαμα,
1140 2047 1388 2112 βδέλυγμά
1413 2070 1491 2110 μοι
1518 2047 1689 2098 ε’στίν.”

108 2130 275 2180 οὐκοῦν
309 2131 392 2180 οὐκ
427 2132 475 2180 ἐν
508 2130 709 2183 ἐκείνοις
752 2134 848 2183 τοῖς
887 2131 935 2180 ἐν
967 2127 1095 2197 νόμῳ
1135 2128 1509 2193 διατεταγμένοις
1548 2129 1688 2197 φημί·
1711 2149 1732 2174 a
1767 2141 1849 2176 537
1863 2139 1913 2175 A.

39 2210 136 2274 25⁷}
181 2211 362 2275 ἀληθὴς
406 2211 633 2276 σωτηρία,
673 2211 784 2261 ἀλλ’
828 2211 926 2261 οὐδ’
971 2208 1028 2260 ἂν
1074 2207 1229 2260 ἕλοιτό
1276 2232 1346 2263 τις
1393 2211 1564 2260 ἐκεῖθεν
1607 2208 1693 2272 τὴν

107 2292 392 2357 τριπόθητον
429 2292 708 2356 ἐλευθερίαν,
734 2291 820 2355 τὴν
856 2293 906 2341 ἐκ
943 2294 1026 2354 τῆς
1065 2291 1293 2357 ἁμαρτίας
1333 2290 1471 2359 φημί·
1527 2291 1694 2355 ὀλίγον

109 2373 158 2424 δὲ
181 2378 276 2424 τῶν
301 2374 462 2425 τύπων
489 2372 892 2437 ἀναπηδήσαντες,
919 2374 994 2423 καὶ
1029 2376 1112 2436 τῆς
1146 2374 1193 2423 ἐν
1219 2370 1448 2435 πνεύματι
1475 2372 1693 2437 λατρείας

108 2459 466 2520 περιαθροῦντες
503 2453 594 2518 ἤδη
632 2453 686 2505 τὸ
721 2453 917 2515 κάλλος,
944 2453 1256 2519 ἐπεγνωκότες
1291 2475 1340 2503 τε
1372 2451 1441 2512 τὴν
1473 2452 1692 2514 ἀλήθειαν,

109 2535 338 2598 τουτέστι,
366 2533 450 2586 τὸν
475 2535 708 2602 Χριστὸν,
739 2534 814 2585 διὰ
850 2538 934 2598 τῆς
972 2539 1034 2587 εἷς
1072 2532 1215 2585 αὐτὸν
1247 2535 1454 2586 πίστεως
1492 2533 1692 2583 δικαιού-

159 2660 192 2696 5.
218 2652 344 2694 πίωμαι
363 2652 405 2686 B.
426 2651 544 2685 Holst.
561 2652 680 2695 πίομαι
698 2651 793 2685 Aub.
967 2662 1000 2694 9.
1026 2650 1144 2684 Verba
1159 2652 1260 2694 κρῖμα
1278 2650 1405 2683 δικαῖον
1423 2649 1555 2693 κρίνατε
1574 2648 1694 2682 deesse

111 2698 149 2732 in
166 2709 256 2732 vers.
276 2697 371 2742 Sept.
389 2697 533 2731 adnotat
550 2698 645 2731 Aub.
808 2707 863 2731 10.
887 2695 924 2741 ἡ]
949 2701 985 2737 -1-
1007 2699 1073 2730 τῶν
1092 2696 1156 2730 Ht.
1177 2696 1244 2729 Ed.
1407 2706 1460 2737 15.
1487 2695 1541 2728 καὶ
1559 2694 1694 2728 addidit

113 2759 208 2794 Aub.
360 2759 414 2793 18.
441 2759 485 2794 ὡς
502 2758 627 2793 εἰκαίαν
644 2758 806 2792 emendat
824 2759 954 2804 Heyse.
973 2750 1053 2792 c‘wf?
1077 2758 1171 2791 καιὰν
1189 2757 1232 2791 Β.
1251 2757 1333 2792 ὤσει
1351 2757 1404 2790 καὶ
1421 2757 1499 2791 τοὺς
1518 2756 1581 2790 Ht.
1599 2756 1694 2790 unde

1008 2813 1115 2834 πεμπον

113 2836 182 2871 Ed.
233 2836 357 2871 Statim
374 2838 585 2880 μελετῶντας
604 2835 669 2870 Ht.
688 2835 756 2870 Ed.
869 2847 924 2870 21.
951 2836 1172 2879 ἐξεκοπτοντο
1191 2836 1232 2870 Β.
1354 2846 1409 2880 23.
1435 2850 1492 2879 μοι
1510 2848 1578 2869 orn.
1598 2835 1692 2869 Aub.

113 2892 170 2928 27.
196 2884 255 2917 τὸν
271 2882 376 2917 τύπον
394 2883 436 2916 Β.
458 2883 521 2916 Ht.
539 2882 735 2916 emendavit
751 2894 769 2916 e
788 2881 864 2917 Cat.
884 2882 978 2916 Aub.
997 2888 1030 2916 et
1047 2883 1095 2916 ita
1112 2894 1142 2916 a.
1326 2893 1381 2926 29.
1407 2884 1466 2916 τοῦ
1483 2884 1631 2927 χριστοῦ
1650 2882 1693 2916 Β.

114 2928 178 2963 Ht.
197 2929 394 2963 emendavit
412 2928 505 2962 Aub.
524 2931 674 2972 Χριστὸν
691 2940 721 2962 a.
