2022 3272
106 130 189 170 xiv.
214 143 275 182 14.
346 130 418 170 IN
461 130 503 169 S.
538 127 876 168 JOANNEM.
940 126 1064 166 12113.
1101 126 1177 165 IX.
1240 125 1372 165 CAP.
1410 125 1443 165 I.
1608 126 1686 163 [161

105 238 160 288 δέ
180 261 283 288 τινα
315 237 401 301 τὴν
428 237 547 288 κατὰ
576 236 768 288 πάντων
793 236 913 303 ἔχειν
942 234 1189 302 ὑπεροχήν·
1231 236 1340 284 ἀλλ’
1371 235 1588 284 ἰ’στωσαν
1621 233 1691 283 ὅτι

105 319 236 371 ούδεν
268 321 406 384 ἧττον
440 322 658 386 ύβριοῦσι
697 319 782 382 τὴν
815 325 897 369 τοῦ
932 318 1123 384 Πατρὸς
1163 317 1250 384 δύ(
1241 341 1321 378 αν,
1354 316 1581 376 τουτέστι,
1610 314 1693 366 τὸν

104 400 280 464 Υὶὸν,
263 402 358 453 ἔστ’
393 402 449 453 ἂν
488 401 629 452 αὐτὸν
664 403 929 467 ἐναρίθμιον
969 401 1179 465 λεγωσιν
1209 398 1323 449 εἶναι
1361 403 1457 451 τοῖς
1498 421 1691 460 πεποιη-

104 507 273 546 μενοις.
328 484 382 535 τὸ
413 483 506 550 γὰρ
539 483 863 549 ζητούμενόν’
842 506 986 546 εστιν,
1015 483 1097 532 οὐκ
1124 486 1161 532 εὶ
1186 481 1309 546 με’γα
1336 480 1480 547 τυχόν
1507 481 1637 529 ἐστιν
1666 478 1692 543 ὴ

61 585 83 623 5
103 565 270 631 μικρὸν
293 567 485 629 ποίημα,
513 567 622 616 ἀλλ
653 570 689 616 εἰ
726 566 850 620 ὅλως
884 564 1092 631 γενητὸς,
1119 587 1194 614 και
1225 568 1416 628 μᾶλλον
1444 564 1546 630 οὐχι
1574 561 1692 615 Θεὸς
1714 570 1740 610 b

104 647 225 698 κατὰ
251 647 415 715 φύσιν,
441 648 555 714 ὅπερ
581 650 683 698 ἐστὶ
710 650 785 699 καὶ
812 647 997 711 ἀληθές.

229 797 335 839 Ἐάν
373 814 411 839 n
450 795 655 839 uin'aome
693 799 737 838 ἐν
775 801 836 851 τῷ
870 796 1047 845 ὀνόματί
1086 811 1179 848 μου,
1217 799 1344 837 τοῦτο
1381 796 1566 840 Ποιύοω.
1721 804 1765 837 14

179 906 614 974 Ἀπημφιεσμένως
640 908 729 970 ἤδη
757 908 908 973 φησὶν
935 905 1020 967 ὅτι,
1048 904 1169 959 Θεὸς
1197 904 1422 970 ὑπάρχων
1448 903 1691 967 ἀληθινὸς,

104 989 417 1057 προσδέξεται
445 986 530 1051 μὲν
557 991 632 1038 καὶ
659 989 768 1038 λίαν
788 989 991 1041 εὐπετῶς
1017 986 1099 1041 τὰς
1126 986 1256 1053 παρὰ
1283 991 1375 1037 τῶν
1396 987 1521 1037 ἰδίων
1546 985 1696 1052 εὐχὰς,

39 1098 86 1123 10
104 1071 364 1137 χορηγήσει
411 1070 458 1121 δὲ
504 1072 579 1120 καὶ
624 1070 819 1136 σφόδρα
863 1070 1116 1134 προθύμως
1168 1067 1286 1134 ἅπερ
1332 1067 1389 1119 ἂν
1427 1069 1696 1130 βούλωνται

106 1158 286 1213 λαβεῖν,
316 1154 591 1220 χαρίσματα
627 1151 674 1202 δὲ
711 1152 930 1215 δηλονότι
963 1151 1254 1215 πνευματικὰ
1292 1153 1366 1202 καὶ
1401 1154 1484 1214 τῆς
1519 1152 1697 1202 ἄνωθεν

107 1236 380 1303 φιλοτιμίας
431 1235 555 1303 ἄξια.
633 1236 707 1285 καὶ
753 1235 840 1301 οὐχ
890 1236 951 1286 ὡς
994 1237 1077 1297 τῆς
1129 1234 1285 1299 ἑτέρου
1337 1236 1738 1302 φιλανθρωπίαςο

107 1315 333 1379 διάκονος,
373 1318 478 1368 οὔτε
516 1316 609 1381 μὴν
649 1318 710 1370 ὡς
749 1317 1005 1382 ἀλλοτρίας
1044 1315 1323 1381 ἡμερότητος
1366 1315 1601 1381 ὑπουργὸς
1640 1316 1698 1366 τὰ

105 1399 298 1450 τοιαῦτά
338 1403 503 1468 φησιν,
543 1399 654 1449 ἀλλ’
697 1401 759 1453 ὡς
799 1398 919 1466 ἔχων
956 1400 1004 1449 ἐν
1043 1399 1237 1467 ἐξουσίᾳ
1280 1397 1338 1448 τὰ
1381 1397 1538 1449 πάντα
1581 1397 1698 1461 μετὰ

1764 1483 1775 1504 1
1789 1474 1861 1504 Cor.

1760 1519 1826 1549 viii.
1841 1518 1870 1549 6.

40 1500 86 1538 15
108 1481 312 1548 Πατρὸς,
352 1485 427 1533 καὶ
474 1481 612 1535 αὐτὸς
655 1480 879 1549 ὑπάρχων
919 1482 942 1531 ὁ
986 1482 1040 1532 δι’
1076 1481 1130 1531 οὗ
1170 1479 1229 1531 τὰ
1269 1480 1438 1542 πάντα,
1477 1479 1608 1546 παρά
1648 1504 1698 1531 τε

105 1563 237 1627 ἡμῶν
277 1567 339 1617 εὶς
381 1563 525 1627 Θεὸν,
563 1566 638 1615 καὶ
681 1567 744 1617 εἰς
784 1564 905 1628 ἡμᾶς
945 1564 1055 1629 παρ’
1099 1564 1254 1614 αὐτοῦ.
1324 1561 1399 1614 διὰ
1441 1568 1579 1613 τοῦτο
1623 1565 1698 1613 καὶ

108 1649 305 1700 Παῦλος
339 1647 408 1697 ἀεὶ
447 1645 814 1713 συνεζευγμένας
852 1644 937 1700 τὰς
975 1650 1070 1696 τῶν
1107 1647 1300 1711 ἀγαθῶν
1339 1647 1564 1712 χορηγίας
1602 1651 1698 1699 τοῖς

105 1727 254 1796 ἀξίοις
292 1728 534 1796 ἐπεύχεται
573 1728 729 1794 λέγων
755 1734 783 1757 “
803 1727 955 1793 Χάρις
995 1729 1102 1791 ὑμῖν
1137 1730 1212 1778 καὶ
1251 1727 1408 1794 εἰρήνη
1448 1727 1541 1779 ἀπὸ
1575 1731 1699 1779 Θεοῦ
1764 1733 1886 1764 Phil-i·

106 1815 134 1838 “
161 1809 352 1875 Πατρὸς
378 1810 509 1874 ἡμῶν
537 1813 612 1861 καὶ
641 1809 821 1876 Κυρίου
844 1811 1009 1874 Ἰησοῦ
1038 1811 1299 1876 Χριστοῦ.”
1342 1812 1416 1860 καὶ
1452 1811 1504 1859 οὐ
1540 1810 1596 1874 δή
1630 1833 1699 1863 τις

38 1917 88 1941 20
107 1896 215 1941 νοῦν
243 1892 362 1959 ε”χων
389 1892 599 1956 οἰήσεται
635 1892 797 1953 πάλιν,
824 1894 887 1945 ὡς
922 1893 1013 1960 ἰδίᾳ
1048 1892 1132 1954 μέν
1159 1915 1261 1942 τινα
1288 1890 1425 1958 χάριν
1452 1894 1646 1942 δίδωσιν
1673 1893 1697 1942 ὁ
1720 1902 1743 1942 d

109 1972 293 2039 Πατὴρ,
321 1975 414 2042 ἰδίᾳ
446 1974 494 2024 δὲ
521 1975 687 2039 ὥσπερ
714 1975 789 2024 καὶ
817 1973 906 2024 ἀνὰ
932 1973 1071 2038 μέρος
1097 1975 1155 2024 αὖ
1181 1973 1329 2025 πάλιν
1355 1975 1379 2024 ὁ
1409 1973 1538 2027 Υἱός·
1581 1975 1695 2024 ἀλλ’

105 2055 210 2106 ἔστι
236 2055 322 2119 μὲν
347 2056 374 2119 ἡ
401 2055 516 2120 αὐτὴ
544 2057 619 2106 καὶ
646 2057 746 2119 μία,
775 2059 812 2105 εἷ
839 2058 914 2105 καὶ
949 2057 1003 2106 δι’
1034 2057 1212 2123 ἀμφοῖν
1238 2055 1447 2120 λέγεται.
1499 2061 1698 2107 ποιεῖται

106 2143 221 2202 γοῦν
256 2137 380 2200 ὅμως
415 2136 474 2188 τὰ
507 2137 662 2188 πάντα
694 2136 824 2203 παρὰ
862 2135 1054 2203 Πατρὸς
1089 2139 1143 2187 δι’
1172 2141 1290 2188 Υὶοῦ
1323 2142 1418 2191 τοῖς
1453 2138 1600 2206 ἀξίοις
1639 2137 1699 2188 τὰ

106 2218 279 2284 ἀγαθὰ,
306 2222 382 2270 καὶ
407 2219 434 2283 ἡ
462 2224 557 2270 τῶν
583 2220 720 2270 θείων
745 2217 1058 2287 χαρισμάτων
1085 2219 1297 2283 διανομὴ,
1324 2220 1407 2270 οὐκ
1443 2221 1490 2271 ἐν
1518 2222 1696 2286 ὑπουρ-

39 2322 88 2361 25
107 2302 212 2368 γίας
261 2300 391 2370 τάξει
439 2301 851 2369 παραληφθέντος,
903 2300 1117 2367 καθάπερ
1168 2301 1428 2367 εἰρήκαμεν,
1481 2303 1590 2352 ἀλλ’
1638 2304 1701 2355 ὡς

108 2381 397 2450 συνδοτῆρός
423 2406 472 2434 τε
501 2386 576 2434 καὶ
610 2389 919 2450 συγχορηγοῦ
951 2384 1201 2448 νοουμένου
1226 2406 1276 2435 τε
1302 2387 1378 2434 καὶ
1407 2383 1701 2452 ὑπάρχοντος

108 2468 313 2530 ἀληθῶς.
378 2466 460 2528 μία
499 2464 593 2531 γὰρ
631 2465 659 2529 ἡ
694 2468 777 2528 τῆς
813 2464 1029 2527 θεότητος
1066 2466 1211 2533 φύσις
1247 2466 1355 2516 ε’στί
1383 2489 1431 2516 τε
1469 2468 1543 2516 καὶ
1578 2467 1699 2517 οὕτω

108 2548 393 2601 πιστεύεται.
450 2545 538 2597 κᾶν
569 2545 661 2612 γὰρ
701 2550 762 2600 εἷς
802 2547 994 2611 Πατερα
1035 2548 1330 2612 πλατύνηται
1369 2549 1445 2597 καὶ
1476 2547 1593 2597 Υὶὸν
1624 2550 1700 2598 καὶ

110 2632 173 2682 εἷς
210 2627 264 2680 τὸ
306 2632 502 2692 Πνεῦμα
540 2628 595 2678 τὸ
626 2627 811 2692 ‘'Aytov,
844 2629 954 2678 ἀλλ’
991 2629 1076 2679 οὐκ
1120 2629 1214 2696 ἔχει
1258 2627 1341 2679 τὸν
1380 2628 1584 2680 εἶσάπαν
1624 2631 1740 2679 mie

161 2809 193 2846 7.
219 2800 317 2847 Ἐὰν]
342 2805 379 2842 4-
400 2800 458 2836 ουν
477 2801 519 2836 Ε.
750 2809 803 2846 1.5
830 2799 873 2835 δι’
891 2802 963 2835 υἱοῦ
982 2801 1025 2835 Ε.
1257 2801 1310 2836 16.
1337 2802 1390 2835 καὶ
1407 2800 1484 2846 alt.]
1509 2806 1546 2842 -1-
1567 2804 1585 2836 ὁ
1606 2802 1698 2837 Catt.

116 2846 170 2881 18.
198 2850 285 2881 Θεοῦ
302 2855 525 2892 assumptum
544 2859 585 2882 ex
605 2848 647 2882 E.
667 2847 757 2882 Catt.
880 2847 934 2881 26.
960 2862 996 2882 τε
1014 2848 1110 2892 prius
1128 2854 1349 2910 ἃῗεῃῐῃρῖυιῐ]
1369 2860 1411 2882 ex
1430 2848 1470 2882 E
1491 2848 1583 2883 Catt.
1646 2865 1700 2884 και

112 2893 229 2939 prius]
254 2899 291 2935 -Ι-
312 2895 356 2930 ὡς
375 2895 468 2929 Catt.
555 2893 815 2939 ὑπάρχοντος]’
818 2894 885 2929 ‘aL
904 2894 1166 2939 ἐνυπάρχοντος’
1171 2894 1267 2928 ’.Ed
1286 2907 1358 2940 mg.
1376 2909 1432 2940 γρ
1451 2895 1701 2942 ἐνυπάρχοντος

116 2940 152 2974 F.
171 2953 206 2974 m
224 2953 295 2986 mg.
316 2942 528 2986 ὑπάρχοντος
547 2941 677 2975 habent
699 2941 793 2975 Cat.
