2001 3261
267 100 350 140 174
670 98 720 138 Β.
754 98 1029 139 CYRILLI
1070 99 1452 139 ALEXANDR.
1622 100 1678 138 ix,
1698 111 1763 147 20,
1784 111 1849 140 21.

199 253 577 311 2οἈΠεκρίΘΗσαν
604 253 641 295 οἱ
676 252 812 302 Γονεῖε
848 255 976 296 αὐτοῦ
1016 254 1083 295 καὶ
1120 250 1240 296 εἶπον
1269 252 1458 303 Οἴδαμεν
1484 256 1549 297 ὅτι
1583 251 1706 295 οὗτός
1737 254 1850 295 ἐστιν

198 347 243 371 21

333 337 355 378 ὁ
384 335 471 378 υἱὸς
499 338 620 385 ἡμῶν
648 337 715 377 καὶ
749 339 814 379 ὅτι
849 337 1011 393 τυφλὸς
1045 338 1262 385 ἐΓεννήΘΗ·
1305 339 1397 378 Πῶς
1425 337 1470 378 δὲ
1498 341 1569 378 νῦν
1598 337 1743 387 βλέπει
1775 336 1851 377 οὐκ

333 417 526 471 οἴδαμεν,
571 420 593 460 ἐὶ
643 420 705 461 τίς
748 421 940 473 ἀνέῳξεν
985 421 1114 461 αὐτοῦ
1165 420 1263 461 τοὺς
1312 419 1565 476 ὀφθαλμοὺς
1610 417 1732 468 ἡμεῖς
1775 420 1851 460 οὐκ

332 498 522 550 οἴδαμεν·
578 502 706 546 αὐτὸν
749 502 1014 558 ἐρωτήσατε,
1059 501 1226 542 ἡλικίαν
1270 502 1357 556 ἔχει
1405 501 1533 543 αὐτὸς
1576 501 1672 558 Περὶ
1721 502 1850 542 αὑτοῦ

332 589 536 629 λαλῆσαι.
1873 583 1895 621 5

337 694 701 757 “Ομολογοῦσιν
738 695 799 747 ὡς
840 692 1027 758 ἀληθὲς,
1056 692 1110 744 τὸ
1149 692 1422 757 μηδαμόθεν
1457 693 1746 762 ἀμφίβολον,
1777 693 1853 741 καὶ

264 775 336 842 ἐφ’
366 772 493 843 ᾧπερ
529 773 649 829 εἰκὸς
683 774 740 840 ἦν
776 776 1018 838 ὑπομεῖναι
1052 779 1147 826 τῶν
1175 775 1459 840 ἀβουλήτων
1495 775 1640 825 οὐδέν·
1688 773 1853 824 εἰδέναι

264 855 349 920 μὲν
394 856 488 922 γὰρ
533 856 620 919 τὴν
660 858 782 908 ἰδίαν
823 857 1072 925 φάσκουσι
1115 858 1273 923 γονὴν,
1317 861 1391 908 καὶ
1436 860 1518 920 τῆς
1564 859 1727 909 ὠδῖνος
1771 857 1851 906 οὐκ

265 940 513 1005 ἀρνοῦνται
548 937 602 989 τὸ
639 939 852 1005 γνήσιον,
888 939 1147 1006 συνετέχθη
1188 939 1235 990 δὲ
1275 939 1346 990 ὅτι
1384 943 1450 1008 τῷ
1483 938 1622 991 πάθει
1656 938 1854 1004 λέγουσι

265 1025 454 1089 σαφῶς·
499 1021 778 1072 ἀναδύονται
818 1020 969 1086 γεμὴν
1002 1026 1086 1072 τοῦ
1120 1021 1358 1085 θαύματος
1393 1020 1479 1085 τὴν
1515 1020 1760 1090 ἐξήγησιν,
1795 1024 1853 1088 τῇ
1878 1042 1926 1067 10

264 1109 348 1154 τοῦ
388 1102 670 1169 πράγματος
711 1102 855 1171 φύσει
898 1108 1037 1154 τοῦτο
1081 1108 1203 1165 βοᾶν
1243 1103 1579 1169 ἐπιτρέποντες,
1621 1106 1696 1153 καὶ
1742 1101 1854 1153 αὐτὸ

43 1196 187 1232 614Α.
214 1182 249 1230 'a
265 1189 457 1249 μᾶλλον
490 1184 882 1251 πρεπωδέστερόν
915 1208 1016 1239 πως
1055 1183 1166 1236 εἶναι
1202 1185 1607 1249 διαβεβαιούμενοι
1644 1184 1699 1235 τό
1735 1185 1855 1235 Τίνα

42 1509 104 1539 Sir.
121 1509 163 1541 iv.

44 1553 95 1584 28.

223 1851 249 1891 b

265 1266 445 1332 τρόπον
483 1266 829 1333 τεθεράπευται,
866 1267 1022 1332 λέγειν
1060 1271 1126 1336 τῷ
1167 1268 1264 1337 ἰδίῳ
1303 1267 1573 1333 γεννήματι·
1621 1266 1769 1320 δεινὸς
1807 1266 1862 1317 δέ

265 1372 364 1402 πως
402 1351 532 1399 ἐστιν
566 1353 628 1402 εἷς
666 1348 720 1399 τὸ
760 1351 1038 1412 ἀποστῆσαι
1076 1355 1160 1400 τοῦ
1192 1349 1454 1416 πρέποντος
1490 1351 1514 1399 ὁ
1550 1351 1624 1400 ἐπὶ
1658 1348 1855 1419 κινδύνῳ

267 1429 435 1499 φόβος.
491 1430 561 1481 διὸ
588 1430 644 1495 δὴ
670 1431 755 1494 τὴν
779 1435 874 1481 τῶν
895 1431 1174 1496 Φαρισαίων
1201 1431 1422 1495 ὠμότητα
1447 1432 1854 1499 καταφρίττοντες,
1880 1453 1926 1491 15

266 1513 321 1562 οὐ
355 1511 640 1578 τετηρήκασι
676 1512 815 1563 τοῦτό
850 1536 943 1564 που
979 1517 1137 1567 καλῶς
1173 1513 1413 1579 εἰρημένον
1441 1512 1615 1567 ίθ’Έως
1651 1512 1857 1565 θανάτου

268 1601 295 1622 “
322 1593 556 1658 ἀγώνισαι
608 1593 723 1661 ὑπὲρ
773 1597 856 1658 τῆς
906 1596 1176 1659 ἀληθειάς.”
1244 1595 1363 1648 εἰκὸς
1408 1594 1455 1645 δὲ
1503 1594 1559 1659 δή
1602 1618 1646 1646 τι
1691 1600 1858 1647 παθεῖν

267 1674 434 1729 αὐτοὺς
470 1676 641 1742 ἕτερον·
691 1676 844 1730 δειλὸς
884 1675 977 1742 γὰρ
1017 1679 1041 1727 ὁ
1081 1676 1224 1741 πένης
1261 1681 1496 1744 πανταχῇ,
1524 1678 1598 1728 καὶ
1633 1677 1686 1728 τὸ
1721 1679 1851 1728 ἀντι-

267 1757 463 1819 βλέπειν
490 1757 728 1810 δύνασθαί
749 1782 876 1809 τισιν
903 1759 958 1828 ἐξ
990 1759 1284 1826 ἀχρηματίας
1319 1759 1704 1825 παραιρούμενος,
1734 1761 1851 1810 ὑπο-

271 1839 431 1907 φεύγει
463 1839 698 1894 πολλάκις
731 1844 793 1895 εἷς
831 1840 1103 1905 ἀβούλητον
1130 1841 1318 1904 σιωπὴν
1345 1843 1418 1892 καὶ
1452 1840 1538 1905 τὴν
1566 1843 1621 1910 ἐξ
1653 1839 1860 1905 ἀνάγκης
1879 1869 1929 1895 20

269 1921 578 1989 ἀνεξικακίαν.
638 1925 699 1975 ὡς
736 1921 829 1988 γὰρ
865 1924 952 1988 ἤδη
989 1925 1188 1989 διαρκῶς
1225 1927 1291 1992 τῷ
1330 1926 1412 1986 τῆς
1450 1925 1682 1990 πτωχείας
1722 1923 1856 1990 ἄχθει

269 2004 679 2070 συντετριμμένος,
718 2007 779 2058 ὡς
817 2005 871 2056 τὸ
911 2007 987 2056 καὶ
1028 2006 1198 2071 ἑτέροις
1236 2006 1661 2074 καταφορτίζεσθαι
1699 2010 1858 2059 κακοῖς

269 2087 532 2155 ἀποναρκᾷ.
594 2087 806 2138 τοιοῦτόν
843 2110 887 2138 τι
927 2091 1095 2138 παθεῖν
1135 2087 1454 2147 ὑποτοπητέον
1491 2085 1600 2141 τοὺς
1639 2087 1856 2141 τεκόντας

270 2167 352 2218 τὸν
397 2167 598 2236 τυφλὸν,
644 2173 680 2219 εὶ
732 2170 807 2219 καὶ
859 2168 929 2220 ὅτι
978 2169 1196 2231 μάλιστα
1246 2168 1340 2219 σὺν
1388 2171 1644 2238 ἀκολουθίᾳ
1693 2176 1858 2238 πολλῇ

270 2249 487 2314 πρόεισιν
514 2251 538 2300 ὁ
576 2250 722 2315 λόγος
756 2251 927 2304 αὐτοῖς.
982 2250 1036 2301 τὸ
1060 2250 1144 2312 μὲν
1169 2250 1263 2317 γὰρ
1298 2250 1460 2301 εἰδέναι
1496 2250 1579 2301 τὸν
1604 2253 1660 2320 ἐξ
1683 2254 1859 2303 ἑαυτῶν
1880 2274 1928 2313 25

272 2330 422 2395 δήπου
446 2331 635 2386 πάντως
662 2337 853 2395 μᾶλλον
876 2333 1031 2386 αὐτοῖς
1057 2334 1133 2382 καὶ
1160 2333 1263 2399 οὐχὶ
1289 2336 1355 2401 τῷ
1381 2334 1646 2398 γεννηθέντι
1670 2356 1859 2399 πρεπω-

273 2413 495 2479 δέστερον
531 2415 720 2478 ἀναθείη
759 2436 829 2468 τις
866 2412 938 2476 ἀν,
965 2414 1019 2465 τὸ
1057 2413 1207 2479 γεμὴν
1242 2415 1404 2465 εἰδέναι
1443 2414 1525 2465 τὸν
1564 2414 1723 2480 ἰατρὸν
1755 2416 1859 2482 οὐχὶ

273 2495 462 2551 πάντως
500 2500 596 2549 τοῖς
633 2495 984 2561 γεγεννηκόσιν,
1019 2496 1087 2560 εἰἠ
1127 2497 1169 2546 δ’
1198 2495 1255 2546 ἀν
1288 2501 1480 2559 μᾶλλον
1514 2496 1859 2564 ἁρμοδιώτερον

234 2597 257 2624 ο
276 2581 340 2646 τῷ
367 2576 442 2627 διὰ
473 2578 636 2643 πείρας
670 2577 825 2646 ἔχοντι
859 2575 944 2641 τὴν
971 2576 1064 2628 ἀπὸ
1099 2584 1182 2629 τοῦ
1219 2578 1456 2642 θαύματος
1486 2577 1639 2646 χάριν.
1691 2579 1860 2629 οὐκοῦν

320 2727 353 2762 5.
379 2718 531 2761 λαλῆσαι
551 2718 592 2774 Β.
614 2716 673 2763 [L.
691 2717 771 2752 vide
787 2717 906 2752 Tisch.
910 2717 925 2770 ]
945 2718 1093 2762 λαλήσει
1113 2718 1179 2753 Ed.
1308 2728 1338 2763 7.
1366 2717 1405 2762 ἧν
1423 2719 1510 2754 εἰκὸς
1526 2718 1668 2753 inverso
1686 2718 1808 2752 ordine
1826 2729 1857 2753 a.

274 2764 307 2797 8.
334 2764 437 2809 ἰδίαν]
461 2766 548 2809 -1-φ
520 2764 630 2809 φύσιν
650 2764 691 2799 Β.
712 2764 829 2798 Holst.
847 2766 966 2799 omisit
983 2771 1022 2799 ut
1040 2765 1208 2799 adnotat
1201 2777 1275 2810 lpse
1293 2765 1389 2800 Aub.
1541 2776 1594 2799 11.
1620 2766 1709 2810 αὐτῷ
1728 2776 1758 2798 a.
1779 2764 1856 2799 Cat.

276 2810 376 2843 Harl.
556 2822 608 2855 13.
635 2813 681 2857 τῷ
701 2811 773 2858 ἷδιῳ
790 2811 970 2856 γεννήματι
988 2818 1068 2845 ante
1085 2814 1124 2845 τό
1142 2813 1221 2846 Τίνα
1239 2819 1373 2856 transp.
1392 2824 1423 2846 a.
1597 2811 1650 2845 16.
1677 2812 1777 2845 τοῦτό
1793 2825 1860 2845 που

276 2854 319 2889 Β.
337 2857 374 2889 τὸ
395 2856 460 2890 Ed.
570 2869 624 2902 19.
650 2857 917 2902 παραιρούμενος
936 2859 978 2893 Β.
982 2870 1011 2892 a.
1029 2858 1294 2903 παραιτούμενος
1311 2870 1328 2892 e
1348 2858 1424 2893 Cat.
1445 2858 1544 2892 Harl.
1559 2857 1666 2898 Aub,
1685 2857 1859 2892 adnotans

274 2902 516 2947 apographum
535 2916 640 2938 suum
658 2903 959 2949 παραμαρούμενος
977 2905 1151 2940 exhibere.
1295 2905 1349 2939 26.
1376 2905 1454 2949 οὐχὶ
1472 2904 1559 2938 a.01'1
1578 2903 1644 2938 Ed.
