2022 3272
145 136 228 176 xvi.
249 149 315 191 33.
379 136 452 176 IN
496 137 538 177 s.
573 136 911 177 JOANNEM.
978 137 1103 177 ΜΒ.
1138 138 1213 178 xl.
1279 139 1412 179 CM).
1453 140 1509 179 H.
1649 141 1732 181 657

144 246 476 312 ἁπλούστερον
510 245 596 309 μὲν
635 245 727 312 γὰρ
770 246 811 296 εἴ
844 268 912 299 τις
953 245 1107 296 ἕλοιτο
1149 252 1284 307 νοεῖν,
1324 249 1417 313 ε’ρεῖ
1452 246 1508 310 δῖ]
1546 246 1735 301 πάντως

146 326 321 390 Πάσης
367 328 596 394 ἁμαρτίας
641 331 715 379 καὶ
761 327 1086 393 περιστάσεως
1138 331 1368 392 κοσμικῆς
1416 330 1636 394 κρείττων
1686 352 1733 379 τε

142 408 240 472 ἅμα
278 411 353 460 καὶ
392 411 705 476 δυνατώτερος
745 408 998 477 ἀπεφάνθη
1038 411 1268 475 Χριστός·
1326 410 1482 473 ἐπειδὴ
1522 411 1569 461 δὲ
1610 412 1730 462 νενί-

143 514 273 556 κηκε,
317 494 392 542 καὶ
433 497 529 546 τοῖς
569 492 624 543 δι’
666 492 809 543 αὐτὸν
846 490 1193 558 πειραζομένοις
1231 492 1448 543 ἐπιδώσει
1488 491 1542 542 τὸ
1583 498 1729 543 νικᾶν.

99 577 178 636 5εῐ
229 573 284 624 δέ
333 597 402 628 τις
452 579 547 625 τῶν
598 575 849 641 εἰρημένων
900 575 1072 624 ἐννοεῖν
1122 572 1276 625 ἐθέλοι
1332 597 1375 624 τι
1431 574 1729 641 πικρότερον,

140 657 284 707 ἐκεῖνο
335 655 392 720 δὴ
443 655 631 710 πάντως
683 654 1119 719 διενθυμηθήσεται.
1192 654 1335 721 ὅνπερ
1399 655 1494 722 γὰρ
1557 655 1735 722 τρόπον

141 741 324 805 φθορᾶς
367 740 443 789 καὶ
485 738 690 789 θανάτου
734 736 809 788 διὰ
854 743 992 788 τοῦτο
1037 736 1402 803 κεκρατήκαμεν,
1445 737 1631 804 ἐπείπερ
1673 741 1735 791 ὡς

140 818 388 885 ἄνθρωπος
414 821 468 870 δι’
496 820 617 884 ἡμᾶς
644 822 718 870 καὶ
747 818 862 886 ὑπὲρ
888 820 1021 883 ἡμῶν
1049 820 1223 879 ἀνεβίω
1250 820 1479 886 Χριστὸς,
1505 823 1589 884 τῆς
1616 820 1735 871 κατὰ

139 907 223 952 τοῦ
250 900 455 953 θανάτου
484 902 759 970 πλεονεξίας
793 900 944 968 ἀρχὴν
969 900 1055 965 τὴν
1081 901 1200 952 ἰδίαν
1228 901 1497 952 ἀνάστασιν
1523 902 1727 966 ποιησά-
1754 914 1780 953 b

75 1004 121 1027 10
141 1005 292 1046 μενος,
333 984 479 1048 διήκοι
526 983 584 1034 ἂν
623 983 811 1037 πάντως
863 985 938 1034 καὶ
979 987 1042 1037 εἷς
1088 984 1209 1047 ἡμᾶς
1256 985 1283 1048 ἡ
1329 989 1412 1034 τοῦ
1454 984 1735 1050 πράγματος

141 1065 347 1131 δύναμις,
373 1067 558 1132 ἐπείπερ
599 1064 656 1129 ἦν
688 1067 712 1116 ὁ
746 1065 942 1129 νικήσας
980 1065 1038 1134 ἐξ
1072 1065 1206 1129 ἡμῶν
1245 1066 1362 1116 καθὸ
1401 1066 1610 1134 πέφηνεν
1649 1065 1731 1116 ἄν·-

141 1151 342 1214 θρωπος,
370 1150 445 1199 καὶ
472 1148 634 1214 ὥσπερ
661 1151 743 1212 τῆς
769 1149 998 1214 ἁμαρτίας
1025 1146 1396 1214 περιγιγνόμεθα
1423 1150 1734 1214 νεκρωθείσης

140 1229 328 1284 πάντως
359 1233 406 1281 ἐν
437 1231 610 1300 πρώτω
638 1234 851 1300 Χριστῷ,
876 1229 1272 1296 παραπέμποντος
1309 1230 1529 1294 δηλονότι
1562 1233 1636 1281 καὶ
1673 1236 1734 1284 εἷς

141 1312 275 1375 ἡμᾶς,
298 1315 360 1366 ὡς
386 1313 500 1363 ’ίδιον
527 1313 674 1378 γένος,
701 1311 755 1364 τὸ
783 1312 979 1377 ἀγαθόν·
1022 1313 1143 1364 οὕτω
1172 1314 1247 1364 καὶ
1279 1311 1454 1379 θαρσεῖν
1480 1314 1735 1381 ὀφείλομεν

74 1411 120 1447 15
142 1393 213 1444 ὅτι
239 1396 316 1444 καὶ
347 1395 475 1458 ἡμεῖς
509 1393 824 1460 περιεσόμεθα
850 1400 932 1445 τοῦ
960 1394 1161 1458 κόσμου·
1219 1397 1402 1454 νενίκηκε
1436 1395 1529 1460 γὰρ
1557 1397 1581 1446 ὁ
1608 1399 1728 1461 Χρι-

141 1474 258 1529 στὸς
299 1479 360 1530 ὡς
401 1476 648 1544 ἄνθρωπος
686 1479 741 1527 δι’
780 1476 915 1541 ἡμᾶς,
954 1476 1077 1544 ἀρχὴ
1118 1478 1193 1528 καὶ
1239 1476 1359 1542 θύρα
1403 1480 1479 1527 καὶ
1523 1477 1631 1531 ὁδὸς
1677 1477 1775 1545 τῇο

141 1560 408 1628 ἀνθρωπεία
459 1559 604 1628 φύσει
655 1560 742 1610 κάν
792 1559 943 1629 τούτῳ
989 1557 1280 1625 γιγνόμενος.
1352 1563 1394 1610 οἱ
1442 1559 1535 1625 γὰρ
1583 1559 1736 1611 πάλαι

140 1639 389 1695 πίπτοντές
414 1664 463 1692 τε
487 1643 563 1692 καὶ
591 1642 831 1704 νικώμενοι
871 1641 1214 1709 κεκρατήκαμέν
1241 1664 1290 1692 τε
1322 1643 1397 1692 καὶ
1433 1641 1737 1707 νενικήκαμεν

142 1721 218 1774 διὰ
251 1722 334 1774 τὸν
360 1723 417 1792 ἐξ
448 1723 580 1787 ἡμῶν
606 1726 679 1774 καὶ
707 1725 761 1774 δι’
791 1724 911 1788 ἡμᾶς
944 1723 1216 1788 νικήσαντα.
1274 1727 1310 1774 εἰ
1344 1723 1430 1788 μὲν
1454 1723 1547 1790 γὰρ
1580 1727 1732 1789 ἐνίκη-

72 1817 122 1843 20
141 1827 227 1856 σεν
253 1807 314 1858 ὡς
342 1805 479 1864 Θεὸς,
506 1805 625 1872 πρὸς
659 1805 779 1869 ἡμᾶς
812 1805 957 1868 οὐδὲν,
990 1810 1026 1856 εἰ
1063 1805 1110 1856 δὲ
1142 1807 1204 1859 ὡς
1238 1805 1498 1872 ἄνθρωπος,
1526 1807 1654 1870 ἡμεῖς
1689 1809 1736 1857 ἐν

141 1887 268 1956 αὐτῷ
306 1886 619 1952 νενικήκαμεν.
673 1887 881 1953 δεύτερος
920 1885 1013 1953 γὰρ
1054 1888 1164 1951 ἡμῖν
1202 1888 1259 1956 ἐξ
1294 1889 1493 1954 οὐρανοῦ
1527 1889 1736 1957 πέφηνεν

140 1968 311 2032 Ἀδὰμ,
353 1967 473 2020 κατὰ
517 1968 600 2023 τὰς
643 1968 852 2038 γραφάς.
907 1968 1071 2035 ὥσπερ
1112 1970 1193 2020 οὖν
1233 1969 1559 2039 πεφορέκαμεν
1603 1978 1630 1999 “
1651 1970 1736 2034 τὴν

142 2057 171 2080 “
191 2051 345 2102 εἰκόνα
387 2057 471 2102 τοῦ
511 2053 711 2119 χοὶ’κοῦ,”
764 2052 870 2102 καθ’
915 2050 1168 2115 ὁμοιότητα
1213 2051 1299 2115 τὴν
1338 2052 1511 2103 ἐκείνου
1550 2057 1615 2122 τῷ
1653 2055 1737 2117 τῆς

142 2134 371 2199 ἁμαρτίας
402 2132 721 2186 ὑποπεσόντες
756 2131 892 2202 ζυγῷ,
917 2133 1039 2183 οὕτω
1071 2132 1127 2197 δὴ
1153 2133 1340 2187 πάντως
1369 2133 1635 2201 φορέσομεν
1661 2137 1737 2185 καὶ

73 2232 121 2270 25
140 2215 227 2280 τὴν
264 2221 347 2266 τοῦ
386 2214 660 2282 ἐπουρανίου
697 2213 965 2281 μόρφωσιν,
1005 2215 1220 2266 τουτέστι
1259 2219 1488 2281 Χριστοῦ,
1523 2220 1782 2270 νικῶντεςᾶ

116 2301 224 2367 Κτῆς
257 2299 486 2364 ἁμαρτίας
517 2297 603 2361 τὴν
629 2299 893 2363 τυραννίδα,
919 2299 995 2348 καὶ
1031 2297 1222 2362 ἁπάσης
1261 2299 1475 2367 θλίψεως
1513 2321 1733 2362 κατευμε-

143 2384 390 2444 γεθοῦντες
415 2382 660 2443 κοσμικῆς·
704 2383 889 2440 νενίκηκε
914 2379 1007 2446 γὰρ
1034 2380 1058 2430 ὁ
1084 2379 1311 2446 Χριστός.

705 2538 737 2561 2.
764 2542 799 2561 τε
817 2534 1039 2574 assumptum
1057 2540 1099 2562 ex
1120 2529 1160 2563 E.

204 3014 295 3041 VOL.
323 3014 368 3041 11.
922 3018 944 3044 -1
971 3014 991 3040 P

1802 1905 1814 1926 1
1830 1895 1905 1926 Cor.

1800 1950 1854 1969 XV.
1871 1947 1923 1979 47.

1800 1988 1885 2019 Ibid.
1900 1999 1951 2030 49.
