<?xml version="1.0" encoding="UTF-8"?>
<!DOCTYPE html PUBLIC "-//W3C//DTD XHTML 1.0 Transitional//EN"
    "http://www.w3.org/TR/xhtml1/DTD/xhtml1-transitional.dtd">
<html xmlns="http://www.w3.org/1999/xhtml" xml:lang="en" lang="en">
 <head>
  <title>
</title>
<meta http-equiv="Content-Type" content="text/html;charset=utf-8" />
  <meta name='ocr-system' content='tesseract 3.04.00' />
  <meta name='ocr-capabilities' content='ocr_page ocr_carea ocr_par ocr_line ocrx_word'/>
</head>
<body>
  <div class='ocr_page' id='page_1' title='image "./operacyrilli04cyriuoft/operacyrilli04cyriuoft_0379.png"; bbox 0 0 2022 3272; ppageno 0'>
   <div class='ocr_carea' id='block_1_1' title="bbox 134 156 1718 212">
    <p class='ocr_par' dir='ltr' id='par_1_1' title="bbox 134 156 1718 212">
     <span class='ocr_line' id='line_1_1' title="bbox 134 156 1718 212; baseline -0.002 -15"><span class='ocrx_word' id='word_1_1' title='bbox 134 158 218 199; x_wconf 77' lang='lat' dir='ltr'>xiii.</span> <span class='ocrx_word' id='word_1_2' title='bbox 242 159 305 209; x_wconf 83' lang='lat'>26,</span> <span class='ocrx_word' id='word_1_3' title='bbox 326 171 390 212; x_wconf 80' lang='lat'>27.</span> <span class='ocrx_word' id='word_1_4' title='bbox 518 160 586 199; x_wconf 92' lang='lat' dir='ltr'>lN</span> <span class='ocrx_word' id='word_1_5' title='bbox 632 160 673 199; x_wconf 83' lang='lat' dir='ltr'>S.</span> <span class='ocrx_word' id='word_1_6' title='bbox 709 159 927 198; x_wconf 67' lang='lat' dir='ltr'>JOANN</span> <span class='ocrx_word' id='word_1_7' title='bbox 944 158 1045 197; x_wconf 70' lang='lat' dir='ltr'>EM.</span> <span class='ocrx_word' id='word_1_8' title='bbox 1116 158 1170 197; x_wconf 57' lang='lat'>121</span> <span class='ocrx_word' id='word_1_9' title='bbox 1190 159 1232 197; x_wconf 77' lang='lat'>13.</span> <span class='ocrx_word' id='word_1_10' title='bbox 1270 158 1344 197; x_wconf 73' lang='lat' dir='ltr'>IX.</span> <span class='ocrx_word' id='word_1_11' title='bbox 1636 156 1718 194; x_wconf 71' lang='lat'>367</span> 
     </span>
    </p>
   </div>
   <div class='ocr_carea' id='block_1_2' title="bbox 134 262 1891 498">
    <p class='ocr_par' dir='ltr' id='par_1_2' title="bbox 134 262 1891 498">
     <span class='ocr_line' id='line_1_2' title="bbox 135 262 1891 349; baseline 0.009 -33"><span class='ocrx_word' id='word_1_12' title='bbox 135 270 364 332; x_wconf 82' lang='grc' dir='ltr'>Χριστοῦ,</span> <span class='ocrx_word' id='word_1_13' title='bbox 392 267 512 318; x_wconf 80' lang='grc' dir='ltr'>κατὰ</span> <span class='ocrx_word' id='word_1_14' title='bbox 541 268 627 331; x_wconf 84' lang='grc' dir='ltr'>τὴν</span> <span class='ocrx_word' id='word_1_15' title='bbox 654 269 796 318; x_wconf 85' lang='grc' dir='ltr'>αὐτοῦ</span> <span class='ocrx_word' id='word_1_16' title='bbox 824 266 987 334; x_wconf 83' lang='grc' dir='ltr'>φωνήν</span> <span class='ocrx_word' id='word_1_17' title='bbox 1017 274 1043 294; x_wconf 76' lang='lat'>‘⁶</span> <span class='ocrx_word' id='word_1_18' title='bbox 1064 266 1301 328; x_wconf 85' lang='grc' dir='ltr'>Τεθέαμαι</span> <span class='ocrx_word' id='word_1_19' title='bbox 1335 264 1427 330; x_wconf 71' lang='grc' dir='ltr'>γὰρ</span> <span class='ocrx_word' id='word_1_20' title='bbox 1464 263 1547 326; x_wconf 64' lang='grc' dir='ltr'>Τὴν</span> <span class='ocrx_word' id='word_1_21' title='bbox 1575 262 1720 330; x_wconf 61' lang='grc' dir='ltr'>δόξαν</span> <span class='ocrx_word' id='word_1_22' title='bbox 1784 271 1891 349; x_wconf 46' lang='lat' dir='ltr'>&#39;Tuffa</span> 
     </span>
     <span class='ocr_line' id='line_1_3' title="bbox 134 345 1722 418; baseline 0 -20"><span class='ocrx_word' id='word_1_23' title='bbox 134 355 162 376; x_wconf 87' lang='lat'>“</span> <span class='ocrx_word' id='word_1_24' title='bbox 188 349 344 412; x_wconf 80' lang='grc' dir='ltr'>αὐτοῦ,</span> <span class='ocrx_word' id='word_1_25' title='bbox 373 352 510 418; x_wconf 78' lang='grc' dir='ltr'>φησὶ,</span> <span class='ocrx_word' id='word_1_26' title='bbox 538 349 685 417; x_wconf 78' lang='grc' dir='ltr'>δόξαν</span> <span class='ocrx_word' id='word_1_27' title='bbox 711 352 773 402; x_wconf 84' lang='grc' dir='ltr'>ὡς</span> <span class='ocrx_word' id='word_1_28' title='bbox 802 353 1108 412; x_wconf 86' lang='grc' dir='ltr'>Μονογενοῦς</span> <span class='ocrx_word' id='word_1_29' title='bbox 1142 347 1272 413; x_wconf 77' lang='grc' dir='ltr'>παρὰ</span> <span class='ocrx_word' id='word_1_30' title='bbox 1301 345 1506 412; x_wconf 81' lang='grc' dir='ltr'>Πατρός,</span> <span class='ocrx_word' id='word_1_31' title='bbox 1533 345 1722 411; x_wconf 86' lang='grc' dir='ltr'>πλήρης</span> 
     </span>
     <span class='ocr_line' id='line_1_4' title="bbox 136 427 1724 498; baseline -0.003 -18"><span class='ocrx_word' id='word_1_32' title='bbox 136 436 162 458; x_wconf 88' lang='grc'><strong>“</strong></span> <span class='ocrx_word' id='word_1_33' title='bbox 186 429 377 498; x_wconf 81' lang='grc' dir='ltr'>χάριτος</span> <span class='ocrx_word' id='word_1_34' title='bbox 428 434 504 482; x_wconf 76' lang='grc' dir='ltr'>καὶ</span> <span class='ocrx_word' id='word_1_35' title='bbox 555 430 823 495; x_wconf 80' lang='grc' dir='ltr'>ἀληθείας.”</span> <span class='ocrx_word' id='word_1_36' title='bbox 890 431 943 480; x_wconf 81' lang='grc' dir='ltr'>οὐ</span> <span class='ocrx_word' id='word_1_37' title='bbox 988 429 1082 495; x_wconf 76' lang='grc' dir='ltr'>γὰρ</span> <span class='ocrx_word' id='word_1_38' title='bbox 1127 429 1184 493; x_wconf 83' lang='grc' dir='ltr'>δὴ</span> <span class='ocrx_word' id='word_1_39' title='bbox 1230 434 1326 482; x_wconf 81' lang='grc' dir='ltr'>τοῖς</span> <span class='ocrx_word' id='word_1_40' title='bbox 1370 433 1454 478; x_wconf 86' lang='grc' dir='ltr'>τοῦ</span> <span class='ocrx_word' id='word_1_41' title='bbox 1500 427 1724 487; x_wconf 82' lang='grc' dir='ltr'>σώματος</span> 
     </span>
    </p>
   </div>
   <div class='ocr_carea' id='block_1_3' title="bbox 135 510 1726 580">
    <p class='ocr_par' dir='ltr' id='par_1_3' title="bbox 135 510 1726 580">
     <span class='ocr_line' id='line_1_5' title="bbox 135 510 1726 580; baseline -0.001 -18"><span class='ocrx_word' id='word_1_42' title='bbox 135 513 406 580; x_wconf 79' lang='grc' dir='ltr'>ὀφθαλμοῖς</span> <span class='ocrx_word' id='word_1_43' title='bbox 456 513 723 579; x_wconf 86' lang='grc' dir='ltr'>ἐπαθρήσαι</span> <span class='ocrx_word' id='word_1_44' title='bbox 774 536 843 566; x_wconf 91' lang='grc' dir='ltr'>τις</span> <span class='ocrx_word' id='word_1_45' title='bbox 894 511 952 562; x_wconf 75' lang='grc' dir='ltr'>ἂν</span> <span class='ocrx_word' id='word_1_46' title='bbox 999 511 1083 574; x_wconf 81' lang='grc' dir='ltr'>τὴν</span> <span class='ocrx_word' id='word_1_47' title='bbox 1134 511 1225 579; x_wconf 79' lang='grc' dir='ltr'>ὅλῃ</span> <span class='ocrx_word' id='word_1_48' title='bbox 1278 510 1427 562; x_wconf 80' lang='grc' dir='ltr'>κτίσει</span> <span class='ocrx_word' id='word_1_49' title='bbox 1478 513 1726 561; x_wconf 81' lang='grc' dir='ltr'>παντελῶς</span> 
     </span>
    </p>
   </div>
   <div class='ocr_carea' id='block_1_4' title="bbox 71 586 1904 1248">
    <p class='ocr_par' dir='ltr' id='par_1_4' title="bbox 94 586 1903 990">
     <span class='ocr_line' id='line_1_6' title="bbox 94 586 1903 667; baseline -0.001 -25"><span class='ocrx_word' id='word_1_50' title='bbox 94 603 116 641; x_wconf 88' lang='grc'>5</span> <span class='ocrx_word' id='word_1_51' title='bbox 137 594 334 646; x_wconf 79' lang='grc' dir='ltr'>ἀθέατον</span> <span class='ocrx_word' id='word_1_52' title='bbox 359 595 526 663; x_wconf 86' lang='grc' dir='ltr'>φύσιν.</span> <span class='ocrx_word' id='word_1_53' title='bbox 582 596 636 645; x_wconf 81' lang='grc' dir='ltr'>οὐ</span> <span class='ocrx_word' id='word_1_54' title='bbox 661 594 755 661; x_wconf 74' lang='grc' dir='ltr'>γὰρ</span> <span class='ocrx_word' id='word_1_55' title='bbox 783 602 810 624; x_wconf 81' lang='grc'><strong>“</strong></span> <span class='ocrx_word' id='word_1_56' title='bbox 829 594 1008 660; x_wconf 84' lang='grc' dir='ltr'>ἑώρακέ</span> <span class='ocrx_word' id='word_1_57' title='bbox 1029 617 1097 646; x_wconf 91' lang='grc' dir='ltr'>τις</span> <span class='ocrx_word' id='word_1_58' title='bbox 1124 593 1207 644; x_wconf 81' lang='grc' dir='ltr'>τὸν</span> <span class='ocrx_word' id='word_1_59' title='bbox 1237 592 1473 659; x_wconf 86' lang='grc' dir='ltr'>Πατέρα,”</span> <span class='ocrx_word' id='word_1_60' title='bbox 1494 591 1615 642; x_wconf 77' lang='grc' dir='ltr'>κατὰ</span> <span class='ocrx_word' id='word_1_61' title='bbox 1641 590 1727 653; x_wconf 89' lang='grc' dir='ltr'>τὴν</span> <span class='ocrx_word' id='word_1_62' title='bbox 1790 586 1903 667; x_wconf 50' lang='lat'>{1⁸42}</span> 
     </span>
     <span class='ocr_line' id='line_1_7' title="bbox 135 673 1771 744; baseline -0.004 -17"><span class='ocrx_word' id='word_1_63' title='bbox 135 682 219 727; x_wconf 89' lang='grc' dir='ltr'>τοῦ</span> <span class='ocrx_word' id='word_1_64' title='bbox 240 679 462 742; x_wconf 83' lang='grc' dir='ltr'>Σωτῆρος</span> <span class='ocrx_word' id='word_1_65' title='bbox 488 677 666 744; x_wconf 81' lang='grc' dir='ltr'>φωνὴν,</span> <span class='ocrx_word' id='word_1_66' title='bbox 686 681 758 727; x_wconf 83' lang='grc' dir='ltr'>“εἷ</span> <span class='ocrx_word' id='word_1_67' title='bbox 784 676 848 740; x_wconf 82' lang='grc' dir='ltr'>μὴ</span> <span class='ocrx_word' id='word_1_68' title='bbox 877 677 900 726; x_wconf 86' lang='grc' dir='ltr'><em>ὁ</em></span> <span class='ocrx_word' id='word_1_69' title='bbox 927 675 990 726; x_wconf 81' lang='grc' dir='ltr'>ὧν</span> <span class='ocrx_word' id='word_1_70' title='bbox 1016 675 1147 741; x_wconf 78' lang='grc' dir='ltr'>παρὰ</span> <span class='ocrx_word' id='word_1_71' title='bbox 1171 681 1253 726; x_wconf 89' lang='grc' dir='ltr'>τοῦ</span> <span class='ocrx_word' id='word_1_72' title='bbox 1281 675 1448 726; x_wconf 78' lang='grc' dir='ltr'>Θεοῦ·”</span> <span class='ocrx_word' id='word_1_73' title='bbox 1481 673 1728 724; x_wconf 70' lang='grc' dir='ltr'>τουτέστιν</span> <span class='ocrx_word' id='word_1_74' title='bbox 1748 678 1771 715; x_wconf 77' lang='lat' dir='ltr'><strong>b</strong></span> 
     </span>
     <span class='ocr_line' id='line_1_8' title="bbox 137 755 1729 824; baseline -0.001 -15"><span class='ocrx_word' id='word_1_75' title='bbox 137 759 162 809; x_wconf 84' lang='grc' dir='ltr'>ὁ</span> <span class='ocrx_word' id='word_1_76' title='bbox 191 758 323 812; x_wconf 83' lang='grc' dir='ltr'>Υἱός·</span> <span class='ocrx_word' id='word_1_77' title='bbox 372 766 399 789; x_wconf 78' lang='grc'><strong>“</strong></span> <span class='ocrx_word' id='word_1_78' title='bbox 426 759 562 812; x_wconf 74' lang='grc' dir='ltr'>οὗτος</span> <span class='ocrx_word' id='word_1_79' title='bbox 601 759 775 824; x_wconf 79' lang='grc' dir='ltr'>ἑώρακε</span> <span class='ocrx_word' id='word_1_80' title='bbox 815 758 897 809; x_wconf 84' lang='grc' dir='ltr'>τὸν</span> <span class='ocrx_word' id='word_1_81' title='bbox 926 756 1163 824; x_wconf 78' lang='grc' dir='ltr'>Πατέρα,”</span> <span class='ocrx_word' id='word_1_82' title='bbox 1217 761 1313 811; x_wconf 78' lang='grc' dir='ltr'>τοῖς</span> <span class='ocrx_word' id='word_1_83' title='bbox 1351 755 1502 822; x_wconf 83' lang='grc' dir='ltr'>γεμὴν</span> <span class='ocrx_word' id='word_1_84' title='bbox 1538 758 1729 819; x_wconf 82' lang='grc' dir='ltr'>κηλῖδος</span> 
     </span>
     <span class='ocr_line' id='line_1_9' title="bbox 137 837 1730 909; baseline -0.003 -18"><span class='ocrx_word' id='word_1_85' title='bbox 137 843 220 904; x_wconf 87' lang='grc' dir='ltr'>τῆς</span> <span class='ocrx_word' id='word_1_86' title='bbox 257 844 488 904; x_wconf 83' lang='grc' dir='ltr'>κοσμικῆς</span> <span class='ocrx_word' id='word_1_87' title='bbox 533 843 609 891; x_wconf 78' lang='grc' dir='ltr'>καὶ</span> <span class='ocrx_word' id='word_1_88' title='bbox 646 841 900 909; x_wconf 81' lang='grc' dir='ltr'>φροντίδος</span> <span class='ocrx_word' id='word_1_89' title='bbox 941 840 1125 902; x_wconf 78' lang='grc' dir='ltr'>εἰκαίας,</span> <span class='ocrx_word' id='word_1_90' title='bbox 1165 842 1248 903; x_wconf 88' lang='grc' dir='ltr'>τῆς</span> <span class='ocrx_word' id='word_1_91' title='bbox 1287 841 1335 889; x_wconf 77' lang='grc' dir='ltr'>ἐν</span> <span class='ocrx_word' id='word_1_92' title='bbox 1373 841 1491 907; x_wconf 71' lang='grc' dir='ltr'>τῷδε</span> <span class='ocrx_word' id='word_1_93' title='bbox 1533 842 1600 906; x_wconf 75' lang='grc' dir='ltr'>τῷ</span> <span class='ocrx_word' id='word_1_94' title='bbox 1638 837 1730 905; x_wconf 73' lang='grc' dir='ltr'>βίῳ</span> 
     </span>
     <span class='ocr_line' id='line_1_10' title="bbox 139 919 1731 990; baseline -0.003 -17"><span class='ocrx_word' id='word_1_95' title='bbox 139 926 276 990; x_wconf 76' lang='grc' dir='ltr'>φημὶ,</span> <span class='ocrx_word' id='word_1_96' title='bbox 300 922 383 973; x_wconf 84' lang='grc' dir='ltr'>τὸν</span> <span class='ocrx_word' id='word_1_97' title='bbox 416 928 525 973; x_wconf 84' lang='grc' dir='ltr'>νοῦν</span> <span class='ocrx_word' id='word_1_98' title='bbox 557 922 750 989; x_wconf 67' lang='grc' dir='ltr'>ε”χουσιν</span> <span class='ocrx_word' id='word_1_99' title='bbox 781 921 1172 986; x_wconf 80' lang='grc' dir='ltr'>ἀπηλλαγμένον,</span> <span class='ocrx_word' id='word_1_100' title='bbox 1200 919 1277 970; x_wconf 76' lang='grc' dir='ltr'>διὰ</span> <span class='ocrx_word' id='word_1_101' title='bbox 1312 922 1490 983; x_wconf 84' lang='grc' dir='ltr'>λεπτῆς</span> <span class='ocrx_word' id='word_1_102' title='bbox 1525 920 1616 985; x_wconf 79' lang='grc' dir='ltr'>ἄρα</span> <span class='ocrx_word' id='word_1_103' title='bbox 1655 921 1731 969; x_wconf 81' lang='grc' dir='ltr'>καὶ</span> 
     </span>
    </p>

    <p class='ocr_par' dir='ltr' id='par_1_5' title="bbox 71 1001 1904 1248">
     <span class='ocr_line' id='line_1_11' title="bbox 71 1001 1731 1072; baseline -0.002 -17"><span class='ocrx_word' id='word_1_104' title='bbox 71 1019 120 1044; x_wconf 90' lang='lat'>10</span> <span class='ocrx_word' id='word_1_105' title='bbox 138 1003 262 1072; x_wconf 79' lang='grc' dir='ltr'>τάχα</span> <span class='ocrx_word' id='word_1_106' title='bbox 295 1007 377 1068; x_wconf 87' lang='grc' dir='ltr'>τῆς</span> <span class='ocrx_word' id='word_1_107' title='bbox 414 1005 529 1070; x_wconf 72' lang='grc' dir='ltr'>ὑπὲρ</span> <span class='ocrx_word' id='word_1_108' title='bbox 563 1009 671 1054; x_wconf 84' lang='grc' dir='ltr'>νοῦν</span> <span class='ocrx_word' id='word_1_109' title='bbox 698 1005 892 1069; x_wconf 83' lang='grc' dir='ltr'>θεωρίας</span> <span class='ocrx_word' id='word_1_110' title='bbox 924 1002 1010 1067; x_wconf 84' lang='grc' dir='ltr'>τὴν</span> <span class='ocrx_word' id='word_1_111' title='bbox 1036 1004 1206 1053; x_wconf 80' lang='grc' dir='ltr'>οἰκείαν</span> <span class='ocrx_word' id='word_1_112' title='bbox 1233 1001 1380 1071; x_wconf 76' lang='grc' dir='ltr'>δόξαν</span> <span class='ocrx_word' id='word_1_113' title='bbox 1405 1001 1731 1053; x_wconf 78' lang='grc' dir='ltr'>ἀποκαλύπτει</span> 
     </span>
     <span class='ocr_line' id='line_1_12' title="bbox 139 1083 1731 1153; baseline -0.003 -16"><span class='ocrx_word' id='word_1_114' title='bbox 139 1085 369 1152; x_wconf 83' lang='grc' dir='ltr'>Χριστὸς,</span> <span class='ocrx_word' id='word_1_115' title='bbox 409 1085 586 1140; x_wconf 75' lang='grc' dir='ltr'>δεικνὺς</span> <span class='ocrx_word' id='word_1_116' title='bbox 630 1089 678 1136; x_wconf 81' lang='grc' dir='ltr'>ἐν</span> <span class='ocrx_word' id='word_1_117' title='bbox 720 1087 838 1153; x_wconf 79' lang='grc' dir='ltr'>αὐτῇ</span> <span class='ocrx_word' id='word_1_118' title='bbox 883 1088 958 1136; x_wconf 79' lang='grc' dir='ltr'>καὶ</span> <span class='ocrx_word' id='word_1_119' title='bbox 999 1084 1085 1149; x_wconf 85' lang='grc' dir='ltr'>τὴν</span> <span class='ocrx_word' id='word_1_120' title='bbox 1123 1091 1206 1135; x_wconf 85' lang='grc' dir='ltr'>τοῦ</span> <span class='ocrx_word' id='word_1_121' title='bbox 1246 1083 1455 1150; x_wconf 87' lang='grc' dir='ltr'>Πατρός.</span> <span class='ocrx_word' id='word_1_122' title='bbox 1520 1083 1596 1134; x_wconf 79' lang='grc' dir='ltr'>διὰ</span> <span class='ocrx_word' id='word_1_123' title='bbox 1637 1083 1731 1150; x_wconf 75' lang='grc' dir='ltr'>γὰρ</span> 
     </span>
     <span class='ocr_line' id='line_1_13' title="bbox 138 1163 1904 1248; baseline -0.002 -29"><span class='ocrx_word' id='word_1_124' title='bbox 138 1174 280 1219; x_wconf 87' lang='grc' dir='ltr'>τοῦτο</span> <span class='ocrx_word' id='word_1_125' title='bbox 307 1169 517 1238; x_wconf 77' lang='grc' dir='ltr'>ἔφασκεν</span> <span class='ocrx_word' id='word_1_126' title='bbox 542 1176 569 1198; x_wconf 81' lang='grc'><strong>“</strong></span> <span class='ocrx_word' id='word_1_127' title='bbox 589 1169 652 1219; x_wconf 77' lang='lat' dir='ltr'>‘O</span> <span class='ocrx_word' id='word_1_128' title='bbox 679 1167 894 1234; x_wconf 85' lang='grc' dir='ltr'>ἑωρακὼς</span> <span class='ocrx_word' id='word_1_129' title='bbox 921 1166 999 1230; x_wconf 79' lang='grc' dir='ltr'>ἐμὲ</span> <span class='ocrx_word' id='word_1_130' title='bbox 1025 1166 1198 1233; x_wconf 82' lang='grc' dir='ltr'>ἑώρακε</span> <span class='ocrx_word' id='word_1_131' title='bbox 1228 1166 1311 1217; x_wconf 85' lang='grc' dir='ltr'>τὸν</span> <span class='ocrx_word' id='word_1_132' title='bbox 1340 1166 1579 1233; x_wconf 64' lang='grc' dir='ltr'>Πατερα.”</span> <span class='ocrx_word' id='word_1_133' title='bbox 1793 1163 1904 1248; x_wconf 34' lang='lat' dir='ltr'>{ass}-</span> 
     </span>
    </p>
   </div>
   <div class='ocr_carea' id='block_1_5' title="bbox 145 1349 1796 1410">
    <p class='ocr_par' dir='ltr' id='par_1_6' title="bbox 145 1349 1796 1410">
     <span class='ocr_line' id='line_1_14' title="bbox 145 1349 1796 1410; baseline -0.001 -18"><span class='ocrx_word' id='word_1_134' title='bbox 145 1351 295 1403; x_wconf 75' lang='grc' dir='ltr'>Βάψαο</span> <span class='ocrx_word' id='word_1_135' title='bbox 333 1349 407 1393; x_wconf 76' lang='grc' dir='ltr'>οὖν</span> <span class='ocrx_word' id='word_1_136' title='bbox 445 1352 492 1393; x_wconf 85' lang='grc' dir='ltr'>τὸ</span> <span class='ocrx_word' id='word_1_137' title='bbox 529 1351 700 1402; x_wconf 75' lang='grc' dir='ltr'>ψωμίον</span> <span class='ocrx_word' id='word_1_138' title='bbox 740 1351 914 1393; x_wconf 71' lang='grc' dir='ltr'>δίδωσιν</span> <span class='ocrx_word' id='word_1_139' title='bbox 943 1351 1085 1410; x_wconf 71' lang='grc' dir='ltr'>Ἰούδᾳ</span> <span class='ocrx_word' id='word_1_140' title='bbox 1123 1350 1320 1400; x_wconf 70' lang='grc' dir='ltr'>Σίμωνος</span> <span class='ocrx_word' id='word_1_141' title='bbox 1353 1350 1623 1407; x_wconf 73' lang='grc' dir='ltr'>Ἰσκαριὼτῌ,</span> <span class='ocrx_word' id='word_1_142' title='bbox 1660 1351 1727 1391; x_wconf 75' lang='grc' dir='ltr'>καὶ</span> <span class='ocrx_word' id='word_1_143' title='bbox 1751 1359 1796 1397; x_wconf 89' lang='lat'>27</span> 
     </span>
    </p>
   </div>
   <div class='ocr_carea' id='block_1_6' title="bbox 309 1418 1770 1485">
    <p class='ocr_par' dir='ltr' id='par_1_7' title="bbox 309 1418 1770 1485">
     <span class='ocr_line' id='line_1_15' title="bbox 309 1418 1770 1485; baseline 0.001 -9"><span class='ocrx_word' id='word_1_144' title='bbox 309 1435 416 1484; x_wconf 80' lang='grc' dir='ltr'>μετὰ</span> <span class='ocrx_word' id='word_1_145' title='bbox 453 1434 501 1476; x_wconf 86' lang='grc' dir='ltr'>τὸ</span> <span class='ocrx_word' id='word_1_146' title='bbox 538 1433 710 1485; x_wconf 79' lang='grc' dir='ltr'>ψωμίον</span> <span class='ocrx_word' id='word_1_147' title='bbox 748 1433 944 1477; x_wconf 62' lang='grc' dir='ltr'>εἰσῆλθεν</span> <span class='ocrx_word' id='word_1_148' title='bbox 982 1433 1042 1475; x_wconf 70' lang='grc' dir='ltr'>εἷς</span> <span class='ocrx_word' id='word_1_149' title='bbox 1078 1432 1243 1476; x_wconf 79' lang='grc' dir='ltr'>ἐκεῖνον</span> <span class='ocrx_word' id='word_1_150' title='bbox 1282 1435 1304 1476; x_wconf 86' lang='grc' dir='ltr'>ὁ</span> <span class='ocrx_word' id='word_1_151' title='bbox 1344 1437 1547 1477; x_wconf 75' lang='grc' dir='ltr'>σατανᾶε.</span> <span class='ocrx_word' id='word_1_152' title='bbox 1749 1418 1770 1443; x_wconf 69' lang='lat'>⁰</span> 
     </span>
    </p>
   </div>
   <div class='ocr_carea' id='block_1_7' title="bbox 74 1547 1777 2764">
    <p class='ocr_par' dir='ltr' id='par_1_8' title="bbox 74 1547 1731 1944">
     <span class='ocr_line' id='line_1_16' title="bbox 74 1547 1727 1615; baseline 0 -18"><span class='ocrx_word' id='word_1_153' title='bbox 74 1556 122 1595; x_wconf 90' lang='lat'>15</span> <span class='ocrx_word' id='word_1_154' title='bbox 213 1548 601 1615; x_wconf 87' lang='grc' dir='ltr'>Ἐναργέστατον</span> <span class='ocrx_word' id='word_1_155' title='bbox 642 1547 729 1612; x_wconf 73' lang='grc' dir='ltr'>μὲν</span> <span class='ocrx_word' id='word_1_156' title='bbox 769 1553 866 1602; x_wconf 78' lang='grc' dir='ltr'>τοῖς</span> <span class='ocrx_word' id='word_1_157' title='bbox 905 1548 1070 1599; x_wconf 82' lang='grc' dir='ltr'>ἑαυτοῦ</span> <span class='ocrx_word' id='word_1_158' title='bbox 1110 1552 1343 1612; x_wconf 81' lang='grc' dir='ltr'>μαθηταῖς</span> <span class='ocrx_word' id='word_1_159' title='bbox 1383 1547 1438 1598; x_wconf 79' lang='grc' dir='ltr'>τὸ</span> <span class='ocrx_word' id='word_1_160' title='bbox 1480 1553 1563 1598; x_wconf 86' lang='grc' dir='ltr'>τοῦ</span> <span class='ocrx_word' id='word_1_161' title='bbox 1605 1570 1727 1613; x_wconf 88' lang='grc' dir='ltr'>προ-</span> 
     </span>
     <span class='ocr_line' id='line_1_17' title="bbox 140 1626 1729 1700; baseline -0.001 -19"><span class='ocrx_word' id='word_1_162' title='bbox 140 1628 348 1684; x_wconf 85' lang='grc' dir='ltr'>διδόντος</span> <span class='ocrx_word' id='word_1_163' title='bbox 387 1636 585 1695; x_wconf 79' lang='grc' dir='ltr'>σημεῖον</span> <span class='ocrx_word' id='word_1_164' title='bbox 619 1631 792 1700; x_wconf 75' lang='grc' dir='ltr'>ἔδειξεν</span> <span class='ocrx_word' id='word_1_165' title='bbox 827 1632 852 1681; x_wconf 83' lang='grc' dir='ltr'>ὁ</span> <span class='ocrx_word' id='word_1_166' title='bbox 890 1629 1074 1697; x_wconf 81' lang='grc' dir='ltr'>Σωτήρ.</span> <span class='ocrx_word' id='word_1_167' title='bbox 1129 1626 1312 1699; x_wconf 61' lang='grc' dir='ltr'>βάψας</span> <span class='ocrx_word' id='word_1_168' title='bbox 1354 1629 1446 1696; x_wconf 76' lang='grc' dir='ltr'>γὰρ</span> <span class='ocrx_word' id='word_1_169' title='bbox 1484 1629 1729 1681; x_wconf 74' lang='grc' dir='ltr'>ἐπιδέδωκε</span> 
     </span>
     <span class='ocr_line' id='line_1_18' title="bbox 140 1708 1724 1783; baseline -0.001 -19"><span class='ocrx_word' id='word_1_170' title='bbox 140 1711 187 1764; x_wconf 73' lang='grc' dir='ltr'><em>τό</em></span> <span class='ocrx_word' id='word_1_171' title='bbox 221 1708 418 1783; x_wconf 63' lang='grc' dir='ltr'>ψωμίον,</span> <span class='ocrx_word' id='word_1_172' title='bbox 444 1711 527 1764; x_wconf 79' lang='grc' dir='ltr'>τὸν</span> <span class='ocrx_word' id='word_1_173' title='bbox 558 1713 781 1764; x_wconf 84' lang='grc' dir='ltr'>ἐσθίοντα</span> <span class='ocrx_word' id='word_1_174' title='bbox 815 1712 898 1764; x_wconf 80' lang='grc' dir='ltr'>τὸν</span> <span class='ocrx_word' id='word_1_175' title='bbox 927 1712 1072 1779; x_wconf 74' lang='grc' dir='ltr'>ἄρτον</span> <span class='ocrx_word' id='word_1_176' title='bbox 1097 1713 1240 1763; x_wconf 83' lang='grc' dir='ltr'>αὐτοῦ</span> <span class='ocrx_word' id='word_1_177' title='bbox 1277 1711 1353 1762; x_wconf 77' lang='grc' dir='ltr'>διὰ</span> <span class='ocrx_word' id='word_1_178' title='bbox 1387 1711 1554 1763; x_wconf 82' lang='grc' dir='ltr'>τούτου</span> <span class='ocrx_word' id='word_1_179' title='bbox 1590 1716 1724 1763; x_wconf 88' lang='grc' dir='ltr'>καθι-</span> 
     </span>
     <span class='ocr_line' id='line_1_19' title="bbox 142 1793 1726 1863; baseline 0 -18"><span class='ocrx_word' id='word_1_180' title='bbox 142 1793 263 1848; x_wconf 76' lang='grc' dir='ltr'>στὰς</span> <span class='ocrx_word' id='word_1_181' title='bbox 289 1796 490 1863; x_wconf 82' lang='grc' dir='ltr'>ἐμφανῆ,</span> <span class='ocrx_word' id='word_1_182' title='bbox 517 1797 593 1845; x_wconf 78' lang='grc' dir='ltr'>καὶ</span> <span class='ocrx_word' id='word_1_183' title='bbox 619 1793 702 1845; x_wconf 78' lang='grc' dir='ltr'>τὸν</span> <span class='ocrx_word' id='word_1_184' title='bbox 728 1794 931 1860; x_wconf 80' lang='grc' dir='ltr'>ἐπαίρειν</span> <span class='ocrx_word' id='word_1_185' title='bbox 955 1793 1201 1858; x_wconf 77' lang='grc' dir='ltr'>μέλλοντα</span> <span class='ocrx_word' id='word_1_186' title='bbox 1225 1793 1312 1858; x_wconf 87' lang='grc' dir='ltr'>τὴν</span> <span class='ocrx_word' id='word_1_187' title='bbox 1336 1794 1542 1860; x_wconf 90' lang='grc' dir='ltr'>πτέρναν</span> <span class='ocrx_word' id='word_1_188' title='bbox 1567 1795 1726 1845; x_wconf 85' lang='grc' dir='ltr'>αὐτοῦ.</span> 
     </span>
     <span class='ocr_line' id='line_1_20' title="bbox 141 1874 1731 1944; baseline 0.001 -17"><span class='ocrx_word' id='word_1_189' title='bbox 141 1875 225 1927; x_wconf 80' lang='grc' dir='ltr'>τὸν</span> <span class='ocrx_word' id='word_1_190' title='bbox 263 1875 412 1942; x_wconf 84' lang='grc' dir='ltr'>γεμὴν</span> <span class='ocrx_word' id='word_1_191' title='bbox 450 1879 531 1941; x_wconf 86' lang='grc' dir='ltr'>τῆς</span> <span class='ocrx_word' id='word_1_192' title='bbox 577 1880 639 1930; x_wconf 82' lang='grc' dir='ltr'>εἷς</span> <span class='ocrx_word' id='word_1_193' title='bbox 677 1874 893 1942; x_wconf 82' lang='grc' dir='ltr'>Χριστὸν</span> <span class='ocrx_word' id='word_1_194' title='bbox 931 1877 1215 1937; x_wconf 79' lang='grc' dir='ltr'>δυσσεβείας</span> <span class='ocrx_word' id='word_1_195' title='bbox 1253 1899 1301 1926; x_wconf 93' lang='grc' dir='ltr'>τε</span> <span class='ocrx_word' id='word_1_196' title='bbox 1340 1877 1417 1926; x_wconf 84' lang='grc' dir='ltr'>καὶ</span> <span class='ocrx_word' id='word_1_197' title='bbox 1458 1876 1731 1944; x_wconf 87' lang='grc' dir='ltr'>μιαιφονίας</span> 
     </span>
    </p>

    <p class='ocr_par' dir='ltr' id='par_1_9' title="bbox 78 1956 1777 2354">
     <span class='ocr_line' id='line_1_21' title="bbox 78 1956 1725 2024; baseline -0.002 -13"><span class='ocrx_word' id='word_1_198' title='bbox 78 1986 127 2011; x_wconf 90' lang='lat'>20</span> <span class='ocrx_word' id='word_1_199' title='bbox 143 1956 349 2024; x_wconf 82' lang='grc' dir='ltr'>ἡγεμόνα</span> <span class='ocrx_word' id='word_1_200' title='bbox 383 1960 458 2008; x_wconf 80' lang='grc' dir='ltr'>καὶ</span> <span class='ocrx_word' id='word_1_201' title='bbox 493 1957 738 2024; x_wconf 84' lang='grc' dir='ltr'>πρύτανιν,</span> <span class='ocrx_word' id='word_1_202' title='bbox 781 1960 856 2008; x_wconf 80' lang='grc' dir='ltr'>καὶ</span> <span class='ocrx_word' id='word_1_203' title='bbox 891 1962 985 2009; x_wconf 83' lang='grc' dir='ltr'>τῶν</span> <span class='ocrx_word' id='word_1_204' title='bbox 1024 1957 1152 2008; x_wconf 79' lang='grc' dir='ltr'>ὅλων</span> <span class='ocrx_word' id='word_1_205' title='bbox 1191 1956 1585 2021; x_wconf 87' lang='grc' dir='ltr'>κατασκευαστὴν</span> <span class='ocrx_word' id='word_1_206' title='bbox 1625 1961 1725 2008; x_wconf 81' lang='grc' dir='ltr'>εἷσ-</span> 
     </span>
     <span class='ocr_line' id='line_1_22' title="bbox 143 2037 1777 2107; baseline 0 -17"><span class='ocrx_word' id='word_1_207' title='bbox 143 2039 458 2104; x_wconf 86' lang='grc' dir='ltr'>πεπηδηκέναι</span> <span class='ocrx_word' id='word_1_208' title='bbox 486 2040 638 2107; x_wconf 79' lang='grc' dir='ltr'>φησὶν</span> <span class='ocrx_word' id='word_1_209' title='bbox 665 2041 690 2090; x_wconf 85' lang='grc' dir='ltr'>ὁ</span> <span class='ocrx_word' id='word_1_210' title='bbox 721 2039 1007 2107; x_wconf 83' lang='grc' dir='ltr'>σοφώτατος</span> <span class='ocrx_word' id='word_1_211' title='bbox 1036 2038 1401 2105; x_wconf 82' lang='grc' dir='ltr'>Εὐαγγελιστὴς</span> <span class='ocrx_word' id='word_1_212' title='bbox 1437 2042 1500 2092; x_wconf 79' lang='grc' dir='ltr'>εἷς</span> <span class='ocrx_word' id='word_1_213' title='bbox 1534 2037 1621 2103; x_wconf 87' lang='grc' dir='ltr'>τὴν</span> <span class='ocrx_word' id='word_1_214' title='bbox 1648 2044 1731 2090; x_wconf 88' lang='grc' dir='ltr'>τοῦ</span> <span class='ocrx_word' id='word_1_215' title='bbox 1749 2049 1777 2090; x_wconf 87' lang='lat' dir='ltr'><strong>d</strong></span> 
     </span>
     <span class='ocr_line' id='line_1_23' title="bbox 143 2120 1732 2190; baseline -0.001 -17"><span class='ocrx_word' id='word_1_216' title='bbox 143 2121 380 2189; x_wconf 87' lang='grc' dir='ltr'>προδότου</span> <span class='ocrx_word' id='word_1_217' title='bbox 416 2121 624 2188; x_wconf 85' lang='grc' dir='ltr'>καρδίαν,</span> <span class='ocrx_word' id='word_1_218' title='bbox 650 2123 726 2172; x_wconf 73' lang='grc' dir='ltr'>καὶ</span> <span class='ocrx_word' id='word_1_219' title='bbox 762 2121 876 2172; x_wconf 80' lang='grc' dir='ltr'>ὅλον</span> <span class='ocrx_word' id='word_1_220' title='bbox 907 2123 955 2172; x_wconf 88' lang='grc' dir='ltr'>ἐν</span> <span class='ocrx_word' id='word_1_221' title='bbox 990 2122 1116 2190; x_wconf 73' lang='grc' dir='ltr'>αὐτῷ</span> <span class='ocrx_word' id='word_1_222' title='bbox 1151 2121 1374 2186; x_wconf 85' lang='grc' dir='ltr'>γενέσθαι</span> <span class='ocrx_word' id='word_1_223' title='bbox 1408 2120 1490 2172; x_wconf 82' lang='grc' dir='ltr'>τὸν</span> <span class='ocrx_word' id='word_1_224' title='bbox 1517 2125 1732 2172; x_wconf 84' lang='grc' dir='ltr'>σατανᾶν</span> 
     </span>
     <span class='ocr_line' id='line_1_24' title="bbox 144 2201 1728 2270; baseline -0.001 -16"><span class='ocrx_word' id='word_1_225' title='bbox 144 2203 264 2268; x_wconf 80' lang='grc' dir='ltr'>μετὰ</span> <span class='ocrx_word' id='word_1_226' title='bbox 301 2202 388 2267; x_wconf 88' lang='grc' dir='ltr'>τὴν</span> <span class='ocrx_word' id='word_1_227' title='bbox 422 2204 635 2255; x_wconf 84' lang='grc' dir='ltr'>ἐπίδοσιν</span> <span class='ocrx_word' id='word_1_228' title='bbox 673 2208 756 2254; x_wconf 87' lang='grc' dir='ltr'>τοῦ</span> <span class='ocrx_word' id='word_1_229' title='bbox 793 2204 1003 2270; x_wconf 81' lang='grc' dir='ltr'>ψωμίου.</span> <span class='ocrx_word' id='word_1_230' title='bbox 1060 2204 1137 2253; x_wconf 80' lang='grc' dir='ltr'>καὶ</span> <span class='ocrx_word' id='word_1_231' title='bbox 1173 2201 1311 2267; x_wconf 88' lang='grc' dir='ltr'>μήτις</span> <span class='ocrx_word' id='word_1_232' title='bbox 1350 2203 1522 2254; x_wconf 79' lang='grc' dir='ltr'>οἰέσθω</span> <span class='ocrx_word' id='word_1_233' title='bbox 1560 2201 1728 2265; x_wconf 78' lang='grc' dir='ltr'>πάλιν,</span> 
     </span>
     <span class='ocr_line' id='line_1_25' title="bbox 146 2280 1734 2354; baseline -0.001 -17"><span class='ocrx_word' id='word_1_234' title='bbox 146 2292 230 2337; x_wconf 89' lang='grc' dir='ltr'>τοῦ</span> <span class='ocrx_word' id='word_1_235' title='bbox 265 2286 479 2353; x_wconf 76' lang='grc' dir='ltr'>δεδέχθαι</span> <span class='ocrx_word' id='word_1_236' title='bbox 512 2285 596 2336; x_wconf 83' lang='grc' dir='ltr'>τὸν</span> <span class='ocrx_word' id='word_1_237' title='bbox 626 2289 840 2336; x_wconf 82' lang='grc' dir='ltr'>σατανᾶν</span> <span class='ocrx_word' id='word_1_238' title='bbox 867 2285 914 2337; x_wconf 65' lang='grc' dir='ltr'>τὶ</span> <span class='ocrx_word' id='word_1_239' title='bbox 949 2280 1130 2354; x_wconf 61' lang='grc' dir='ltr'>ψωμίον</span> <span class='ocrx_word' id='word_1_240' title='bbox 1156 2289 1223 2354; x_wconf 72' lang='grc' dir='ltr'>τῷ</span> <span class='ocrx_word' id='word_1_241' title='bbox 1262 2283 1472 2353; x_wconf 88' lang='grc' dir='ltr'>προδότῃ</span> <span class='ocrx_word' id='word_1_242' title='bbox 1510 2285 1734 2351; x_wconf 90' lang='grc' dir='ltr'>γενέσθαι</span> 
     </span>
    </p>

    <p class='ocr_par' dir='ltr' id='par_1_10' title="bbox 82 2366 1736 2764">
     <span class='ocr_line' id='line_1_26' title="bbox 82 2366 1732 2436; baseline 0 -19"><span class='ocrx_word' id='word_1_243' title='bbox 82 2389 129 2428; x_wconf 89' lang='lat'>25</span> <span class='ocrx_word' id='word_1_244' title='bbox 147 2369 411 2434; x_wconf 84' lang='grc' dir='ltr'>παραίτιον.</span> <span class='ocrx_word' id='word_1_245' title='bbox 466 2368 520 2418; x_wconf 82' lang='grc' dir='ltr'>οὐ</span> <span class='ocrx_word' id='word_1_246' title='bbox 547 2366 641 2434; x_wconf 81' lang='grc' dir='ltr'>γὰρ</span> <span class='ocrx_word' id='word_1_247' title='bbox 669 2371 731 2421; x_wconf 80' lang='grc' dir='ltr'>εἷς</span> <span class='ocrx_word' id='word_1_248' title='bbox 757 2372 989 2418; x_wconf 88' lang='grc' dir='ltr'>τοσοῦτον</span> <span class='ocrx_word' id='word_1_249' title='bbox 1016 2366 1323 2435; x_wconf 77' lang='grc' dir='ltr'>ἀποπληξίας</span> <span class='ocrx_word' id='word_1_250' title='bbox 1348 2367 1524 2436; x_wconf 75' lang='grc' dir='ltr'>ἥξομεν</span> <span class='ocrx_word' id='word_1_251' title='bbox 1548 2367 1732 2433; x_wconf 87' lang='grc' dir='ltr'>μέτρον,</span> 
     </span>
     <span class='ocr_line' id='line_1_27' title="bbox 148 2447 1736 2517; baseline -0.001 -17"><span class='ocrx_word' id='word_1_252' title='bbox 148 2450 260 2500; x_wconf 81' lang='grc' dir='ltr'>ἀλλ’</span> <span class='ocrx_word' id='word_1_253' title='bbox 290 2447 394 2500; x_wconf 82' lang='grc' dir='ltr'>οὐδὲ</span> <span class='ocrx_word' id='word_1_254' title='bbox 424 2452 508 2513; x_wconf 86' lang='grc' dir='ltr'>τῆς</span> <span class='ocrx_word' id='word_1_255' title='bbox 539 2448 842 2514; x_wconf 86' lang='grc' dir='ltr'>καθηκούσης</span> <span class='ocrx_word' id='word_1_256' title='bbox 868 2449 1029 2515; x_wconf 60' lang='grc' dir='ltr'>ἔρημοι</span> <span class='ocrx_word' id='word_1_257' title='bbox 1054 2448 1301 2514; x_wconf 87' lang='grc' dir='ltr'>γεγονότες</span> <span class='ocrx_word' id='word_1_258' title='bbox 1328 2448 1518 2517; x_wconf 80' lang='grc' dir='ltr'>φρενὸς,</span> <span class='ocrx_word' id='word_1_259' title='bbox 1548 2448 1736 2499; x_wconf 78' lang='grc' dir='ltr'>εἰσόδου</span> 
     </span>
     <span class='ocr_line' id='line_1_28' title="bbox 148 2528 1732 2600; baseline -0.001 -18"><span class='ocrx_word' id='word_1_260' title='bbox 148 2529 398 2598; x_wconf 85' lang='grc' dir='ltr'>πρόφασιν</span> <span class='ocrx_word' id='word_1_261' title='bbox 424 2530 648 2581; x_wconf 87' lang='grc' dir='ltr'>δεδόσθαι</span> <span class='ocrx_word' id='word_1_262' title='bbox 682 2534 749 2600; x_wconf 72' lang='grc' dir='ltr'>τῷ</span> <span class='ocrx_word' id='word_1_263' title='bbox 783 2534 978 2600; x_wconf 69' lang='grc' dir='ltr'>πονηρῷ</span> <span class='ocrx_word' id='word_1_264' title='bbox 1013 2528 1100 2593; x_wconf 88' lang='grc' dir='ltr'>τὴν</span> <span class='ocrx_word' id='word_1_265' title='bbox 1131 2530 1355 2596; x_wconf 83' lang='grc' dir='ltr'>εὐλογίαν</span> <span class='ocrx_word' id='word_1_266' title='bbox 1386 2530 1732 2594; x_wconf 85' lang='grc' dir='ltr'>ὑπονοήσομεν,</span> 
     </span>
     <span class='ocr_line' id='line_1_29' title="bbox 149 2609 1733 2679; baseline -0.001 -15"><span class='ocrx_word' id='word_1_267' title='bbox 149 2614 294 2664; x_wconf 84' lang='grc' dir='ltr'>ἐκεῖνο</span> <span class='ocrx_word' id='word_1_268' title='bbox 332 2610 380 2662; x_wconf 80' lang='grc' dir='ltr'>δὲ</span> <span class='ocrx_word' id='word_1_269' title='bbox 423 2616 616 2675; x_wconf 83' lang='grc' dir='ltr'>μᾶλλον</span> <span class='ocrx_word' id='word_1_270' title='bbox 653 2613 845 2678; x_wconf 83' lang='grc' dir='ltr'>ἐροῦμεν</span> <span class='ocrx_word' id='word_1_271' title='bbox 883 2613 967 2662; x_wconf 81' lang='grc' dir='ltr'>οὐκ</span> <span class='ocrx_word' id='word_1_272' title='bbox 1011 2611 1104 2679; x_wconf 77' lang='grc' dir='ltr'>ἔξω</span> <span class='ocrx_word' id='word_1_273' title='bbox 1148 2614 1231 2674; x_wconf 89' lang='grc' dir='ltr'>τῆς</span> <span class='ocrx_word' id='word_1_274' title='bbox 1276 2611 1500 2674; x_wconf 85' lang='grc' dir='ltr'>ἀληθείας</span> <span class='ocrx_word' id='word_1_275' title='bbox 1542 2609 1625 2662; x_wconf 83' lang='grc' dir='ltr'>τὸν</span> <span class='ocrx_word' id='word_1_276' title='bbox 1663 2611 1733 2662; x_wconf 75' lang='grc' dir='ltr'>ἐπ’</span> 
     </span>
     <span class='ocr_line' id='line_1_30' title="bbox 150 2690 1736 2764; baseline -0.001 -19"><span class='ocrx_word' id='word_1_277' title='bbox 150 2694 277 2764; x_wconf 72' lang='grc' dir='ltr'>αὐτῷ</span> <span class='ocrx_word' id='word_1_278' title='bbox 315 2691 626 2747; x_wconf 79' lang='grc' dir='ltr'>καθιστάντες</span> <span class='ocrx_word' id='word_1_279' title='bbox 663 2692 812 2759; x_wconf 87' lang='grc' dir='ltr'>λόγον</span> <span class='ocrx_word' id='word_1_280' title='bbox 844 2691 1038 2756; x_wconf 84' lang='grc' dir='ltr'>Ἐπειδὴ</span> <span class='ocrx_word' id='word_1_281' title='bbox 1078 2691 1172 2758; x_wconf 81' lang='grc' dir='ltr'>γὰρ</span> <span class='ocrx_word' id='word_1_282' title='bbox 1211 2691 1403 2756; x_wconf 79' lang='grc' dir='ltr'>ἁπάσης</span> <span class='ocrx_word' id='word_1_283' title='bbox 1442 2690 1629 2757; x_wconf 81' lang='grc' dir='ltr'>ἀγάπης</span> <span class='ocrx_word' id='word_1_284' title='bbox 1673 2696 1736 2747; x_wconf 80' lang='grc' dir='ltr'>εἷς</span> 
     </span>
    </p>
   </div>
   <div class='ocr_carea' id='block_1_8' title="bbox 151 2814 1738 2956">
    <p class='ocr_par' dir='ltr' id='par_1_11' title="bbox 151 2814 1738 2956">
     <span class='ocr_line' id='line_1_31' title="bbox 202 2814 1735 2862; baseline -0.001 -11"><span class='ocrx_word' id='word_1_285' title='bbox 202 2829 256 2862; x_wconf 91' lang='lat'>19.</span> <span class='ocrx_word' id='word_1_286' title='bbox 282 2831 319 2851; x_wconf 82' lang='grc' dir='ltr'>τε</span> <span class='ocrx_word' id='word_1_287' title='bbox 336 2821 559 2861; x_wconf 81' lang='lat' dir='ltr'><strong>assumptum</strong></span> <span class='ocrx_word' id='word_1_288' title='bbox 577 2827 618 2850; x_wconf 83' lang='lat' dir='ltr'>ex</span> <span class='ocrx_word' id='word_1_289' title='bbox 638 2815 679 2850; x_wconf 92' lang='lat' dir='ltr'>E.</span> <span class='ocrx_word' id='word_1_290' title='bbox 801 2826 854 2850; x_wconf 90' lang='lat'>20.</span> <span class='ocrx_word' id='word_1_291' title='bbox 880 2814 987 2860; x_wconf 86' lang='grc' dir='ltr'>ὅλων]</span> <span class='ocrx_word' id='word_1_292' title='bbox 1011 2818 1048 2855; x_wconf 61' lang='grc'>-1-</span> <span class='ocrx_word' id='word_1_293' title='bbox 1069 2818 1178 2849; x_wconf 85' lang='grc' dir='ltr'>κακῶν</span> <span class='ocrx_word' id='word_1_294' title='bbox 1196 2814 1332 2859; x_wconf 86' lang='lat' dir='ltr'>Migne.</span> <span class='ocrx_word' id='word_1_295' title='bbox 1456 2825 1511 2848; x_wconf 87' lang='lat'>22.</span> <span class='ocrx_word' id='word_1_296' title='bbox 1537 2815 1675 2859; x_wconf 82' lang='grc' dir='ltr'>καρδίας</span> <span class='ocrx_word' id='word_1_297' title='bbox 1693 2815 1735 2850; x_wconf 87' lang='grc' dir='ltr'>Ε.</span> 
     </span>
     <span class='ocr_line' id='line_1_32' title="bbox 152 2861 1738 2908; baseline -0.002 -9"><span class='ocrx_word' id='word_1_298' title='bbox 152 2865 282 2899; x_wconf 82' lang='grc' dir='ltr'>σατανᾶ</span> <span class='ocrx_word' id='word_1_299' title='bbox 300 2863 342 2898; x_wconf 91' lang='grc' dir='ltr'>Ε.</span> <span class='ocrx_word' id='word_1_300' title='bbox 415 2875 471 2905; x_wconf 86' lang='grc'>24.</span> <span class='ocrx_word' id='word_1_301' title='bbox 497 2864 629 2898; x_wconf 86' lang='grc' dir='ltr'>σατανᾶ</span> <span class='ocrx_word' id='word_1_302' title='bbox 647 2862 689 2896; x_wconf 92' lang='grc' dir='ltr'>Ε.</span> <span class='ocrx_word' id='word_1_303' title='bbox 753 2864 800 2908; x_wconf 80' lang='grc' dir='ltr'>τῷ</span> <span class='ocrx_word' id='word_1_304' title='bbox 818 2863 967 2908; x_wconf 83' lang='grc' dir='ltr'>προδότῃ</span> <span class='ocrx_word' id='word_1_305' title='bbox 984 2862 1144 2907; x_wconf 85' lang='grc' dir='ltr'>γενέσθαι</span> <span class='ocrx_word' id='word_1_306' title='bbox 1161 2862 1338 2906; x_wconf 84' lang='grc' dir='ltr'>παραίτιον</span> <span class='ocrx_word' id='word_1_307' title='bbox 1355 2861 1422 2895; x_wconf 85' lang='lat' dir='ltr'>hoc</span> <span class='ocrx_word' id='word_1_308' title='bbox 1440 2861 1562 2896; x_wconf 80' lang='lat' dir='ltr'>ordine</span> <span class='ocrx_word' id='word_1_309' title='bbox 1580 2862 1623 2896; x_wconf 88' lang='lat' dir='ltr'>E.</span> <span class='ocrx_word' id='word_1_310' title='bbox 1643 2861 1738 2896; x_wconf 83' lang='lat' dir='ltr'><strong>Catt.</strong></span> 
     </span>
     <span class='ocr_line' id='line_1_33' title="bbox 151 2907 1736 2956; baseline 0 -13"><span class='ocrx_word' id='word_1_311' title='bbox 151 2910 311 2955; x_wconf 79' lang='grc' dir='ltr'>γενέσθαι</span> <span class='ocrx_word' id='word_1_312' title='bbox 327 2908 506 2955; x_wconf 82' lang='grc' dir='ltr'>παραίτιον</span> <span class='ocrx_word' id='word_1_313' title='bbox 522 2912 569 2956; x_wconf 80' lang='grc' dir='ltr'>τῷ</span> <span class='ocrx_word' id='word_1_314' title='bbox 587 2909 737 2954; x_wconf 86' lang='grc' dir='ltr'>προδότῃ</span> <span class='ocrx_word' id='word_1_315' title='bbox 756 2908 824 2943; x_wconf 87' lang='lat' dir='ltr'>Ed.</span> <span class='ocrx_word' id='word_1_316' title='bbox 961 2917 1017 2954; x_wconf 83' lang='lat'>25.</span> <span class='ocrx_word' id='word_1_317' title='bbox 1041 2909 1281 2954; x_wconf 81' lang='grc' dir='ltr'>παραπληξίας</span> <span class='ocrx_word' id='word_1_318' title='bbox 1298 2919 1328 2944; x_wconf 93' lang='lat' dir='ltr'>c.</span> <span class='ocrx_word' id='word_1_319' title='bbox 1348 2907 1456 2943; x_wconf 90' lang='lat' dir='ltr'>Cord.</span> <span class='ocrx_word' id='word_1_320' title='bbox 1602 2918 1658 2954; x_wconf 79' lang='lat'>27.</span> <span class='ocrx_word' id='word_1_321' title='bbox 1686 2909 1736 2943; x_wconf 82' lang='grc' dir='ltr'>δι’-</span> 
     </span>
    </p>
   </div>
   <div class='ocr_carea' id='block_1_9' title="bbox 153 2956 490 2992">
    <p class='ocr_par' dir='ltr' id='par_1_12' title="bbox 153 2956 490 2992">
     <span class='ocr_line' id='line_1_34' title="bbox 153 2956 490 2992; baseline 0.006 -2"><span class='ocrx_word' id='word_1_322' title='bbox 153 2957 277 2992; x_wconf 84' lang='grc' dir='ltr'>δοσθαι</span> <span class='ocrx_word' id='word_1_323' title='bbox 294 2957 362 2992; x_wconf 89' lang='lat' dir='ltr'>b.c.</span> <span class='ocrx_word' id='word_1_324' title='bbox 383 2956 490 2992; x_wconf 87' lang='lat' dir='ltr'><strong>Cord.</strong></span> 
     </span>
    </p>
   </div>
  </div>
 </body>
</html>
