2022 3272
75 136 158 178 xiv.
181 150 247 179 22.
478 138 550 178 IN
593 138 635 179 S.
670 137 1007 178 JOANNEM.
1072 136 1194 176 12113.
1231 136 1282 175 X.
1585 133 1666 172 495

77 252 103 274 “
133 245 311 311 Κύριον
342 248 390 297 ἐν
421 252 479 315 τῇ
519 247 667 316 ἡμέρᾳ
705 248 867 314 ἐκείνῃ,
897 248 970 296 καὶ
1009 245 1199 296 ἔσονται
1239 245 1364 311 αὐτῷ
1400 246 1462 295 εἰς
1502 240 1665 291 Mdv-'⁸

75 326 302 382 συνόντες
328 328 375 379 δὲ
408 332 482 380 καὶ
516 329 944 395 συνδιατρίβοντες,
977 326 1195 391 αὐτήκοοι
1227 329 1309 389 τῆς
1340 327 1431 387 σῆς
1467 321 1662 388 γεγενή-

76 414 198 474 μεθα
233 414 409 478 φωνῆς,
436 411 549 462 ὅταν
580 411 700 478 πρὸς
735 413 858 475 ἡμᾶς
893 410 1009 478 ε”φης
1041 409 1245 459 “”Οταν
1278 409 1458 474 ὑψωθῶ
1498 407 1547 455 ἐκ
1585 407 1668 467 τῆς
1732 410 1859 491 {5¹:¹53}

79 499 107 522 ‘⁶
131 495 233 558 γῆς,
252 492 435 546 πάντας
463 493 654 544 ἑλκύσω
680 494 799 559 πρὸς
825 491 1067 555 ἐμαυτόν·”
1097 490 1230 541 ἀλλὰ
1256 491 1330 540 καὶ
1356 488 1475 554 πρὸς
1502 485 1667 538 αὐτοὺς
1689 494 1714 533 b
1809 484 1814 490 ’

570 575 591 593 el

102 573 122 593 ‚l
287 576 296 590 ³
454 576 464 593 r
773 577 787 593 x
833 575 855 592 »t
1066 573 1075 588 r
1251 572 1270 588 ’t
1381 570 1397 586 Α
1470 570 1479 584 ’
1549 569 1568 584 ’²
1732 565 1837 603 Supra

37 589 60 628 5
79 597 262 640 ειρηκας
305 577 540 629 Ιουδαιους
567 598 637 626 οτι
665 583 692 605 “
713 599 788 626 και
821 583 954 626 αλλα
985 580 1207 640 προβατα
1242 595 1348 639 εχω,
1374 594 1404 620 α
1430 593 1512 620 ουκ
1539 591 1670 619 εστιν

1735 607 1830 638 x.1(›.

80 664 109 687 ‘⁶
134 659 184 707 ἐκ
219 660 303 721 τῆς
339 659 487 721 αὐλῆς
523 657 708 722 ταύτης,
745 656 932 708 κάκεῖνά
969 679 1026 721 με
1066 660 1137 707 δεῖ
1172 658 1382 721 ἀγαγεῖν,
1418 654 1493 703 καὶ
1531 650 1669 717 γενή-

82 746 304 790 “σονται
353 739 438 802 μία
489 740 685 803 ποίμνη,
741 739 804 793 εἷς
854 739 1076 802 ποιμήν.”
1144 739 1311 788 οὐκοῦν
1361 737 1435 787 ἐπὶ
1492 733 1674 786 πάντας

81 821 280 872 ε”σεσθαι
318 823 718 887 προσδοκωμένης
756 825 839 886 τῆς
879 822 954 872 διὰ
998 827 1090 872 σοῦ
1130 819 1334 888 χάριτος,
1374 820 1449 869 καὶ
1494 816 1676 868 πάντας

82 903 537 969 σαγηνευθήσεσθαι
569 903 688 970 πρὸς
715 905 1025 969 θεογνωσιάν,
1051 908 1144 953 σοῦ
1170 925 1219 953 τε
1246 902 1355 965 ἡμῖν
1380 902 1670 965 ἐπαγγειλα-

18 1009 66 1033 10
84 985 223 1049 με’νου
261 990 448 1055 σαφῶς,
481 987 557 1037 καὶ
596 989 679 1050 τῆς
717 991 811 1036 τῶν
850 986 998 1051 ἁγίων
1035 988 1297 1053 προφητῶν
1337 986 1677 1048 διαμαρτυρου-

84 1065 226 1132 με’νης
258 1071 432 1136 φωνῆς,
461 1070 505 1119 τί
539 1068 720 1134 γεγονες
764 1073 849 1119 ποῖ
876 1067 932 1131 δὴ
964 1067 1182 1131 μετέστη,
1210 1067 1347 1135 φησὶ,
1375 1067 1450 1115 καὶ
1477 1063 1672 1126 μετατέ-

87 1155 234 1202 θειται
259 1153 342 1214 τῆς
367 1151 653 1216 ἐπαγγελίας
681 1152 705 1201 ὁ
733 1148 916 1203 σκοπός
938 1172 950 1212 ;
994 1151 1043 1200 τί
1062 1148 1109 1200 δὲ
1137 1153 1218 1211 οὐχ
1244 1147 1397 1198 ἅπασι
1431 1151 1527 1199 τοῖς
1558 1144 1677 1196 κατὰ
1695 1166 1718 1193 e

87 1231 171 1283 τὸν
201 1234 377 1299 κόσμον
403 1234 659 1303 ἐμφανίζεις
691 1232 884 1294 σεαυτὶν,
911 1230 1043 1282 ἀλλά
1078 1229 1236 1295 μόνοις
1263 1233 1384 1296 ἡμῖν,
1426 1229 1560 1281 οὗτος
1593 1227 1678 1290 μὲν

91 1315 172 1365 οῦν
199 1317 274 1365 καὶ
308 1315 395 1382 οὐχ
431 1315 586 1381 ἕτερος
621 1313 748 1378 οἶμαι
782 1319 877 1365 τῶν
902 1320 985 1365 τοῦ
1011 1318 1225 1377 μαθητοῦ
1250 1311 1473 1379 ῥημάτων
1500 1313 1524 1361 ὁ
1552 1315 1675 1364 νοῦς·

24 1413 71 1451 15
91 1396 140 1447 τί
181 1395 229 1446 δὲ
270 1397 363 1462 ἄρα
404 1396 458 1448 τὸ
500 1398 804 1461 ἀποκομίσαν
845 1395 987 1447 αὐτὸν
1027 1399 1110 1460 τῆς
1155 1397 1363 1459 ἀληθοῦς
1408 1393 1681 1461 διαλήψεως

90 1478 374 1547 παραδεῖξαι
411 1478 574 1531 καλόν.

165 1560 229 1611 ‘O
270 1560 356 1623 μὲν
397 1561 490 1627 γὰρ
537 1561 712 1627 Κύριος
757 1561 889 1626 ἡμῶν
929 1563 1118 1625 Ἰησοῦς
1170 1562 1194 1611 ὁ
1240 1558 1457 1627 Χριστὸς
1500 1559 1684 1627 ε”φασκε

95 1649 123 1673 “
149 1641 338 1709 Μικρὸν
363 1646 437 1694 καὶ
471 1645 495 1694 ὁ
532 1642 711 1707 κόσμος
748 1667 806 1707 με
841 1642 989 1694 οὐκέτι
1024 1647 1201 1710 θεωρεῖ,
1232 1644 1357 1707 ὑμεῖς
1393 1641 1441 1693 δὲ
1477 1640 1695 1708 θεωρεῖτέ
1746 1634 1880 1716 {gfff}

96 1732 124 1754 “
149 1725 252 1788 με·”
312 1726 422 1775 ἀλλ’
466 1723 524 1789 ἧν
569 1725 720 1790 δήπου
773 1728 847 1777 καὶ
890 1725 1024 1789 μάλα
1069 1730 1257 1795 σαφῶς,
1299 1725 1369 1776 ὅτι
1413 1724 1597 1787 κόσμον
1639 1725 1687 1774 ἐν

28 1831 78 1856 20
96 1807 291 1869 τούτοις,
330 1807 433 1874 οὐχὶ
472 1806 662 1861 πάντως
700 1806 808 1861 τοὺς
850 1806 989 1861 ὄντας
1030 1808 1079 1858 ἐν
1117 1810 1235 1875 τῷδε
1275 1811 1342 1875 τῷ
1379 1808 1470 1876 βίῳ
1512 1808 1684 1873 φησὶν,

96 1888 200 1952 ἤτοι
240 1888 491 1954 διαζῶντας
526 1890 600 1939 ἐπὶ
635 1891 718 1952 τῆς
753 1891 857 1955 γῆς·
905 1887 1076 1942 πάντες
1111 1887 1205 1954 γάρ
1240 1892 1360 1939 εἰσιν
1392 1889 1441 1938 ἐν
1472 1889 1589 1957 τῷδε
1622 1888 1733 1956 τῷᾱ

99 1970 266 2038 κόσμῳ
302 1970 506 2035 πονηροί
533 1993 582 2021 τε
619 1972 695 2020 καὶ
730 1970 916 2035 ἀγαθοί·
959 1969 1142 2033 κόσμον
1169 1969 1218 2020 δὲ
1249 1970 1469 2033 ὠνόμασε
1499 1974 1690 2033 μᾶλλον

101 2049 211 2104 τοῦς
236 2050 296 2101 τὰ
322 2050 503 2116 ἐπίγεια
531 2056 722 2120 φρονεῖν
748 2051 1192 2115 ἀναπεπεισμένους,
1221 2056 1296 2102 καὶ
1327 2055 1386 2120 τῇ
1415 2051 1693 2116 ματαιότητι

101 2139 185 2183 τοῦ
222 2133 407 2196 κόσμου
440 2132 495 2184 τὸ
534 2137 702 2184 οἰκεῖον
735 2132 1080 2202 ὑποζεύξαντας
1116 2132 1356 2202 φρόνημα.
1411 2139 1550 2185 τοῦτο
1588 2157 1686 2184 τοι·

34 2231 82 2269 25
104 2219 280 2281 γαροῦν
315 2215 369 2265 οὐ
408 2215 604 2282 σφόδρα
642 2217 800 2268 συνεὶς
838 2217 863 2266 ὁ
902 2215 1130 2280 μαθητὴς,
1168 2215 1298 2285 ᾠήθη
1337 2216 1494 2282 λε’γειν
1527 2213 1690 2278 αὐτὸν,

104 2297 175 2348 ὅτι
215 2301 309 2348 τῶν
346 2297 432 2360 μὲν
470 2296 639 2348 ἄλλων
678 2297 902 2348 ἁπάντων
936 2298 1215 2364 ἀνθρώπων,
1248 2297 1291 2348 οἳ
1329 2300 1405 2349 καὶ
1442 2295 1574 2349 τόνδε
1613 2297 1696 2349 τὸν

103 2372 337 2444 περίγειον
364 2382 545 2429 οἰκοῦσι
580 2384 751 2446 χῶρον,
778 2379 861 2431 τὸν
888 2379 1144 2448 ὀφθαλμὸν
1170 2379 1462 2444 διαλήσεται,
1491 2383 1612 2448 φημὶ
1648 2380 1696 2430 δὲ

103 2460 186 2511 τὸν
229 2462 325 2510 ε”σω
371 2462 446 2510 καὶ
490 2462 820 2526 κεκρυμμένον,
866 2464 942 2512 καὶ
990 2461 1204 2515 ἄποπτος
1249 2461 1384 2513 ε”σται
1427 2466 1691 2524 παντελῶς,
1713 2480 1734 2507 θ

105 2542 254 2592 οὐδενὶ
299 2545 394 2591 τῶν
435 2541 584 2592 ὅντων
623 2541 975 2606 γινωσκόμενος
1016 2542 1147 2606 πλὴν
1188 2541 1348 2606 μόνοις
1394 2548 1491 2597 τοῖς
1531 2545 1696 2594 ἑαυτοῦ

37 2648 89 2684 30
107 2627 352 2688 μαθηταῖς·
393 2628 533 2674 τοῦτο
570 2626 653 2687 τῆς
693 2624 884 2690 ἀγνοίας
924 2625 1050 2694 αὐτῷ
1088 2623 1280 2690 γε’γονεν
1311 2625 1472 2676 α’ίτιον.
1527 2629 1565 2675 εἰ
1603 2624 1697 2692 γὰρ

162 2815 192 2838 1.
219 2804 334 2849 κυρίου
352 2814 416 2847 pro
434 2802 540 2846 ἐκείνῃ
560 2803 601 2836 Ε.
747 2813 779 2837 2.
806 2802 1016 2848 γεγενήμεθα
1034 2803 1076 2838 Ε.
1093 2803 1308 2848 γεγενημένοι
1326 2803 1392 2838 Ed.
1540 2818 1573 2848 4.
1599 2805 1699 2841 ἑλκύ-

113 2865 168 2884 σει
187 2850 229 2884 Ε.
360 2859 394 2895 5.
421 2847 554 2894 εἴρηκας
574 2849 614 2883 Ε.
633 2848 763 2893 ε’ίρηκεν
783 2849 849 2883 Ed.
984 2861 1037 2884 10.
1064 2850 1374 2895 διαμαρτυρομένης
1393 2851 1433 2885 Ε.
1561 2864 1613 2886 11.
1640 2854 1700 2887 ποῖ

114 2897 157 2931 Ε.
174 2898 219 2940 πῆ
237 2896 304 2930 Ed.
487 2907 540 2941 19.
568 2895 618 2930 ἰ’σ.
637 2896 750 2940 σαφὲς
769 2895 835 2930 Ed.
854 2909 926 2940 mg.
947 2898 1070 2940 σαφῶς
1087 2896 1193 2930 habet
1212 2897 1249 2932 F.
1426 2909 1481 2933 20.
1507 2900 1639 2935 πάντως
1656 2900 1699 2934 Ε.

114 2943 241 2978 πάντας
259 2943 326 2978 Ed.
471 2953 528 2986 24.
554 2942 801 2987 ὑποζεύξαντας
820 2943 862 2978 Ε.
880 2943 1125 2987 ὑποζεύξαντες
1143 2943 1209 2978 Ed.
