2037 3266
367 132 448 173 682
768 139 817 179 B.
853 139 1131 181 CYRILLI
1173 141 1553 182 ALEXANDR.
1734 139 1831 180 xvii.
1851 138 1946 178 6-8.

365 240 443 290 διὰ
475 242 560 305 μὲν
586 249 669 295 τοῦ
698 246 984 310 Ποιήσωμεν
1010 250 1090 299 καί
1121 250 1247 300 Καθ’
1277 250 1503 313 ὁμοίωσιν
1534 247 1759 314 ἡμετέραν
1785 249 1946 307 εἰπεῖν,

364 321 392 384 ἡ
429 324 541 388 ἁγία
572 326 719 392 Τριὰς
754 329 1049 392 σημαίνεται·
1102 331 1466 396 δεδημιούργηκε
1500 329 1595 397 γὰρ
1630 331 1706 380 καὶ
1740 327 1858 395 πρὸς
1896 327 1950 378 τὸ

365 402 479 455 εἶναι
519 406 578 457 τὰ
617 407 773 460 πάντα
812 411 1035 476 κέκληκεν
1074 412 1099 462 ὁ
1141 411 1311 478 Πατὴρ
1350 414 1404 463 δι’
1445 415 1563 463 Υὶοῦ
1603 413 1651 462 ἐν
1688 409 1946 473 Πνεύματι.

365 488 476 537 ἀλλ’
505 489 585 539 οὐκ
626 491 894 543 εὐσύνοπτά
930 516 1031 546 πως
1069 498 1165 547 τοῖς
1200 494 1518 564 ἀρχαιοτέροις
1551 492 1610 558 ἦν
1642 492 1700 544 τὰ
1737 497 1948 553 τοιαῦτα,

364 573 556 631 μᾶλλον
587 571 635 622 δὲ
671 573 958 642 ἀσυμφανὴς
993 576 1018 625 ὁ
1054 575 1215 640 λόγος’
1265 577 1318 627 οὐ
1356 575 1449 642 γὰρ
1487 579 1640 628 ὶδικῶς
1678 573 1992 637 ὠνόμασται5

367 650 550 718 Πατὴρ,
597 655 706 704 ἀλλ’
753 655 857 706 οὐδὲ
909 657 962 707 τὸ
1012 663 1095 708 τοῦ
1146 661 1264 708 Υἱοῦ
1312 658 1639 723 παρεκομίσθη
1687 654 1951 722 πρόσωπον

365 734 587 799 ἐναργῶς·
642 737 667 785 ὁ
695 735 743 787 δὲ
772 737 946 803 Κύριος
972 739 1104 802 ἡμῶν
1128 741 1315 804 Ἰησοῦς
1347 742 1371 790 ὁ
1398 739 1629 806 Χριστὸς,
1660 740 1950 805 περιστολῆς

363 837 487 868 τινος
522 816 631 884 δίχα
665 820 739 868 καὶ
774 821 822 869 ἐν
846 825 1011 887 πολλῇ
1045 822 1290 890 παρῥησίᾳ
1319 822 1511 889 Πατέρα
1541 821 1626 885 μὲν
1651 821 1768 871 ’ίδιον
1793 819 1949 870 ἐκάλει

318 896 446 947 brbv
480 898 616 960 Θεὸν,
653 900 817 951 ἑαυτὸν
855 901 1004 966 γεμὴν
1043 902 1284 970 ὀνομάζων
1315 903 1432 955 Υἱὸν
1471 906 1546 955 καὶ
1585 901 1766 970 καρπὸν
1805 901 1950 954 ὅντως

363 979 519 1043 ἀληθῆ
554 983 635 1044 τῆς
669 985 764 1032 τῶν
790 981 918 1034 ὅλων
944 984 1210 1049 κρατούσης
1245 986 1477 1054 ἐπιδείξας
1513 984 1717 1054 φύσεως,
1742 982 1947 1051 πεφανέ-
1974 1008 2023 1033 10

361 1084 482 1126 ρωκε
513 1061 559 1114 τό
595 1064 730 1129 ὄνομα,
765 1071 848 1115 τοῦ
882 1065 1086 1132 Πατρὸς,
1115 1070 1189 1118 καὶ
1229 1072 1292 1122 εἷς
1329 1068 1511 1118 τελείαν
1543 1068 1664 1131 ἡμᾶς
1703 1065 1952 1128 ἀνεκόμισε

362 1147 558 1208 γνῶσιν.
614 1146 927 1212 πληρεστάτη
954 1147 1048 1214 γὰρ
1076 1154 1255 1213 γνῶσις
1286 1151 1314 1214 ἡ
1340 1151 1445 1216 περὶ
1473 1153 1597 1200 Θεοῦ
1633 1150 1708 1199 καὶ
1742 1151 1823 1212 τῆς
1858 1151 1953 1198 τῶν

363 1225 490 1277 ὅλων
521 1228 683 1295 ἀρχῆς,
714 1229 796 1280 οὐκ
835 1231 883 1280 ἐν
911 1234 978 1299 τῷ
1016 1231 1182 1281 εἰδέναι
1220 1230 1365 1295 μόνον
1399 1231 1470 1283 ὅτι
1507 1230 1628 1285 Θεός
1667 1232 1811 1291 ἐστιν,
1837 1229 1948 1280 ἀλλ’

363 1307 434 1358 ὅτι
485 1311 560 1359 καὶ
614 1309 783 1376 Πατὴρ
836 1314 911 1362 καὶ
961 1313 1085 1366 τίνος
1142 1314 1246 1365 ἐστὶ
1299 1313 1483 1380 Πατὴρ,
1535 1313 1952 1373 συνεισβαίνοντος

362 1389 580 1454 δηλονότι
624 1392 699 1442 καὶ
744 1398 827 1443 τοῦ
865 1394 1033 1459 Ἀγίου
1074 1396 1362 1458 Πνεύματος.
1430 1395 1485 1447 τὸ
1529 1395 1613 1459 μὲν
1653 1393 1745 1461 γὰρ
1786 1392 2019 1457 εἰδέναιι5

361 1472 504 1535 μόνον
535 1473 659 1523 Θεὸν
691 1473 804 1525 ὅντα
843 1474 925 1526 τὸν
953 1475 1093 1539 Θεὸν,
1129 1478 1216 1545 οὐχ
1253 1478 1364 1541 ἡμῖν
1396 1477 1453 1528 ἂν
1489 1479 1660 1544 πρέποι
1697 1481 1887 1540 μᾶλλον
1922 1473 1950 1538 ὴ

361 1558 457 1607 τοῖς
484 1553 574 1605 ὑπὸ
602 1555 762 1618 νόμον·
806 1557 1086 1624 φρονήσεως
1112 1558 1205 1625 γὰρ
1231 1560 1487 1623 Ἰουδαϊκῆς
1513 1560 1601 1627 οὐχ
1627 1559 1870 1625 ὑπερίσχει
1895 1555 1950 1608 τὸ

323 1656 345 1682 c
361 1636 544 1702 μέτρον.
596 1640 671 1687 καὶ
698 1636 863 1705 ὥσπερ
891 1639 1024 1690 οὐδὲν
1051 1642 1345 1692 τετελείωκεν
1371 1643 1395 1692 ὁ
1424 1642 1564 1705 νόμος
1595 1640 1950 1705 παιδαγωγικὸν

363 1718 600 1786 εἰσφέρων
639 1718 693 1769 τὸ
733 1721 930 1785 μάθημα
976 1725 1050 1773 καὶ
1094 1724 1176 1773 οὐκ
1218 1724 1391 1789 ἀρκοῦν
1430 1727 1492 1777 εἰς
1532 1723 1829 1788 κατόρθωσιν
1866 1725 1949 1784 τῆς

361 1801 459 1850 κατ’
507 1801 750 1862 εὐσεβειαν
796 1805 974 1869 ἀρετῆς,
1021 1806 1167 1858 οὕτως
1217 1806 1361 1868 ἀτελῆ
1414 1808 1489 1856 καὶ
1537 1805 1621 1868 τὴν
1668 1806 1772 1870 περὶ
1824 1808 1949 1856 Θεοῦ
1969 1828 2020 1853 20

364 1887 545 1948 γνῶσιν
571 1884 776 1947 ἐνετίθει,
807 1885 952 1949 μόνης
987 1886 1197 1954 ἀφιστὰς
1233 1890 1316 1950 τῆς
1352 1892 1412 1941 εἷς
1448 1887 1580 1941 θεοὺς
1614 1886 1720 1940 τοὺς
1754 1889 1943 1955 ψευδω-

363 1964 534 2028 νύμους
572 1964 772 2030 ἀγάπης,
807 1969 881 2017 καὶ
920 1967 1002 2018 τὸν
1033 1968 1113 2018 ἕνα
1151 1970 1226 2019 καὶ
1262 1969 1488 2032 ἀληθινὸν
1519 1973 1801 2036 προσκυνεῖν
1833 1970 1946 2018 ἀνα-

139 2037 244 2119 {32⁴³}
363 2048 537 2098 πείθων
564 2055 590 2077 “
612 2049 718 2098 Οὐκ
745 2048 935 2099 ε”σονται
963 2049 1056 2115 γάρ
1083 2073 1175 2113 σοι,
1205 2052 1342 2119 φησι,
1370 2053 1464 2102 θεοὶ
1489 2051 1636 2118 ἕτεροι
1660 2051 1790 2114 πλὴν
1816 2052 1945 2114 ἐμοῦ·

138 2135 302 2209 ᾗῦἷῑὲῖῖέ·
364 2134 391 2156 “
421 2128 596 2194 Κύριον
630 2128 712 2180 τὸν
741 2130 866 2181 Θεόν
897 2154 989 2182 σου
1027 2131 1390 2198 προσκυνήσεις,
1418 2135 1493 2184 καὶ
1531 2134 1656 2202 αὐτῷ
1694 2132 1822 2202 μόνῳ
1860 2140 1948 2183 λα-

139 2204 240 2253 Dssmt-
254 2222 296 2253 vi.
364 2217 390 2238 “
418 2211 671 2276 τρεύσεις.”
715 2213 740 2261 ὁ
777 2210 824 2263 δὲ
856 2212 1028 2278 Κύριος
1064 2214 1196 2277 ἡμῶν
1220 2213 1409 2277 Ἰησοῦς
1443 2216 1467 2264 ὁ
1495 2214 1707 2281 Χριστὸς
1739 2221 1834 2269 τοῖς
1871 2215 1946 2266 διὰ
1969 2240 2018 2277 25

146 2273 193 2303 ἰδ’
366 2293 613 2346 Μωυσέως
647 2294 1077 2358 προστεταγμένοις
1112 2294 1170 2344 τὰ
1205 2296 1375 2357 ἀμείνω
1408 2299 1691 2362 προστιθεὶς,
1717 2300 1792 2348 καὶ
1817 2304 1942 2361 λαμ-

362 2373 594 2439 προτέραν
619 2377 701 2437 τῆς
728 2377 920 2437 νομικῆς
947 2376 1140 2439 ἐντολῆς
1166 2380 1435 2442 παρατιθεὶς
1462 2377 1548 2439 τὴν
1573 2379 1833 2438 παίδευσιν,
1862 2382 1945 2444 τῆς

318 2465 345 2505 (1
363 2456 560 2522 ἀρχαίας
586 2456 756 2519 ἐκείνης
781 2456 1003 2521 γνώσεως
1029 2457 1113 2521 τὴν
1137 2460 1308 2522 ἀμείνω
1335 2462 1410 2510 καὶ
1436 2461 1769 2527 λαμπροτέραν
1791 2485 1946 2528 προσ-

362 2537 609 2604 εχαρίζετο.
683 2536 889 2605 φανερὸν
927 2537 1021 2604 γὰρ
1070 2540 1177 2603 ἡμῖν
1215 2540 1521 2605 κατέστησεν,
1561 2543 1648 2610 οὐχ
1692 2542 1762 2594 ὅτι
1801 2542 1947 2606 μόνον

361 2618 461 2668 ε’στὶ
490 2618 611 2672 Θεὸς
639 2620 663 2670 ὁ
693 2623 788 2670 τῶν
813 2619 940 2670 ὅλων
966 2621 1294 2688 γενεσιουργὸς
1329 2625 1404 2673 καὶ
1440 2624 1608 2690 κύριος,
1635 2625 1746 2675 ἀλλ’
1775 2624 1845 2676 ὅτι
1872 2627 1946 2676 καὶ
1969 2651 2018 2686 30

364 2700 548 2766 Πατήρ·
597 2703 672 2751 καὶ
710 2702 736 2764 ἡ
770 2701 910 2769 δεῖξις
946 2704 993 2752 ἐν
1024 2702 1319 2769 πράγμασιν·
1367 2705 1531 2755 ἑαυτὸν
1563 2705 1655 2772 γὰρ
1694 2711 1756 2761 εἷς
1794 2707 1946 2758 εἰκόνα

414 2900 465 2922 10.
492 2890 597 2935 ὅλων]
618 2891 722 2925 ὄντων
741 2892 781 2925 Ε.
931 2894 982 2928 16.
1010 2894 1096 2929 Θεὸν
1115 2897 1209 2940 prius
1228 2903 1450 2941 assumptum
1469 2909 1509 2930 ex
1531 2898 1571 2932 E.
1716 2909 1843 2942 31—p.
1864 2898 1942 2944 683,

367 2947 394 2968 Ι.
424 2936 474 2969 καὶ
494 2935 698 2981 ἡ-Πατέρα
716 2950 785 2973 om.
806 2938 846 2973 E.
