1971 3272
117 142 291 195 viii.44.
499 145 570 184 IN
613 145 655 184 S.
691 145 1027 186 JOANNEM.
1091 146 1212 186 LIB.
1244 147 1315 186 VI.
1649 152 1704 188 95)

117 256 279 301 καλῶν
316 255 641 319 θηριοπρεπῶς
686 256 985 321 διεχρήσατο,
1025 257 1100 305 καὶ
1142 259 1331 320 πρῶτον
1372 254 1458 318 μὲν
1498 258 1569 305 ἐπὶ
1617 259 1703 320 γῆς

115 332 330 383 ἀπετέλει
371 334 544 400 νεκρὸν,
579 338 760 400 οἰηθεὶς,
795 336 916 387 κατά
953 359 1007 401 γε
1047 335 1129 386 τὸν
1164 337 1212 386 ἐν
1247 340 1314 406 τῷ
1352 337 1490 387 εἰκότι
1530 337 1698 402 λόγον,

114 413 186 465 ὅτι
229 413 418 469 πάντως
469 417 582 467 εἵσω
634 417 885 483 γενήσεται
938 417 1190 481 θαύματος,
1229 419 1311 468 οὐκ
1354 419 1474 485 ε”χων
1513 419 1576 468 ἔτι
1621 419 1703 469 τὸν

113 495 267 546 εἰδότα
293 502 438 548 νικᾶν.
494 498 625 549 ἀλλὰ
662 502 736 550 καὶ
773 500 1012 568 φονεύσας
1048 501 1287 569 ἐψεύδετο.
1345 501 1572 564 λέγοντος
1609 499 1742 566 γὰρο

72 583 196 628 57·οῦ
243 582 367 629 Θεοῦ
413 588 440 609 “
468 585 572 631 Ποῦ
609 579 772 640 ’Ἅβελ
817 582 842 631 ὁ
886 581 1095 649 ἀδελφός
1141 605 1232 632 σου
1252 582 1291 642 ;”
1347 581 1401 632 τό
1450 584 1554 632 Οὐκ
1599 582 1702 633 οἶδά
1765 585 1908 667 δ”Ἢ-ῑγ·

113 663 279 725 φησιν,
306 662 356 711 ἐκ
389 665 578 726 πολλῆς
615 663 662 713 δὲ
698 665 808 714 λίαν
844 667 927 727 τῆς
962 664 1183 717 ἀπονοίας
1217 666 1485 730 προσετίθει
1522 670 1702 730 θερμῶς

113 747 141 769 “
170 740 256 806 Μὴ
293 743 464 812 φύλαξ
494 751 577 795 τοῦ
614 747 826 813 ἀδελφοῦ
860 768 951 809 μου
987 745 1079 811 ἐγώ
1115 747 1262 809 εἷμι;”
1303 746 1449 809 μόνον
1475 746 1567 812 γὰρ
1601 749 1704 814 οὐχὶ

113 824 188 874 καὶ
214 824 353 876 τοῦτό
380 831 533 894 φησιν
560 831 703 878 εἰπεῖν
729 828 791 877 ‘O
819 827 1142 894 στεφανώσας
1169 829 1338 881 ἀδίκως
1364 829 1412 879 τί
1440 827 1704 895 ὠφέλησας

113 904 256 956 αὐτὸν
283 908 307 957 ὁ
343 906 601 975 φυλάττων
629 907 803 969 αὐτόν;
852 910 965 978 ὁρᾷς
1002 910 1083 959 οὖν
1116 911 1191 959 καὶ
1230 910 1363 972 μάλα
1403 916 1575 978 σαφῶς
1614 912 1703 975 ἤδη

47 988 161 1038 ῐοέν
192 989 317 1058 αὐτῷ
355 992 438 1054 τῆς
476 996 558 1041 τοῦ
599 991 829 1051 διαβόλου
868 992 1031 1044 κακίας
1071 990 1187 1042 ὅλον
1222 990 1386 1056 ὥσπερ
1423 995 1696 1058 ἀπηκριβω-

111 1069 251 1133 μένον
289 1069 343 1122 τὸ
384 1069 515 1134 εἶδος,
556 1075 630 1123 καὶ
670 1071 757 1136 τὴν
797 1074 1110 1142 συμμορφίαν
1149 1079 1232 1124 τοῦ
1272 1075 1449 1139 τρόπου
1492 1074 1610 1124 κατὰ
1649 1075 1703 1125 τὸ

111 1150 219 1202 ἴσον
244 1175 295 1202 τε
321 1155 396 1204 καὶ
425 1153 587 1218 ὅμοιον
613 1157 783 1222 σχῆμα
809 1155 1233 1219 διαπεπλασμένην
1257 1177 1268 1217 3

184 1234 370 1286 Ἠκέτω
421 1237 577 1287 τοίνυν
627 1238 652 1287 ὁ
705 1237 851 1303 λόγος
902 1240 977 1288 καὶ
1028 1238 1126 1287 κατ’
1174 1236 1283 1288 εὐθὺ
1334 1240 1416 1300 τῆς
1466 1238 1704 1288 Ἰουδαίων

111 1315 432 1381 ἀνοσιότητος,
479 1322 553 1369 καὶ
605 1321 689 1383 τῆς
738 1325 821 1369 τοῦ
870 1318 993 1370 Κάϊν
1042 1317 1344 1388 φαυλότητος
1393 1320 1703 1384 περιτιθέντες
1723 1331 1749 1372 (1

47 1412 92 1450 15
112 1398 268 1453 αὐτοῖς
306 1399 391 1463 τὴν
425 1402 666 1464 ὁμοίωσιν,
697 1407 845 1452 ταῦτα
884 1400 1162 1465 δεικνύωμεν
1197 1402 1545 1468 ἐπιχειροῦντας
1584 1401 1703 1452 κατὰ

112 1483 342 1546 Χριστοῦ,
378 1481 474 1533 ὅσα
512 1482 632 1534 κατὰ
669 1488 752 1534 τοῦ
790 1480 952 1543 ”Αβελ
991 1485 1173 1545 ἐκεῖνος,
1207 1483 1283 1533 ἵνα
1323 1485 1508 1537 δικαίως
1548 1484 1702 1537 αὐτοῖς

112 1565 187 1612 καὶ
243 1562 520 1628 πρεπόντως
578 1565 667 1629 ἤδη
724 1563 895 1616 λοιπὸν
953 1564 1226 1631 ὀνομάζοιτο
1283 1565 1456 1631 πατήρ.
1536 1566 1702 1616 οὐκοῦν

111 1644 410 1710 πρωτότοκος
454 1646 539 1708 μὲν
584 1647 609 1696 ὁ
657 1645 794 1709 Keil»,
840 1646 1052 1713 καθάπερ
1096 1645 1357 1713 εἰρήκαμεν,
1403 1646 1703 1713 πρωτότοκος

112 1725 161 1776 δὲ
223 1726 371 1778 πάλιν
429 1730 491 1781 ὡς
549 1729 598 1779 ἐν
653 1732 778 1779 Θεοῦ
837 1729 1014 1782 τέκνοις
1072 1730 1234 1779 τοῖσδε
1296 1728 1416 1779 κατὰ
1480 1730 1614 1779 θέσιν
1678 1730 1702 1778 ὁ

59 1807 329 1874 ιοἸσραὴλ,
364 1809 483 1860 κατὰ
521 1809 576 1862 τὸ
614 1810 856 1876 εἰρημένον
894 1809 1013 1877 πρὸς
1056 1814 1277 1874 Μωυσῆν
1311 1818 1335 1839 “
1358 1809 1471 1864 Υἱὸς
1508 1812 1698 1876 πρωτό-
1766 1814 1889 1888 {xixa

113 1895 141 1918 “
166 1889 302 1944 τοκός
339 1914 431 1955 μου
461 1892 712 1957 Ἰσραήλ.”
765 1890 1139 1959 προσκεκόμικεν
1178 1894 1346 1946 ἐκεῖνος
1384 1892 1443 1943 τὰ
1482 1892 1576 1943 ἀπὸ
1615 1896 1702 1958 γῆς

1765 1970 1848 2001 Gen.
1866 1970 1910 2002 iv.

112 1974 173 2024 εἶς
199 1973 371 2023 θυσίαν
395 1977 462 2042 τῷ
488 1977 610 2041 Θεῷ,
635 1972 747 2023 ἀλλ’
775 1980 801 2003 “
823 1975 876 2024 οὐ
901 1974 1149 2041 προσέσχε
1175 1979 1276 2028 ταῖς
1304 1976 1490 2029 θυσίαις
1518 1975 1698 2035 αὐτοῦ,”
1766 2022 1796 2053 5-

112 2051 234 2103 καθὰ
260 2052 539 2120 γέγραπται·
579 2055 877 2121 γεωδεστέρα
905 2055 959 2105 δέ
978 2079 1079 2109 πως
1114 2056 1217 2106 ἐστὶ
1255 2057 1330 2106 καὶ
1365 2062 1448 2107 τοῦ
1490 2055 1698 2122 Ισραὴλ,
1721 2079 1742 2105 e

113 2133 232 2185 κατὰ
269 2134 323 2186 τὸ
362 2136 617 2202 εἰρημένον,
655 2137 682 2200 ἡ
722 2142 804 2187 τοῦ
845 2137 990 2200 νόμου
1028 2138 1236 2203 λατρεία,
1275 2137 1350 2188 διὰ
1388 2136 1589 2205 μόσχων
1628 2139 1703 2187 καὶ

45 2230 93 2268 25
112 2215 369 2282 προβάτων
400 2241 477 2268 και
513 2223 708 2284 καρπῶν
740 2223 835 2269 τῶν
861 2219 955 2270 ἀπὸ
990 2221 1073 2282 τῆς
1108 2222 1212 2284 γῆς·
1256 2220 1369 2270 αλλ’
1399 2219 1502 2270 ουδὲ
1540 2241 1699 2285 προσ-

113 2297 295 2379 δεχεται
333 2299 509 2363 ταύτην
541 2301 566 2350 ὁ
600 2299 737 2354 Θεός·
783 2308 809 2330 “
826 2298 932 2351 Ινα
969 2301 1019 2351 τί
1052 2323 1132 2363 μοι
1168 2323 1277 2367 γαρ,
1305 2303 1472 2369 φησιν,
1502 2302 1703 2362 λίβανον
1765 2302 1860 2376 {¹²²
1874 2313 1916 2333 ‘'¹-

129 2380 215 2429 (ἐκ
243 2379 383 2440 Σαβὰ
410 2380 574 2447 φερετε
601 2384 677 2432 καὶ
711 2381 1011 2444 κιννάμωμον
1037 2383 1088 2432 ἐκ
1117 2384 1204 2447 γῆς
1237 2381 1535 2448 μακρόθεν·”
1491 2423 1503 2444 ,
1572 2382 1703 2432 αλλὰ

114 2482 189 2511 και
216 2460 292 2511 διὰ
318 2463 509 2529 φωνῆς
517 2461 710 2513 Ησαίου
736 2462 991 2560 διαρῥηδην
1017 2464 1203 2531 ἀναβοᾷ
1229 2472 1256 2494 “
1276 2465 1362 2517 Τίς
1388 2487 1481 2530 γαρ
1508 2463 1700 2530 ἐζήτησε
1765 2478 1821 2508 Es.
1835 2477 1855 2509 i
1875 2485 1923 2507 12-

130 2547 316 2593 6ταῦτα
352 2544 402 2593 ἐκ
438 2547 533 2594 τῶν
565 2548 734 2610 χειρῶν
766 2545 926 2607 ὑμῶν·
916 2586 927 2605 ,
999 2542 1096 2595 εἶτα
1131 2567 1250 2606 μετα
1284 2544 1366 2595 τὸν
1396 2544 1518 2595 Καὶν
1544 2546 1698 2610 εἰσερ-

46 2639 96 2676 30
113 2646 246 2692 χεται
273 2624 462 2675 θύσων
462 2622 661 2684 Ἀβελ
642 2648 667 2675 ο
694 2625 868 2678 δίκαιος
895 2624 989 2676 ἀπὸ
1015 2630 1110 2676 τῶν
1137 2625 1409 2691 προβάτων.
1465 2626 1582 2690 μετὰ
1609 2625 1701 2692 γὰρ

166 2773 196 2796 1.
221 2763 333 2795 καλῶν
350 2768 573 2806 assumptum
593 2774 633 2796 ex
654 2762 695 2795 B.
861 2775 894 2808 3.
921 2763 976 2797 ἐπὶ
995 2763 1036 2797 Β.
1057 2763 1174 2797 Holst.
1193 2763 1391 2798 emendavit
1408 2770 1448 2798 ut
1465 2764 1609 2798 adnotat
1626 2766 1701 2810 ipse

116 2807 211 2842 Aub.
307 2808 341 2841 8.
366 2808 468 2841 ἀδίκω
490 2808 530 2842 Β.
550 2808 749 2842 emendavit
769 2808 832 2842 Ht.
935 2819 986 2854 15.
1012 2810 1094 2843 κατὰ
1115 2810 1156 2843 Β.
1175 2810 1229 2844 ἐπι
1252 2810 1314 2845 Ht.
1333 2810 1399 2844 Ed.
1508 2811 1561 2846 16.
1588 2812 1702 2847 αὐτοῖς

116 2867 170 2887 και
186 2855 383 2910 πρεπόντως
401 2853 467 2888 hoc
485 2854 608 2888 Ordine
627 2854 669 2888 Β.
689 2869 742 2888 και
758 2856 956 2898 πρεπόντως
971 2855 1085 2890 αὐτοῖς
1105 2856 1168 2890 Ht.
1189 2856 1258 2890 Ed.
1383 2868 1440 2892 20.
1466 2857 1640 2902 εἶρημένον
1658 2859 1701 2892 Β.

116 2899 349 2945 γεγραμμένον
369 2900 431 2934 Ht.
452 2900 517 2934 Ed.
640 2900 695 2934 26.
721 2900 880 2946 λίβανον]
905 2906 941 2942 -Ι-
962 2916 1019 2945 μοι
1039 2902 1081 2936 Β.
1203 2911 1258 2947 27.
1286 2904 1406 2943 σαββὰ
1426 2903 1467 2938 Β.
1488 2905 1584 2949 (106.
1604 2906 1699 2948 228.)

118 2947 325 2991 κιννάμωμον
345 2946 385 2981 Β.
405 2947 539 2991 (Alex.)
558 2947 748 2992 κινάμωμον
767 2947 833 2982 Ed.
855 2948 903 2991 (V
906 2947 969 2991 at.)

875 3013 946 3042 ΟΖ
