2001 3261
65 471 172 511 Supra

64 515 119 545 vii.
142 520 191 554 27.

6 1040 9 1042 '
66 1036 173 1077 Supra

64 1080 119 1110 vii.
142 1089 190 1120 25,

289 117 371 156 184
680 118 729 158 B.
764 118 1039 160 CYRILLI
1081 120 1465 161 ALEXANDR.
1730 119 1783 160 ix.
1805 129 1871 171 27.

286 227 362 276 καὶ
389 227 642 292 ὁμολογεῖν
667 229 727 281 ὡς
757 228 1023 289 βούλεσθαι
1050 229 1125 280 διὰ
1149 229 1419 291 βασκανίαν
1444 233 1518 281 καὶ
1544 229 1741 300 φθόνον.
1801 230 1872 281 ὅτι

287 305 335 357 δὲ
383 308 555 372 ἀληθὲς
607 332 681 360 και
736 309 874 361 τοῦτό
924 313 1073 373 ἐστιν,
1128 312 1185 380 ἐξ
1232 313 1386 363 αὐτῶν
1437 312 1727 381 ἐπιδείξομεν
1777 317 1872 363 τῶν

286 390 606 455 εὐαγγελικῶν
632 393 941 458 γραμμάτων.
997 393 1137 447 αὐτος
1162 393 1255 459 γάρ
1288 417 1381 446 που
1417 396 1614 461 φησιν
1596 418 1620 445 ο
1645 392 1872 460 μακάριος

285 470 518 536 Ἰωάννης,
556 476 618 527 ὡς
657 474 861 538 εἱστήκει
895 473 978 537 μὲν
1009 476 1300 526 διδάσκων
1281 500 1306 527 ο
1341 478 1530 541 Ἰησοῦς
1564 478 1613 527 ἐν
1643 477 1769 526 αὑτῶ
1806 479 1873 545 τῷ

287 556 397 623 ναῷ,
436 556 513 605 καὶ
560 555 655 606 όσα
699 580 783 607 τον
823 555 967 620 νόμον
1006 556 1152 608 ἐδόκει
1194 563 1360 609 λυπεῖν
1399 559 1519 609 κατά
1559 582 1613 625 γε
1655 558 1741 623 τὴν
1777 563 1913 614 τῶν5

286 637 596 702 ἀκροωμένων
624 638 844 689 ὑπόνοιαν
871 639 1195 707 ἐξηγούμενος.
1249 640 1381 691 οὐδὲν
1408 641 1455 692 δὲ
1489 640 1544 691 τὸ
1578 639 1804 706 παράπαν
1829 644 1872 692 οἱ

286 722 381 769 τῶν
407 719 649 770 Ἰουδαίων
683 721 933 786 ἡγούμενοι
972 721 1261 786 κινήσαντες,
1294 725 1403 774 ἀλλ’
1433 723 1536 774 οὐδὲ
1576 723 1693 774 ὅσον
1731 727 1872 774 εἰπεῖν

286 800 711 866 ἀποτολμήσαντες
751 805 906 870 φῆσαι
946 803 1095 870 λόγον
1114 803 1182 856 ςΩ
1209 807 1386 867 οὑτοσὶ,
1419 811 1600 857 παῦσαι
1633 805 1872 856 διδάσκων

249 903 270 929 e
287 882 346 934 τὰ
372 888 468 937 τοῖς
494 884 645 935 πάλαι
674 884 832 948 νόμοις
857 885 1116 955 ἀπᾴδοντα,
1137 889 1185 938 ἐν
1212 890 1406 957 ὑπονοίᾳ
1429 887 1560 954 παρὰ
1585 893 1681 942 τοῖς
1707 887 1871 956 ὄχλοις

288 966 498 1030 ἐγίνοντο
536 971 594 1034 τῇ
634 969 709 1018 καὶ
749 969 919 1034 ἀρτίως
953 969 1063 1032 ἡμῖν
1093 971 1324 1039 εἰρημένῃ.
1376 973 1451 1021 καὶ
1485 976 1600 1036 γοῦν
1628 970 1750 1021 καθὰ
1786 969 1866 1035 γε’-

287 1069 497 1113 γραπται
543 1047 801 1115 “’Έλεγόν
839 1074 958 1104 τινες
1008 1057 1102 1103 τῶν
1141 1054 1536 1118 Ἱεροσολυμιτῶν
1578 1054 1686 1120 Οὐχ
1738 1052 1871 1106 οὗτός

288 1136 315 1158 “
341 1131 472 1180 ἐστιν
513 1129 565 1181 ’ὸν
605 1131 826 1197 ζητοῦσιν
865 1135 1163 1197 ἀποκτεῖναι,
1219 1136 1284 1187 ’ίδε
1322 1137 1566 1205 παρῥησίᾳ
1605 1141 1757 1199 λαλεῖ,
1796 1138 1871 1186 καὶ

288 1217 316 1240 “
343 1212 475 1263 οὐδὲν
516 1214 642 1283 αὐτῷ
692 1214 908 1280 λέγουσι·
968 1216 1150 1280 μήποτε
1195 1217 1414 1283 ε”γνωσαν
1452 1221 1494 1268 οἱ
1535 1217 1759 1284 ἄρχοντες
1801 1217 1872 1268 ὅτι

287 1301 314 1323 “
343 1295 478 1349 οὗτός
523 1297 655 1347 ἐστιν
700 1298 724 1347 ὁ
770 1298 983 1363 Χριστός
1006 1298 1049 1361 ;”
1095 1303 1346 1367 μονονουχὶ
1390 1299 1483 1366 γάρ
1528 1305 1681 1368 φησιν
1725 1301 1872 1353 οὕτως

278 1375 478 1427 Ἴσασιν
517 1381 560 1429 οἱ
599 1379 970 1444 καθηγήσασθαι
1010 1381 1237 1449 λαχόντες
1276 1385 1339 1436 ὡς
1377 1381 1515 1436 αὐτὸς
1556 1382 1702 1436 ὅντως
1742 1384 1872 1433 ἐστὶν

289 1459 314 1508 ὁ
366 1459 598 1526 Χριστός·
672 1462 771 1512 ἰδοὺ
819 1463 965 1513 καίτοι
1020 1468 1173 1531 φονᾶν
1223 1463 1509 1531 νομιζόμενοι
1560 1466 1658 1515 κατ’
1706 1466 1867 1527 αὑτοῦ,

289 1548 519 1593 λαλοῦντι
562 1543 680 1608 μετὰ
724 1548 912 1608 πολλῆς
957 1546 1080 1611 ἄγαν
1118 1550 1201 1610 τῆς
1237 1548 1521 1614 παῤῥησιάς,
1564 1546 1668 1597 οὐδὲ
1708 1551 1872 1615 ψιλοῖς

290 1623 639 1689 ἐπισκήπτουσι
666 1624 842 1691 λόγοις.
888 1627 1103 1692 τοιαύτης
1129 1636 1378 1695 τοιγαροῦν
1406 1629 1623 1682 ὑπονοίας
1649 1633 1873 1695 διεσπαρ-

68 1720 211 1754 621Α.
250 1706 430 1770 ειμένης
469 1707 558 1758 ἀνὰ
596 1713 763 1759 πᾶσαν
800 1709 885 1773 τὴν
916 1710 1247 1775 Ἰερουσαλὴμ,
1287 1711 1535 1780 ἐξεπύθετό
1575 1734 1687 1762 ποτε
1728 1713 1804 1762 καὶ
1847 1712 1872 1761 ὁ

288 1787 486 1856 τυφλὸς,
515 1792 589 1840 καὶ
624 1788 744 1857 εἶχεν
770 1792 818 1841 ἐν
845 1794 935 1842 ὠσὶ
975 1791 1057 1843 τὸν
1081 1795 1154 1844 ἐπὶ
1189 1793 1370 1846 τούτοις
1406 1792 1567 1859 λόγον.
1622 1794 1873 1860 χαριέντως

288 1871 371 1921 οὖν
403 1870 495 1937 ἄρα
529 1871 705 1937 τρόπον
736 1872 840 1923 τινὰ
879 1874 1137 1942 διελέγχων
1164 1876 1314 1943 φησίν
1332 1873 1462 1940 ςΑρά
1497 1899 1554 1937 με
1587 1875 1741 1939 μάτην
1765 1873 1873 1928 τοὺς

288 1952 454 2007 αὐτοὺς
481 1954 883 2019 ἀναμηρύσασθαι
909 1957 1095 2022 λόγους,
1117 1959 1190 2008 καὶ
1217 1959 1433 2021 ἀνυμνεῖν
1456 1956 1510 2008 τὸ
1537 1962 1694 2021 θαῦμα
1719 1979 1873 2024 προσ-

287 2034 496 2100 τάττετε,
540 2035 567 2101 ἢ
611 2036 806 2106 σφόδρα
851 2044 1089 2090 ποιεῖσθαι
1133 2038 1219 2103 τὴν
1263 2039 1370 2089 καθ’
1410 2039 1581 2103 ἡδονὴν
1624 2039 1870 2108 ἐξήγησιν,

287 2119 521 2185 διψῶντες
559 2118 644 2182 μὲν
683 2119 773 2184 ἤδη
817 2119 904 2184 τὴν
943 2123 1017 2172 ὑπ’
1058 2123 1184 2190 αὐτῷ
1223 2122 1493 2185 μαθητείαν,
1533 2122 1780 2186 ἀλλήλους
1824 2121 1872 2172 δὲ

286 2200 735 2263 ἐπιδυσωπούμενοι,
787 2204 861 2252 καὶ
922 2202 1186 2270 ἀχάριστον
1242 2208 1560 2269 προτιμῶντες
1617 2203 1730 2254 αἱδὼ
1791 2206 1873 2267 τῆς

288 2282 434 2334 οὕτως
472 2282 771 2350 ἀξιαγάστου
809 2284 1065 2349 γνώσεως;

339 2443 368 2466 1.
396 2432 439 2468 ὡς
464 2433 599 2468 restitui
625 2446 665 2467 ex
694 2434 736 2468 B.
757 2433 876 2470 Holst.
927 2436 1057 2470 Deesse
1083 2435 1257 2470 videtur'
1246 2450 1352 2470 εοικεν
1374 2437 1428 2470 vel
1454 2437 1551 2472 εἰκὸς.
1588 2438 1627 2471 οὐ
1648 2438 1757 2480 Aub.,
1777 2451 1812 2473 se
1838 2440 1873 2473 in

287 2478 491 2534 apographo
509 2491 574 2514 suo
591 2481 616 2514 ὠ
634 2481 690 2523 leg
677 2493 747 2514 wele
766 2481 950 2516 adnotans.
995 2483 1119 2516 Statim
1137 2483 1329 2524 βούλεσθαι
1347 2484 1475 2517 retinui
1493 2497 1533 2518 ex
1553 2485 1795 2519 emendatione
1810 2486 1873 2520 Ht.

285 2524 463 2569 βούλησθε
484 2526 525 2560 Β.
668 2508 701 2561 8
728 2528 847 2562 οὑτοσὶ
865 2529 968 2562 edidi.
987 2529 1085 2564 οὗτος
1102 2529 1120 2573 ἢ
1141 2530 1207 2563 Ed.
1357 2541 1408 2573 14.
1436 2545 1541 2567 ουτως
1559 2531 1722 2565 emendat
1742 2533 1820 2577 He)
1825 2544 1872 2567 se.

285 2572 385 2607 οὗτος
404 2572 446 2606 Β.
466 2572 532 2607 Ed.
667 2584 720 2618 17.
747 2576 908 2610 λαλουντι
929 2576 970 2611 Β.
989 2578 1175 2612 λαλοῦντες
1195 2576 1258 2610 Ht.
1278 2576 1344 2611 Ed.
1479 2589 1533 2623 23.
1559 2579 1713 2613 ποιεῖσθε
1733 2580 1873 2625 conjicit

711 2620 733 2645 θ,

291 2652 419 2697 Heyse.
485 2653 544 2698 τὴν
562 2653 652 2699 καθ’]
672 2631 732 2699 5⁷3⁹
751 2654 792 2688 B.

1893 993 1941 1018 10

1894 1403 1940 1439 15

1893 1814 1942 1839 20
