1971 3272
133 139 360 194 xi.33‚34.
410 140 478 180 IN
511 139 552 180 S.
577 139 747 180 JOAN.
811 138 1047 179 LIB.V11.
1111 139 1499 179 i·‘RAGMEN‘rA.
1637 137 1720 176 279

132 246 280 312 στέρα
327 247 375 299 δὲ
428 249 550 299 οὖσα
600 249 676 299 καὶ
727 246 1024 313 συνετωτέρα
1073 249 1156 310 τῆς
1202 245 1423 312 Μάρθας,
1469 246 1550 295 οὐκ
1596 242 1721 294 εἶπεν

133 327 320 381 “”Ὀσα
357 330 415 381 ἂν
441 330 616 399 αἰτήσῃ
653 329 735 380 τὸν
763 329 888 380 Θεὸν
921 330 1065 380 δώσει
1100 353 1180 379 σοι
1216 330 1240 379 ὁ
1275 327 1442 382 Θεός.”
1497 325 1567 377 διὸ
1602 325 1720 390 πρὸς
1782 320 1918 393 :iziz

133 412 308 478 ταύτην
335 412 467 464 οὐδὲν
493 418 637 463 λαλεῖ
668 413 692 462 ὁ
732 412 918 477 Κύριος,
945 410 1064 477 πρὸς
1103 410 1152 462 δὲ
1186 410 1271 473 τὴν
1302 409 1509 477 Μάρθαν
1540 407 1722 473 μακρὸν

134 496 318 546 διέτεινε
344 495 427 546 τὸν
453 495 617 560 λόγον.
664 499 722 562 τῇ
750 495 879 562 λύπῃ
906 496 992 558 μέν
1017 517 1090 545 τοι
1116 493 1387 557 μεθύουσαν
1413 492 1499 557 τὴν
1528 492 1723 556 Μαρίαν

91 578 217 628 5οὐκ
266 576 461 644 ἐλέγχει,
508 581 735 628 εἰποῦσαν
779 575 833 627 τό
882 582 931 627 Ei
977 572 1025 636 ἧς
1075 573 1169 638 ὧδε,
1216 579 1281 644 τῷ
1332 579 1593 640 πληροῦντι
1637 572 1723 636 τὴν

132 657 330 711 ἅπασαν
357 661 526 710 κτίσιν·
554 658 674 725 πρὸς
700 659 924 725 ἡμέτερον
951 658 1266 723 ὑπόγραμμον
1294 660 1369 708 καὶ
1396 663 1533 708 τοῦτο
1559 660 1722 718 ποιῶν,

132 741 208 792 ἵνα
240 740 306 805 μὴ
341 740 448 795 τοὺς
482 743 531 792 ἐν
562 743 688 809 ἀκμῇ
723 745 817 791 τῶν
851 741 1036 807 θρήνων
1072 739 1210 793 ὄντας
1249 740 1537 806 ἐλέγχωμεν·
1593 761 1718 802 συγκ

133 826 402 885 καταβαίνει
441 821 491 874 δὲ
529 828 733 887 μᾶλλον,
766 822 853 886 τὴν
891 823 1190 889 ἀνθρωπίνην
1230 822 1380 889 φύσιν
1413 822 1718 886 ἀπογυμνῶν,
1739 833 1766 874 b

132 905 318 973 δακρύει
359 905 407 957 δὲ
446 907 523 956 καὶ
561 910 824 973 συγχεῖται,
866 904 976 956 ἰδὼν
1014 904 1159 969 αὐτὴν
1197 903 1461 955 κλαίουσαν
1500 905 1575 954 καὶ
1614 900 1721 955 τοὺς

65 1007 114 1033 10
131 986 453 1042 συνελθόντας
491 989 609 1055 αὐτῇ
645 988 900 1041 Ἰουδαίους
939 988 1206 1042 κλαίοντας.

123 1168 178 1211 ‘O
205 1166 278 1212 οὖν
299 1170 465 1212 ἸΗσοῦε
492 1171 552 1212 ὡς
579 1166 691 1213 εἶδεν
719 1171 853 1213 αὐτὴν
881 1170 1113 1212 κλαίουσαν
1141 1170 1210 1211 καί
1243 1170 1342 1212 τοὺς
1374 1169 1717 1211 συνελΗλυθόταε
1739 1180 1787 1216 33

196 1253 304 1312 αὐτῷ
347 1253 581 1296 Ἰουδαίους
631 1254 872 1306 κλαίοντας,
921 1255 1232 1311 ἐνεβριμήσατο
1281 1257 1343 1308 τῷ
1387 1253 1595 1302 Πνεύματι
1649 1251 1717 1293 καὶ

195 1336 404 1394 ἐτάραξεν
441 1338 595 1380 ἑαυτὸν
635 1337 699 1379 καὶ
739 1334 832 1380 εἶπε
869 1339 957 1379 Ποῡ
996 1337 1213 1380 τεθείκατε
1251 1337 1407 1389 αὐτόν;
1738 1341 1787 1377 34

1736 1414 1758 1439 ο

200 1449 393 1514 Ἐπειδὴ
433 1450 481 1502 δὲ
521 1453 574 1502 οὐ
614 1450 736 1506 Θεὸς
779 1451 897 1503 κατὰ
940 1451 1090 1521 φύσιν
1129 1450 1288 1516 μόνον,
1330 1450 1462 1501 ἀλλὰ
1508 1453 1584 1501 καὶ
1629 1451 1713 1501 ἄν·

61 1543 108 1582 15
128 1535 314 1599 θρωπος
346 1533 403 1598 ἦν
429 1535 453 1584 ὁ
485 1533 715 1599 Χριστὸς,
741 1533 918 1602 πάσχει
955 1533 1073 1598 μετὰ
1109 1539 1203 1584 τῶν
1235 1534 1402 1584 ἄλλων
1433 1532 1487 1583 τὸ
1527 1533 1713 1599 ἀνθρώ-

125 1634 277 1666 πινον·
320 1616 583 1683 ἀρχομένης
611 1617 666 1667 δέ
688 1640 788 1669 πως
815 1619 863 1667 ἐν
890 1618 1016 1686 αὐτῷ
1054 1620 1284 1667 κινεῖσθαι
1319 1618 1402 1680 τῆς
1438 1614 1606 1679 λύπης,
1639 1617 1715 1666 καὶ

127 1697 351 1762 νευούσης
406 1698 493 1762 ἤδη
545 1697 665 1765 πρὸς
715 1697 769 1750 τὸ
819 1698 1021 1765 δάκρυον
1072 1702 1153 1763 τῆς
1207 1699 1343 1764 ἁγίας
1394 1696 1585 1763 σαρκὸς,
1633 1699 1717 1749 οὐκ

125 1779 327 1848 ἀφίησιν
365 1779 510 1844 αὐτὴν
547 1786 686 1832 τοῦτο
724 1785 894 1832 παθεῖν
930 1779 1149 1844 ἐκλύτως,
1189 1779 1401 1846 καθάπερ
1443 1781 1545 1833 ἔθος
1586 1779 1710 1843 ἡμῖν.

125 1860 405 1930 ἑμβριμᾶται
440 1861 488 1912 δὲ
520 1868 580 1932 τῷ
606 1862 843 1931 πνεύματι,
872 1862 1088 1915 τουτέστι
1125 1867 1182 1930 τῇ
1219 1861 1405 1926 δυνάμει
1440 1868 1523 1913 τοῦ
1547 1862 1716 1926 (Αγίου

58 1961 108 1986 20
128 1943 404 2008 Πνεύματος
440 1943 716 2008 ἐπιπλήττει
751 1944 928 2011 τρόπον
953 1943 1059 1996 τινὰ
1093 1949 1151 2012 τῇ
1186 1946 1279 2013 ἰδίᾳ
1313 1944 1471 2009 σαρκί·
1514 1944 1541 2007 ἡ
1571 1945 1632 2006 δὲ,
1659 1942 1715 1995 τὸ

175 2116 205 2140 Ῑ.
231 2106 284 2140 καὶ
310 2106 521 2152 συνετωτέρα
546 2109 606 2151 τῆς
631 2106 790 2152 Μάρθας]
809 2109 868 2151 τῆς
886 2108 1029 2152 Μάρθας
1049 2108 1103 2141 καὶ
1123 2107 1335 2151 συνετωτέρα
1353 2106 1434 2151 αὕτη
1452 2107 1520 2141 ak.
1539 2108 1715 2142 consentit

124 2164 170 2186 m.
189 2163 270 2187 curn
289 2152 356 2187 Ed.
486 2165 516 2187 2.
544 2156 562 2187 ὁ
580 2156 666 2189 Θεὸς
683 2165 752 2188 om
772 2166 801 2188 a.
807 2167 854 2189 m.
873 2154 978 2188 habet
996 2156 1030 2189 k.
1166 2165 1197 2199 3.
1227 2155 1303 2188 οὐδὲ
1322 2166 1370 2188 m.
1506 2166 1539 2196 4.
1566 2155 1624 2188 τὸν
1641 2166 1712 2189 om.

124 2210 153 2233 a.
158 2200 193 2233 k.
195 2211 243 2233 m.
388 2210 421 2245 5.
446 2215 505 2234 ουκ
523 2200 677 2247 ἐλέγχει]
697 2201 868 2246 διελεγχει
886 2202 1037 2237 ουδόλως
1054 2213 1101 2236 m.
1173 2203 1211 2235 τό
1229 2213 1299 2235 om.
1317 2213 1365 2235 m.
1517 2200 1549 2234 6.
1575 2202 1715 2235 ἅπασαν

123 2246 183 2290 τὴν
199 2246 338 2280 inverso
359 2247 481 2281 ordine
498 2259 546 2281 m.
611 2247 827 2293 r‘me'repov]‘
813 2250 897 2291 ημᾶς
921 2249 966 2282 ob
993 2248 1187 2293 marginem
1211 2248 1378 2282 refectum
1397 2247 1455 2281 vix
1477 2248 1597 2293 legens
1616 2248 1710 2281 Aub.

124 2301 158 2338 7.
184 2292 398 2338 ἐλεγχωμενε
427 2293 499 2328 des.
517 2306 546 2328 a.
551 2295 586 2330 k.
653 2295 796 2337 Pergeb'
790 2298 824 2328 it
844 2295 908 2329 Ed.
927 2296 980 2329 διὰ
998 2310 1097 2329 τουτο
1116 2295 1192 2329 οὐδὲ
1211 2295 1402 2340 διαλεγετιιι
1420 2295 1501 2338 αὐτῇ
1521 2295 1598 2328 ουδε
1619 2295 1713 2339 λεγει

123 2354 164 2373 τα
189 2340 272 2374 αὐτὰ
297 2340 317 2373 ἃ
342 2341 395 2374 καὶ
420 2342 506 2385 πρὸς
530 2342 589 2385 τὴν
611 2341 767 2386 ἀδελφὴν
784 2342 885 2386 αυτῆς
907 2340 991 2382 εἰπε,
1011 2343 1065 2376 διὰ
1090 2344 1128 2376 τὸ
1150 2343 1304 2386 παρεῖναι
1326 2341 1435 2375 πολυν
1453 2341 1571 2386 ὄχλον,
1592 2356 1645 2375 και
1667 2342 1712 2385 μὴ

122 2384 205 2420 εἶναι
228 2387 343 2431 καιρὸν
365 2391 431 2421 τῶν
449 2387 610 2422 τοιούτων
633 2388 801 2432 ῥημάτων.
822 2389 882 2430 (cf.
908 2389 946 2423 S.
964 2388 1091 2434 Chrys.
1118 2389 1162 2423 ad
1183 2389 1250 2423 loc.
1280 2388 1387 2422 Hom.
1406 2388 1488 2421 lxiii.
1516 2400 1549 2432 p.
1569 2387 1637 2433 376
1658 2388 1712 2431 d.)

124 2432 272 2477 Reliqua
291 2433 419 2468 retinui
444 2446 554 2480 quum
572 2447 613 2468 ex
631 2447 678 2469 eis
698 2436 822 2479 partim
841 2436 981 2470 exhibet
999 2442 1032 2470 et
1050 2448 1097 2470 m.
1225 2436 1259 2470 8.
1284 2433 1434 2480 μᾶλλον]
1457 2435 1574 2479 Pergit
1593 2447 1638 2469 m.
1657 2436 1711 2469 καὶ

121 2479 311 2524 ἀπογυμνοῖ
334 2480 393 2524 τὴν
417 2481 628 2525 ἀνθρωπίνην
651 2481 772 2527 φύσιν,
794 2483 847 2516 καὶ
872 2483 913 2516 τὰ
937 2482 1058 2526 ταύτης
1082 2482 1189 2516 οἰκεῖα
1214 2482 1428 2516 ἐνδείκνυται.
1464 2481 1562 2515 ἅκουε
1587 2482 1652 2525 γὰρ
1678 2482 1713 2515 τί

122 2527 267 2571 φησιν’
250 2541 268 2559 ο
285 2527 553 2571 Εὐαγγελιστής.
571 2540 620 2562 m.
736 2539 802 2562 ΙΙ-
807 2540 859 2573 13.
879 2528 918 2563 ‘O
937 2528 1221 2564 οὐν-κλαίοντας
1238 2537 1272 2562 et
1289 2529 1342 2562 καὶ
1359 2525 1432 2562 εἶπε
1449 2530 1523 2562 Ποῦ
1541 2528 1711 2562 τεθείκατε

122 2573 224 2606 αὐτόν
240 2572 358 2606 addldi
376 2585 394 2606 e
412 2574 446 2607 k.
587 2586 711 2618 14—p.
725 2576 804 2615 280,
824 2575 856 2608 6.
885 2575 982 2609 Haec
999 2575 1327 2628 Ἐπειδὴ-φρονεῖν
1344 2575 1426 2608 citat
1443 2581 1476 2608 et
1495 2574 1584 2608 Cod.
1606 2574 1710 2608 Bodl.

123 2619 229 2654 Misc.
251 2619 327 2661 184.
353 2631 421 2653 sec.
441 2620 514 2654 xiii
540 2620 705 2661 ineuntis,
730 2621 767 2654 in
795 2601 1007 2655 'Collectione
1032 2622 1313 2656 testimoniorum
1344 2621 1386 2655 de
1412 2621 1537 2678 duab’is
1562 2621 1710 2678 Naturie

121 2666 210 2700 Jesu
236 2665 366 2699 Christi
386 2666 480 2710 (vide
507 2666 618 2700 catal.
643 2668 709 2700 col.
729 2668 808 2712 738.
835 2667 889 2701 ed.
917 2667 1028 2720 Coxe)
1054 2680 1117 2712 cap
1123 2677 1202 2709 15.
1228 2668 1289 2701 fol.
1307 2678 1363 2712 90,
1386 2670 1446 2701 τοῦ
1470 2667 1573 2700 αὐτοῦ
1599 2667 1645 2702 εἷς
1669 2667 1708 2701 τὸ

122 2713 204 2746 κατὰ
220 2711 375 2765 Ἰωάννην
391 2712 568 2756 ὑπόμνημα
593 2713 758 2757 praefixo.
809 2713 914 2750 Quod
934 2714 1069 2758 signavi
1090 2681 1117 2748 tp.
1166 2714 1231 2748 Est
1249 2714 1407 2747 scholion
1424 2719 1538 2747 totum
1557 2719 1590 2746 et
1606 2714 1640 2747 in
1661 2725 1710 2749 m.

123 2759 238 2803 (lineis
258 2759 377 2803 primis
396 2759 620 2803 abbreviatis)
640 2759 796 2793 Macario
813 2760 997 2794 tiibutum.
1114 2771 1166 2802 14.
1194 2761 1279 2795 Θεὸς
1295 2760 1378 2793 κατὰ
1395 2759 1505 2804 φύσιν
1521 2761 1624 2801 μόνον
1641 2759 1708 2794 hoc

121 2805 243 2839 ordine
259 2810 318 2840 t.c.
337 2805 443 2840 Cord.
462 2807 565 2849 μόνον
582 2812 661 2839 ante
680 2807 765 2841 Θεὸς
782 2812 824 2840 tr.
844 2806 911 2841 Ed.
1054 2815 1106 2851 15.
1133 2807 1217 2849 μετὰ
1234 2809 1300 2841 τῶν
1316 2807 1432 2840 ἄλλων
1451 2813 1476 2840 t.
1481 2818 1508 2840 c.
1530 2806 1637 2840 Cord.
1655 2808 1710 2840 καὶ

121 2854 179 2886 νῦν
199 2852 264 2886 Ed.
477 2853 529 2887 16.
554 2853 620 2898 ’γὰρ
638 2864 701 2897 pro
720 2853 756 2886 δέ
774 2859 799 2886 t.
1017 2862 1070 2897 17.
1095 2854 1133 2886 τὸ
1152 2865 1222 2887 om.
1240 2860 1265 2887 t.
1338 2852 1481 2899 tropicos]
1505 2858 1542 2893 -i-
1563 2854 1666 2887 αυτοῦ
1684 2861 1711 2888 t.

125 2899 178 2933 18.
205 2899 352 2944 ἀφίησιν
369 2906 428 2934 t.c.
449 2899 555 2933 Cord.
574 2900 715 2943 ἐφίησιν
733 2911 779 2934 m.
800 2898 867 2934 Ed.
933 2899 1008 2934 ἔθος
1026 2898 1150 2944 ἡμῖν]’
1140 2901 1219 2935 ε’πος
1236 2900 1341 2933 ειπεῖν
1357 2907 1383 2934 t.
1511 2911 1564 2945 19.
1590 2901 1709 2946 ἐμβρι-

119 2945 220 2989 μήται
239 2958 268 2980 c.
341 2945 458 2992 Ἀγίου
476 2958 546 2980 om.
565 2953 590 2980 t.
730 2957 784 2981 20.
812 2945 1026 2993 ἐπιπλήττει]
1047 2961 1101 2980 και
1120 2945 1316 2990 ἐπιπλήττει
1334 2952 1358 2982 t.
