2037 3266
319 117 406 157 324
724 117 775 158 B.
809 116 1088 158 CYRILLI
1131 117 1514 159 ALEXANDR.
1658 118 1732 160 xii.
1752 131 1821 174 33,
1839 130 1907 173 34.

321 225 547 277 πείσεται,
600 225 763 279 ἄλλως
800 248 849 277 τε
889 227 1006 296 φαίη
1045 249 1114 280 τις
1145 225 1203 277 ἂν
1233 224 1361 290 οἶμαι
1397 230 1472 278 καὶ
1506 227 1701 296 σφόδρα
1736 231 1907 290 καλῶς,

321 306 446 375 ὕψος
480 304 594 359 εἶναι
629 306 684 358 τὸ
719 308 793 359 ἐπὶ
832 307 1017 377 εὐκλείᾳ
1051 310 1128 359 καὶ
1164 308 1282 378 δόξῃ
1318 308 1582 372 νοούμενον,
1614 310 1696 361 τὸν
1729 311 1804 361 ἐπὶ
1841 311 1909 379 τῷ

320 393 515 458 σταυρῷ
553 388 770 441 θάνατον.
839 388 1083 458 δοξάζεται
1126 389 1220 457 γὰρ
1264 393 1340 442 καὶ
1379 390 1455 441 διὰ
1493 396 1633 443 τοῦτο
1671 390 1905 457 Χριστὸς,

97 482 187 518 ’708
202 480 254 518 A.
281 469 485 521 απολλά
523 474 582 539 τῇ
620 469 947 537 ἀνθρωπότητι
986 470 1062 522 διὰ
1098 471 1266 523 τούτου
1300 473 1601 542 προξενήσας
1635 471 1695 524 τὰ
1730 472 1905 539 ἀγαθά·

321 553 376 603 δι’
406 550 472 603 ὧν
497 551 621 603 ἕλκει
646 552 764 618 πρὸς
791 552 973 603 ἑαυτόν·
1015 555 1091 604 καὶ
1116 554 1170 604 οὐ
1196 553 1408 621 καθάπερ
1445 558 1486 606 οἱ
1520 557 1742 619 μαθηταὶ,
1769 554 1907 626 ἑτέρῳ
1927 575 1950 614 5

318 632 571 700 προσάγει.
628 634 862 686 δείκνυσιν
893 635 977 686 οὖν
1006 634 1171 686 ἑαυτὸν
1203 634 1318 686 ὅντα
1355 635 1499 705 φύσει
1531 636 1667 699 Θεὸν,
1695 637 1777 688 οὐκ
1816 636 1908 706 ἔξω

318 718 459 769 τιθεὶς
484 714 568 767 τὸν
586 716 798 782 Πατέρα.
846 715 922 767 διὰ
948 715 1043 783 γὰρ
1068 722 1152 768 τοῦ
1177 720 1296 768 Υὶοῦ
1319 716 1512 769 ἕλκεταί
1534 741 1603 772 τις
1629 722 1691 773 εὶς
1715 718 1802 784 τὴν
1825 724 1909 771 τοῦ

321 795 512 863 Πατρὸς
538 802 734 864 γνῶσιν.

251 976 299 1012 33
333 974 473 1017 Τοῦτο
511 975 557 1015 δὲ
595 975 715 1022 ἕλει-ε
755 975 976 1024 ommium
1014 976 1126 1031 Ποίῳ
1162 979 1334 1032 θανάτῳ
1371 978 1552 1027 ἔμελλεν
1589 979 1894 1021 ἀποθνήσκειν.

393 1087 490 1138 Διά
540 1088 708 1139 τούτου
759 1088 930 1158 ἔδειξεν
973 1091 999 1140 ὁ
1047 1090 1426 1156 Εὐαγγελιστὴς,
1468 1091 1540 1143 ὅτι
1589 1092 1672 1143 οὐκ
1721 1094 1906 1158 ἀγνοῶν
1930 1113 1979 1140 10

271 1168 487 1221 ὒέπαθεν
544 1171 570 1220 ὁ
629 1169 822 1236 Κύριος,
878 1172 989 1222 ἀλλ’
1044 1171 1162 1223 ἑκὼν
1217 1175 1293 1224 καὶ
1348 1172 1477 1228 εἰδὼς
1534 1175 1588 1225 οὐ
1643 1173 1787 1238 μόνον
1834 1174 1906 1226 ὅτι

316 1251 629 1316 ἀπέθνησκεν,
662 1252 795 1303 ἀλλὰ
834 1255 910 1304 καὶ
949 1254 1062 1324 ποίῳ
1099 1253 1278 1323 τρόπῳ·
1326 1255 1409 1306 τὸν
1447 1255 1657 1323 σταυρὸν
1696 1255 1743 1307 δὲ
1782 1254 1903 1308 ὠνό-

315 1356 443 1395 μασε
483 1333 703 1384 θάνατον.

248 1503 545 1561 34ἈΠεκρίθΗ
590 1503 661 1545 οὖν
700 1506 817 1559 αὐτῷ
859 1507 881 1549 ὁ
926 1508 1053 1562 ὄχλος
1088 1506 1243 1557 ζΗμεῖε
1286 1510 1527 1558 ἠκούσαμεν
1564 1512 1610 1551 ὲκ
1654 1515 1726 1552 τοῦ
1773 1513 1903 1561 νόμου

90 2287 249 2328 Ps.cix.4.

382 1588 447 1628 ὅτι
484 1588 507 1628 ὁ
545 1587 723 1644 Χριστὸς
761 1586 821 1630 cic
859 1590 932 1631 τὸν
972 1588 1108 1632 αἰῶνα
1149 1592 1278 1639 μένει·
1337 1593 1404 1633 καὶ
1445 1594 1538 1634 Πῶς
1576 1594 1623 1635 σὺ
1663 1594 1799 1642 λὲΓειε
1836 1596 1973 1647 ὅτιι5

382 1667 446 1709 δεῖ
496 1671 724 1720 ὑψωθῆναι
772 1672 845 1714 τὸν
890 1670 979 1716 υἷὸν
1024 1678 1097 1716 τοῦ
1142 1673 1405 1731 ανθρώπου,
1461 1676 1518 1717 ric
1562 1677 1675 1719 ἐστιν
1711 1675 1835 1720 οὗτος
1878 1680 1901 1722 ὁ

383 1751 470 1795 υἶὸο
509 1757 583 1794 τοῦ
621 1754 880 1810 ἀνθρώπου;

388 1869 553 1917 Ταῦτα
580 1867 635 1917 δέ
656 1872 808 1936 φασιν
833 1872 895 1923 ὡς
925 1870 1185 1936 εἰρήκαμεν,
1214 1872 1470 1936 νοήσαντες
1496 1874 1567 1924 ὅτι
1593 1874 1647 1925 τὸ
1675 1873 1899 1945 ὑψωθῆναι

313 1946 368 1998 τὸ
407 1951 740 2014 σταυρωθῆναι
778 1949 957 2017 ἐ’λεγεν.
1012 1952 1116 2006 ἔθος
1156 1953 1250 2020 γὰρ
1286 1953 1343 2018 ἦν
1376 1955 1531 2009 αὐτοῖς
1567 1956 1900 2023 εὐφημοτεροις

313 2028 517 2093 ὀνόμασι
557 2033 805 2095 σημαίνειν
845 2032 903 2084 τὰ
943 2034 1071 2085 πολὺ
1111 2036 1357 2095 βλέποντα
1398 2041 1461 2090 εἷς
1501 2037 1731 2104 ἀκράτους
1769 2061 1895 2103 συμ-
1921 2070 1971 2096 20

313 2112 481 2179 φοράς.
528 2116 778 2179 πειρῶνται
805 2115 886 2165 οὖν
912 2114 987 2165 διὰ
1013 2119 1097 2179 τῆς
1123 2121 1313 2185 γραφῆς
1340 2119 1581 2188 ἀποδεῖξαι
1609 2119 1901 2189 ψευδόμενον

312 2192 395 2243 τὸν
422 2193 652 2259 Χριστόν.
723 2197 840 2260 αὕτη
879 2195 986 2262 γὰρ,
1027 2200 1192 2265 φησὶν,
1232 2200 1285 2249 οὐ
1323 2199 1448 2265 λέγει
1486 2199 1780 2267 πρόσκαιρον
1817 2202 1900 2253 τὸν

1089 2283 1108 2293 Α

313 2273 530 2339 Χριστὸν
567 2275 782 2341 λε’γουσα
820 2278 925 2342 περὶ
966 2279 1109 2328 αὐτου
1149 2286 1175 2307 “
1197 2278 1265 2330 Σὺ
1305 2280 1446 2347 ἱερεὺς
1484 2286 1545 2335 εἷς
1586 2281 1668 2333 τὸν
1706 2284 1896 2336 αἱῶνα.”

362 2407 391 2430 1.
416 2396 530 2432 ἄλλως
547 2411 582 2431 τε
601 2397 708 2432 a.b.k.
728 2397 805 2433 Cat.
827 2398 926 2433 Harl.
947 2399 1053 2433 Cord.
1072 2399 1150 2434 ἀλλ’
1169 2402 1258 2435 ὥστε
1276 2402 1370 2437 Aub.
1627 2416 1659 2440 2.
1686 2405 1777 2451 ὕψος
1794 2405 1893 2453 εἶναι]

310 2443 497 2487 ὑψωθεῖναι
516 2455 546 2478 c.
733 2456 766 2490 3.
791 2444 912 2480 τούτου
930 2458 960 2480 a.
977 2449 1077 2480 τοῦτο
1095 2447 1226 2482 habent
1244 2449 1312 2483 c.k.
1334 2449 1409 2484 Cat.
1430 2450 1530 2485 Harl.
1604 2455 1753 2496 Χριστός
1772 2453 1844 2488 des.
1864 2466 1894 2489 c.

311 2501 346 2531 4.
371 2489 425 2523 διὰ
443 2489 563 2524 τούτου
581 2502 651 2524 om.
670 2502 701 2525 a.
868 2501 901 2534 5.
928 2491 989 2537 ὧν]
1015 2497 1051 2533 -i-
1073 2494 1108 2527 δὲ
1127 2495 1196 2529 a.k.
1374 2496 1406 2530 6.
1433 2496 1491 2531 οὖν
1510 2497 1587 2531 Cat.
1608 2498 1706 2533 Harl.
1725 2502 1782 2534 νῦν
1799 2500 1894 2536 Aub.

312 2535 487 2569 Neutrum
506 2536 636 2571 habent
650 2538 718 2572 a.k.
767 2537 892 2584 φύσει]
908 2541 990 2573 κατὰ
1008 2539 1118 2584 φύσιν
1130 2541 1200 2575 a.k.
1250 2541 1326 2587 οὐκ]
1342 2542 1411 2577 οὐδ’
1430 2555 1460 2578 a.
1535 2553 1565 2589 7.
1584 2547 1643 2579 τοῦ
1662 2547 1760 2591 prius
1775 2559 1844 2582 om.
1859 2548 1894 2582 k.

311 2583 539 2627 suprascript.
561 2583 636 2618 Cat.
654 2584 751 2619 Harl.
847 2598 881 2630 9.
907 2587 1054 2629 ἤμελλεν
1067 2587 1101 2621 k.
1120 2588 1263 2631 ἔμελλεν
1277 2588 1381 2623 habet
1396 2589 1472 2625 Cat.
1487 2591 1585 2625 Harl.
1674 2603 1727 2627 10.
1753 2592 1891 2639 τούτου]

310 2631 409 2662 τοῦτο
428 2630 572 2673 (errore)
590 2630 684 2664 Aub.
841 2642 894 2666 12.
918 2632 1122 2676 ἀποθνήσκει
1141 2646 1170 2668 a.
1244 2637 1358 2681 τρόπῳ
1377 2636 1450 2671 des.
1466 2637 1534 2671 a.k.
1587 2638 1753 2684 Quinque
1772 2640 1894 2674 ultima

311 2675 415 2708 verba
433 2687 451 2709 e
470 2675 546 2710 Cat.
567 2677 665 2710 Harl.
683 2677 822 2712 retinui.
909 2680 1059 2724 σταυρὸν
1076 2680 1168 2714 edidi
1188 2680 1264 2715 Cat.
1286 2683 1385 2717 Harl.
1404 2683 1449 2717 ob
1468 2684 1633 2728 paginam
1650 2692 1817 2720 resartam
1834 2687 1891 2720 vix

309 2722 441 2765 legens.
459 2721 563 2767 ἁγίων
580 2724 725 2767 (errore)
744 2724 838 2759 Aub.
996 2736 1119 2771 14—17.
1148 2727 1201 2761 Ita
1218 2728 1252 2762 k.
1402 2730 1526 2774 18—p.
1539 2740 1618 2775 325,
1642 2743 1693 2776 13.
1722 2732 1818 2766 Haec
1835 2745 1890 2766 as-

309 2774 450 2812 sumpta
472 2780 513 2802 ex
536 2780 555 2803 a
573 2769 648 2812 (fol.
665 2772 762 2815 543).
781 2771 804 2804 k
822 2771 897 2814 (fol.
916 2781 960 2816 95
979 2773 1028 2815 v).
1092 2773 1191 2810 Quae
1219 2774 1254 2808 S.
1270 2774 1523 2820 Chrysostomo
1545 2778 1666 2811 tribuit
1691 2777 1767 2812 Cat.
1790 2778 1890 2814 Harl.

313 2814 366 2846 IS.
391 2816 501 2858 φησιν
520 2815 597 2849 Cat.
618 2816 717 2851 Harl.
824 2829 878 2852 21.
904 2818 962 2852 οὖν
979 2831 1048 2852 om.
1070 2820 1146 2854 Cat.
1168 2821 1267 2855 Harl.
1331 2823 1544 2867 ψευδόμενον
1560 2823 1733 2867 ἀποδεῖξαι
1751 2824 1890 2859 inverso

308 2859 429 2893 ordine
449 2860 526 2895 Cat.
546 2861 645 2895 Harl.
790 2875 844 2898 22.
871 2866 982 2910 φασιν
1000 2864 1075 2900 Cat.
1096 2865 1197 2901 Harl.
1339 2879 1393 2913 23.
1420 2868 1538 2914 αἰῶνα]
1563 2874 1596 2910 †
1621 2870 1702 2904 κατὰ
1719 2870 1778 2914 τὴν
1794 2871 1890 2914 τάξιν

308 2906 514 2950 μελχισεδέκ
533 2907 610 2943 Cat.
630 2908 729 2944 Harl.
