2001 3261
294 104 377 147 148
694 110 745 151 B.
779 110 1053 151 CYRILLI
1095 109 1478 151 ALEXANDR.
1769 106 1823 146 ix.
1840 116 1879 158 3·

293 215 413 266 κατὰ
450 220 575 268 Θεοῦ
614 219 898 281 δυσσεβείας
945 220 998 269 οὐ
1042 218 1392 287 καταλήξαντα,
1433 217 1674 284 κέχρισται
1713 213 1882 265 λοιπὸν

293 298 367 348 ἐπὶ
413 297 496 349 τὸν
534 300 737 367 Ἰσραὴλ
784 305 846 354 εἷς
892 302 1102 361 βασιλέα
1141 299 1391 368 Ἰωσαφὰτ
1436 298 1530 352 υἱὸς
1577 299 1790 361 Ναμεσὶ,
1834 294 1883 350 ὃς

295 381 476 447 ἀναιρεῖ
514 382 599 445 μὲν
643 383 726 433 τὸν
768 383 1010 450 Ὀχοζίαν,
1057 385 1133 432 καὶ
1180 380 1273 432 σὺν
1317 382 1474 450 ἐκείνῳ
1520 379 1606 445 τὴν
1650 378 1880 443 Ἰεζάβελ,

295 463 477 529 ἀναιρεῖ
511 464 558 514 δὲ
598 468 664 533 τῷ
701 465 894 531 Ἀχαάβ
934 467 1008 515 καὶ
1048 466 1230 531 ἑτέρους
1270 463 1392 517 υἱοὺς
1432 461 1769 526 ἑβδομήκοντα,
1802 460 1887 524 τὴν

295 545 423 595 θείαν
462 546 626 613 ὥσπερ
667 547 899 615 διεξάγων
938 552 999 600 εἰς
1037 546 1181 611 πέρας
1221 545 1382 612 ὀργὴν,
1423 548 1484 598 ὡς
1524 547 1598 595 καὶ
1637 545 1772 607 τιμῆς
1811 544 1928 600 καὶ5

250 632 277 672 b
295 625 486 693 χάριτος
514 630 587 679 ε’πῖ
615 627 766 697 τούτῳ
791 633 962 696 τυχεῖν.
1020 629 1070 679 τί
1091 628 1183 694 γάρ
1211 633 1334 697 φησι
1365 627 1483 694 πρὸς
1510 626 1650 677 αὐτὸν
1677 627 1702 676 ὁ
1731 623 1882 686 Θεός;

72 699 235 782 ΞΟῙῩΨΧ·
297 717 322 738 “
347 709 484 760 Ἀνθ’
513 708 577 760 ὧν
611 710 850 775 ἠγάθυνας
889 713 1088 774 ποιῆσαι
1127 709 1181 761 τὸ
1223 709 1348 763 εὑθές
1387 712 1434 760 ἐν
1466 711 1735 778 ὀφθαλμοῖς
1773 729 1882 770 μου,

297 799 322 820 “
350 794 423 842 καὶ
469 792 626 843 πάντα
677 793 771 843 ὅσα
823 794 871 843 ἐν
915 796 973 859 τῇ
1027 793 1192 862 καρδίᾳ
1242 816 1334 856 μου
1385 793 1610 856 ἐποίησας
1661 793 1727 858 τῷ
1776 788 1888 856 οἴκῳ

296 881 323 903 “
342 873 548 941 Ἀχαάβ,
571 876 659 925 υἱοὶ
685 874 897 939 τέταρτοι
925 875 1219 938 καθήσονταί
1242 897 1321 924 σοι
1349 876 1422 925 ἐπὶ
1448 879 1531 924 τοῦ
1558 872 1727 939 θρόνου
1755 869 1886 923 σου.”

296 957 408 1025 ὁρᾷς
447 957 528 1007 οὖν
561 956 687 1010 ὅπως
727 956 834 1010 τοὺς
874 957 959 1020 μὲν
995 956 1229 1023 πονηροὺς
1268 959 1317 1006 ἐκ
1356 960 1576 1022 πονηρῶν
1609 957 1657 1005 ἐν
1690 953 1888 1021 τετάρτῃ
1911 978 1960 1003 ιο

294 1036 434 1102 μόλις
470 1038 675 1089 ἐκόλασε
710 1042 861 1107 γενεᾷ,
895 1043 961 1107 τῷ
997 1038 1044 1090 δὲ
1083 1040 1337 1103 τιμήσαντι
1377 1041 1452 1089 καὶ
1491 1037 1626 1105 μέχρι
1665 1035 1890 1102 τετάρτης

297 1125 460 1184 γενεᾶς
500 1121 685 1171 ἐκτείνει
724 1119 806 1171 τὸν
842 1120 993 1172 ἐ’λεον.
1047 1127 1231 1172 παῦσαι
1270 1122 1426 1171 τοίνυν
1451 1122 1643 1170 Ἰουδαῖε
1685 1121 1769 1182 τῆς
1807 1123 1890 1168 τοῦ

298 1206 423 1253 Θεοῦ
458 1201 758 1266 δικαιοσύνης
790 1207 1084 1268 κατηγορῶν·
1132 1207 1194 1255 εἰς
1225 1204 1455 1269 ε’γκωμιόυ
1491 1201 1583 1268 γὰρ
1618 1201 1754 1269 τάξιν
1779 1198 1888 1266 παρ’

297 1284 407 1347 ἡμῖν
433 1284 718 1351 δεχθήσεται
747 1283 801 1334 τό
832 1283 1114 1337 Ἀποδιδοὺς
1143 1285 1373 1351 ἁμαρτίας
1399 1283 1616 1351 πατέρων
1642 1284 1717 1334 ἐπὶ
1751 1282 1890 1332 τέκνα

259 1383 281 1409 0
299 1367 371 1417 ἐπὶ
399 1366 560 1431 τρίτην
586 1368 661 1416 καὶ
686 1366 915 1433 τετάρτην
941 1365 1118 1433 γενεάν.
1913 1385 1961 1424 15

467 1526 577 1566 Ἀλλ’
624 1526 692 1567 ἵνα
732 1530 967 1583 φανερωθῌ
1008 1527 1059 1568 τὰ
1099 1527 1201 1584 ἔργα
1240 1531 1313 1568 τοῦ
1353 1526 1462 1567 Θεοῦ
1502 1527 1547 1567 ἐν
1586 1526 1717 1579 αὐτῷ.

375 1636 723 1704 Δυσεξήγητον
750 1637 834 1699 μέν
860 1660 962 1690 πως
989 1637 1124 1687 ε”σται
1150 1639 1226 1687 καὶ
1254 1636 1453 1702 ἀπορίας
1478 1636 1591 1687 ε’ίσω
1618 1638 1806 1699 πολλῆς
1839 1635 1893 1686 τὸ

299 1719 620 1785 προκείμενον,
653 1720 728 1769 καὶ
767 1717 824 1782 ἧν
855 1719 941 1782 μὲν
975 1719 1091 1772 ἴσως
1131 1720 1214 1769 οὐκ
1255 1719 1430 1783 ἀμαθὲς
1470 1720 1544 1770 καὶ
1583 1717 1895 1785 παρατρέχειν

345 1802 355 1815 ⁵
394 1799 407 1815 x
536 1803 549 1818 x
654 1800 666 1817 x
749 1800 762 1815 x
910 1800 920 1815 Ι
1166 1801 1178 1816 l
1400 1803 1436 1816 ses
1568 1803 1577 1816 ,ν
1653 1802 1662 1815 2
1709 1800 1730 1817 cl
1875 1798 1888 1814 x

301 1823 428 1862 αυτο,
475 1824 550 1851 και
598 1805 673 1851 δια
717 1825 771 1852 το
817 1805 1013 1869 σφοδρά
1059 1805 1342 1869 δυσεφικτον
1387 1825 1481 1851 εαν.
1551 1807 1652 1850 αλλ
1711 1823 1784 1850 ινα
1829 1823 1894 1863 μη

301 1883 575 1946 λελυμένων
616 1883 868 1948 δογμάτων
906 1885 1190 1945 Ἰουδαϊκῶν,
1232 1883 1388 1949 ἕτερόν
1427 1906 1470 1933 τι
1509 1882 1736 1948 συγγενὲς
1775 1883 1889 1933 ε’κεί-
1918 1908 1967 1932 20

79 1964 168 1994 Heb.
184 1963 238 1994 xii.

84 2015 119 2046 15
304 1989 397 2018 νοις
434 1965 648 2031 καθάπερ
677 1973 703 1994 “
724 1989 793 2019 τις
824 1965 926 2032 ῥίζα
958 1967 1144 2032 πικρίας
1181 1966 1277 2017 ἄνω
1314 1966 1507 2033 φύουσα
1532 1965 1748 2032 ἐνοχλῇ,”
1778 1964 1898 2014 κατὰ

259 2061 286 2101 d
304 2047 388 2110 τὴν
422 2054 505 2098 τοῦ
543 2048 744 2099 Παύλου
783 2048 965 2118 φωνήν·
1022 2048 1139 2102 εἰκὸς
1179 2047 1273 2114 γὰρ
1313 2047 1618 2110 ὑποτοπῆσαί
1653 2069 1781 2100 τινας
1822 2044 1899 2096 διὰ

302 2135 442 2179 τοῦτο
473 2129 592 2195 πρὸς
627 2130 757 2194 πάθη
794 2130 852 2180 τὰ
888 2134 981 2181 τῶν
1008 2130 1271 2195 ἀνθρώπων
1299 2134 1551 2180 καλεῖσθαι
1579 2129 1798 2192 σώματα,
1824 2128 1899 2178 ἵνα

304 2214 351 2261 ἐν
378 2213 532 2264 αὐτοῖς
561 2216 816 2280 φανερωθῇ
851 2211 910 2262 τὰ
937 2213 1052 2278 ἔργα
1078 2218 1161 2262 τοῦ
1189 2216 1327 2262 Θεοῦ·
1377 2212 1626 2278 χρησίμως
1654 2209 1715 2265 ὥς
1740 2233 1793 2276 γε
1819 2232 1899 2274 μοι

307 2295 524 2361 φαίνεται
570 2296 645 2344 καὶ
690 2294 809 2359 πρὸς
848 2300 987 2344 τοῦτο
1032 2297 1175 2344 εἰπεῖν
1215 2294 1357 2359 ὀλίγα
1398 2294 1517 2344 ἅττα
1561 2293 1679 2358 πρὸς
1724 2291 1778 2344 τὸ
1823 2294 1898 2343 καὶ
1921 2309 1966 2348 25

307 2377 516 2426 ἐντεῦθεν
556 2375 953 2440 ἀποκρούσασθαι
997 2376 1180 2439 βλάβη,
1219 2378 1294 2425 καὶ
1341 2381 1436 2428 τοῖς
1481 2375 1538 2443 ἐξ
1580 2374 1761 2438 ἀπάτης
1806 2381 1892 2424 λο-

84 2471 191 2510 Supra
309 2462 502 2523 γισμοῖς
537 2457 767 2520 μηδεμίαν
793 2457 912 2523 ἔχειν
943 2457 1192 2525 ἐπιτρέψαι
1223 2457 1549 2522 παρείσδυσιν.
1603 2455 1672 2506 ὅτι
1706 2455 1791 2520 μὲν
1817 2456 1899 2506 οὖν

86 2524 159 2555 594-
310 2540 414 2589 οὕτε
466 2538 549 2592 τὰς
600 2535 775 2603 γονέων
827 2539 1059 2604 ἁμαρτίας
1109 2539 1271 2603 ἐπάγει
1321 2538 1495 2592 τέκνοις
1547 2537 1669 2591 Θεὸς
1725 2541 1761 2588 εἱ
1818 2540 1901 2601 τῆς

86 2626 245 2665 Supra73
307 2621 491 2672 ἐκείνων
523 2622 813 2685 δυστροπιάς
852 2618 940 2671 εἷεν
979 2618 1204 2687 ἀμέτοχα,
1231 2624 1306 2671 καὶ
1344 2620 1414 2670 ὅτι
1449 2620 1567 2686 πρὸς
1601 2619 1782 2672 τούτοις
1818 2620 1902 2670 οὐκ

85 2680 110 2699 S(
149 2694 154 2699 .

112 2680 145 2709 lq
357 2734 387 2755 1.
413 2721 571 2766 κέχρηται
594 2721 634 2755 Β.
655 2721 877 2755 Holstenius.
897 2720 1099 2755 emendavit
1122 2733 1140 2754 e
1165 2720 1242 2755 Cat.
1267 2720 1364 2755 Harl.
1384 2727 1421 2755 ut
1442 2721 1513 2755 vid.
1532 2720 1725 2760 Aubertus‚
1741 2726 1774 2754 et
1798 2720 1846 2754 ita
1870 2731 1901 2754 a.

309 2795 340 2818 2.
364 2783 541 2828 Ἰωσαφὰτ
558 2784 664 2818 habet
681 2790 714 2817 et
732 2796 761 2818 a.
895 2796 947 2828 13.
976 2774 1075 2827 τάξῖἶι
1094 2784 1135 2818 B.
1153 2784 1250 2827 τάξιν
1266 2784 1370 2817 habet
1388 2796 1417 2818 a.
1492 2783 1709 2828 δειχθήσεται
1726 2781 1806 2827 παρ’
1824 2782 1901 2826 ἡμῖν

308 2830 447 2863 inverso
465 2831 586 2865 ordine
605 2843 635 2865 a.
841 2840 893 2876 17.
921 2831 998 2866 ἐστὶ
1015 2843 1045 2865 a.
1128 2830 1210 2865 εἵσω
1229 2831 1391 2864 emendat
1412 2830 1540 2876 Heyse.
1559 2829 1651 2864 ἰ’σσω
1672 2829 1712 2863 Β.
1732 2829 1816 2864 ἴσως
1836 2829 1898 2863 Ht.

310 2876 377 2910 Ed.
397 2876 525 2911 desunt
542 2877 647 2912 verba
666 2884 817 2923 quatuor
835 2878 869 2911 in
888 2889 918 2912 a.
1056 2887 1110 2923 27.
1138 2877 1318 2922 ἐπιτρίψαι
1340 2877 1379 2911 Β.
1402 2877 1464 2911 Ht.
1485 2877 1683 2911 emendavit
1699 2882 1739 2910 ut
1756 2876 1900 2910 adnotat

311 2922 384 2967 ipse
402 2923 495 2957 Aub.
