1971 3272
90 160 176 202 viii.
198 175 263 217 29.
350 164 423 205 IN
467 165 509 205 S.
543 163 879 205 JOANNEM.
944 164 1065 204 LIB.
1094 164 1142 203 V.
1205 164 1339 203 CA'P.
1367 165 1415 203 V.
1620 163 1674 201 47

90 272 139 321 ἐν
163 276 259 324 τοῖς
286 273 414 327 ἰδίοις
441 276 635 338 ἀγαθοῖς
661 272 933 337 ἀκλονήτως
957 273 1275 338 ἐρηρεισμένη,
1302 272 1441 322 ποίαν
1466 271 1562 337 ε”χοι
1589 268 1674 332 τὴν

91 352 165 420 ἐφ’
197 353 352 418 ἕτερόν
391 378 434 405 τι
472 355 797 421 παρατροπήν·
859 353 888 418 ἦ
927 359 1028 408 πῶς
1066 356 1167 421 οὐχὶ
1205 353 1395 406 πάντως
1433 355 1713 418 δραμεῖταιει
1747 364 1829 398 527
1844 362 1896 396 A·

92 434 192 485 κατ’
232 436 341 486 εὐθὺ
385 443 469 488 τοῦ
511 439 627 488 ἰδίου
668 443 868 499 σκοποῦ,
907 439 982 487 καὶ
1025 436 1084 487 τὰ
1128 439 1267 503 ἑαυτῇ
1312 435 1554 501 πρέποντα
1599 437 1674 484 καὶ

92 516 299 580 λαλήσει
333 520 408 568 καὶ
443 519 749 587 ἐξεργάσεται
766 541 778 581 ;
821 522 903 583 τῆς
936 520 1076 582 αὐτῆς
1103 519 1185 569 οὖν
1211 517 1374 570 οὐσίας
1401 518 1624 584 ὑπάρχων
1651 517 1675 566 ὁ

49 617 71 655 5
95 600 373 665 Μονογενὴς
407 600 526 667 πρὸς
564 600 646 652 τὸν
684 604 849 652 ἑαυτοῦ
886 601 1157 667 γεννήτορα,
1197 602 1270 650 καὶ
1309 604 1405 653 τοῖς
1445 602 1527 662 τῆς
1569 603 1676 657 μιᾶς·

93 682 314 746 θεότητος
339 683 579 752 ἀξιώμασι
606 684 889 750 διαπρέπων,
913 682 1102 736 πάντως
1133 681 1284 747 δήπου
1311 683 1385 731 καὶ
1411 680 1677 745 ἀναγκαίως

91 763 342 831 ἐργάσεται
368 765 453 829 μὲν
478 764 598 832 ἅπερ
625 766 682 816 ἂν
704 765 960 831 ἐργάσαιτο
987 767 1061 815 καὶ
1089 764 1226 818 αὐτὸς
1254 765 1278 814 ὁ
1308 762 1496 828 Πατήρ·
1538 767 1677 812 τοῦτο

92 845 186 913 γάρ
220 848 322 897 ἐστι
355 847 409 898 τὸ
444 853 586 899 ποιεῖν
612 849 694 916 ἀφ’
721 848 875 899 ἑαυτοῦ
912 844 1033 898 οὐδέν·
1078 845 1288 910 λαλήσει
1315 844 1362 896 δὲ
1393 845 1581 897 πάντως
1621 842 1678 894 τὰ

92 934 176 979 τοῦ
210 929 542 994 γεννήσαντος,
573 931 660 998 οὐχ
698 932 760 984 ὡς
801 929 1035 995 ὑπουργὸς
1076 928 1103 994 ὴ
1143 928 1504 991 κεκελευσμένος
1545 926 1574 992 ὴ
1614 929 1677 981 ὡς

26 1032 75 1057 10
92 1010 325 1074 μαθητὴς,
356 1013 466 1061 ἀλλ’
501 1015 564 1065 ὡς
603 1012 793 1080 φύσεως
832 1012 948 1064 ἰδίας
987 1011 1108 1078 ἔχων
1146 1009 1341 1075 καρπὸν,
1374 1008 1428 1060 τὸ
1468 1011 1543 1060 καὶ
1581 1013 1676 1062 τοῖς

91 1097 175 1142 τοῦ
207 1096 332 1143 Θεοῦ
366 1095 441 1144 καὶ
475 1093 664 1159 Πατρὸς
702 1096 911 1160 χρῆσθαι
949 1092 1126 1158 λόγοις.
1177 1094 1225 1142 ἐν
1250 1090 1400 1160 τούτῳ
1438 1090 1531 1158 γὰρ
1571 1094 1670 1141 δια·
1694 1099 1722 1139 b

93 1174 308 1241 φαίνεται
358 1179 531 1243 σαφῶς
576 1178 651 1226 καὶ
703 1176 939 1242 λοιδορίας
990 1173 1182 1239 ἁπάσης
1232 1175 1455 1240 ἀμοιροῦν
1507 1173 1560 1224 τὸ
1612 1172 1677 1237 μὴ

92 1255 326 1322 λέγεσθαί
360 1279 404 1307 τι
441 1256 551 1324 παρ’
585 1258 742 1307 αὐτοῦ.

120 1446 194 1488 Καὶ
230 1447 253 1489 ὁ
291 1446 465 1496 Πέμψας
502 1461 553 1494 με
591 1444 675 1494 μετ’
719 1444 823 1494 ἐμοῦ
861 1445 962 1487 ἐστι·
1020 1446 1088 1486 καὶ
1126 1445 1202 1486 οὐκ
1241 1445 1381 1501 ἀφῆκέ
1417 1460 1469 1493 με
1506 1445 1653 1493 μόνον.
1697 1454 1746 1490 29

27 1581 74 1620 Ι5
166 1577 253 1627 Ἐν
302 1576 453 1645 τούτῳ
503 1576 737 1627 δείκνυσιν
780 1577 987 1642 ἐναργῶς
1038 1576 1108 1626 ὅτι
1158 1574 1246 1640 τὴν
1291 1581 1374 1626 τοῦ
1426 1579 1551 1626 Θεοῦ
1604 1578 1679 1626 καὶ

96 1657 290 1725 Πατρὸς
335 1658 616 1724 διερμηνεύει
661 1657 860 1721 βουλὴν,
900 1659 982 1708 οὐκ
1021 1656 1159 1711 αὐτὸς
1198 1658 1317 1725 ε”χων
1355 1657 1514 1724 ἑτέραν
1550 1658 1680 1725 παρὰ

94 1740 180 1805 τὴν
205 1743 253 1792 ἐν
278 1742 446 1810 ἐκείνῳ·
485 1741 662 1802 πόθεν;
704 1739 843 1793 αὐτὸς
880 1739 973 1807 γάρ
1008 1742 1140 1791 ἐστιν
1171 1741 1199 1804 ἡ
1235 1740 1366 1806 ζῶσα
1399 1743 1473 1791 καὶ
1510 1739 1676 1791 ε’νυπό-

74 1832 272 1877 ’στατος
302 1823 456 1887 βουλή
492 1845 542 1874 τε
577 1824 652 1874 καὶ
688 1822 885 1887 θέλησις
918 1828 1001 1873 τοῦ
1035 1822 1354 1887 γεννήσαντος
1379 1822 1534 1885 αὐτὸν,
1560 1821 1719 1873 κατάο

94 1903 150 1956 τὸ
184 1907 232 1956 ἐν
256 1907 419 1975 ,Βίβλῳ
454 1908 669 1972 ψαλμῶν
695 1904 933 1970 εἰρημένον
960 1904 1050 1955 ὑπό
1086 1927 1209 1958 τινος
1247 1909 1342 1955 τῶν
1373 1905 1520 1970 ἁγίων
1546 1912 1572 1933 “
1592 1904 1679 1954 Ἐν
1740 1898 1900 1980 {331xe

25 1994 123 2031 20“
148 1991 206 2055 τῇ
244 1991 400 2055 βουλῇ
438 2010 530 2038 σου
568 1985 824 2052 ὡδήγησάς
861 1987 959 2049 με,”
989 1988 1064 2036 καὶ
1101 1987 1249 2037 πάλιν
1282 1994 1309 2016 “
1332 1986 1488 2052 Κύριε,
1526 1988 1574 2036 ἐν
1612 1990 1678 2055 τῷ
1740 1997 1900 2071 {saxia

95 2076 123 2098 ‘⁶
148 2070 382 2134 θελήματί
412 2091 504 2119 σου
537 2068 794 2136 παράσχου
829 2071 896 2137 τῷ
933 2067 1102 2119 κάλλει
1135 2091 1227 2131 μου
1253 2068 1495 2132 δύναμιν,”
1522 2068 1679 2119 πάντα

93 2149 188 2217 γὰρ
213 2152 262 2201 ἐν
287 2154 489 2219 Χριστῷ
513 2149 572 2201 τὰ
597 2149 756 2215 ἀγαθὰ
781 2154 878 2203 τοῖς
903 2151 1159 2214 ἀγαπῶσιν
1185 2148 1342 2200 αὐτόν·
1384 2148 1495 2200 ἀλλ’
1525 2152 1586 2204 ὡς
1617 2154 1679 2204 εἷς

94 2237 277 2298 γνῶσιν
313 2233 524 2300 ἐκφέρων
561 2231 646 2295 τὴν
684 2230 910 2297 ἡμετέραν
947 2231 1006 2281 τὰ
1045 2232 1094 2282 ἐν
1131 2235 1198 2301 τῷ
1238 2235 1347 2301 Θεῷ
1386 2234 1461 2283 καὶ
1504 2233 1674 2299 Πατρί.

95 2313 237 2381 ὅνπερ
268 2313 361 2380 γὰρ
391 2312 569 2380 τρόπον
595 2313 654 2364 τὰ
690 2314 738 2364 ἐν
764 2317 830 2382 τῷ
864 2312 1003 2373 βάθει
1038 2315 1122 2376 τῆς
1155 2314 1381 2380 ἡμετέρας
1416 2314 1618 2368 διανοίας
1653 2316 1678 2366 ὁ

25 2406 73 2445 25
93 2394 382 2464 προφορικὸς
408 2396 540 2459 ἡμῶν
567 2395 700 2448 οὗτος
735 2397 810 2445 καὶ
847 2394 922 2445 διὰ
956 2395 1194 2460 γλώσσης
1229 2394 1544 2463 προχεόμενος
1579 2419 1675 2446 σα-

94 2477 273 2546 φηνίζει
317 2477 483 2544 λόγος,
526 2480 602 2528 καὶ
644 2475 731 2540 τὴν
772 2478 820 2527 ἐν
860 2479 927 2545 τῷ
974 2479 1039 2545 νῷ
1082 2476 1282 2541 θέλησιν
1327 2477 1415 2541 τὴν
1461 2478 1541 2528 ε’πί
1580 2501 1679 2528 τισι

94 2558 316 2624 δηλονότι
355 2562 491 2628 φημὶ,
528 2557 740 2625 καθάπερ
778 2581 822 2609 τι
861 2556 1058 2622 μάθημα
1097 2557 1279 2620 λαβὼν,
1324 2561 1398 2609 καὶ
1444 2559 1501 2626 ἐξ
1536 2560 1678 2622 αὐτῆς
1697 2571 1725 2612 d

145 2744 175 2767 1.
201 2731 292 2778 ἔχοι]
314 2732 381 2775 ἕξει
399 2743 429 2765 a.
449 2730 526 2765 Cat.
546 2731 646 2765 Harl.
830 2739 863 2774 5.
889 2730 992 2764 αὐτοῦ
1009 2741 1039 2765 a.
1215 2730 1248 2764 6.
1274 2729 1467 2774 διαπρέπων
1483 2731 1615 2765 πάντως
1633 2729 1676 2764 Β.

95 2779 291 2824 διαπρέπων
307 2791 336 2812 a.
355 2778 606 2821 διαπρεπόντως
624 2776 744 2811 Holst.
764 2776 831 2810 Ed.
997 2777 1030 2810 8.
1056 2774 1204 2820 πάντως]
1224 2777 1332 2809 πάντα
1350 2788 1380 2810 a.
1553 2787 1606 2811 12.
1631 2778 1676 2820 μὴ

95 2833 319 2870 assumptum
336 2837 377 2858 ex
396 2836 426 2858 a.
660 2834 712 2868 19.
740 2823 775 2856 ἐν
790 2823 906 2868 βίβλῳ
923 2823 1074 2867 ψαλμῶν
1095 2822 1135 2855 Β.
1154 2823 1189 2855 ἐν
1205 2825 1251 2868 τῷ
1270 2821 1327 2867 [τῇ
1347 2821 1459 2868 Aub.]
1478 2824 1594 2869 βίβλῳ
1612 2826 1678 2857 τῶν

94 2873 247 2916 ψαλμῶν
267 2872 330 2906 Ht.
349 2871 445 2905 Aub.
539 2909 549 2914 ς
561 2881 688 2914 24——p.
703 2870 760 2911 48,
779 2869 811 2903 8.
842 2869 937 2902 Haec
956 2869 1038 2902 citat
1056 2869 1213 2902 collectio
1234 2869 1376 2903 Patrum
1394 2870 1679 2904 testimoniorum

97 2919 248 2964 Syriace‚
273 2919 308 2952 in
336 2919 463 2952 Museo
491 2916 695 2950 Britannico
720 2915 903 2950 adservata
927 2914 1059 2960 [Codd.
1079 2915 1172 2949 Add.
1196 2926 1320 2961 14532,
1346 2916 1406 2951 fol.
1429 2926 1514 2962 125;
1553 2927 1678 2962 14533,

96 2966 157 3001 fol.
175 2965 242 3006 863
273 2974 397 3010 12155,
414 2965 475 2998 fol.
497 2975 540 2998 20
557 2961 624 3009 v.].
