2037 3266
314 128 397 167 7342
715 130 766 170 B.
800 129 1075 171 CYRILLI
1117 131 1500 172 ALEXANDR.
1618 132 1718 172 xvii.
1743 144 1806 181 20,
1833 143 1897 173 21.

311 236 452 286 εἰπών
480 236 638 292 Κοιθῶς
672 238 726 289 ab
759 239 905 308 Πάτερ
940 241 978 291 ἐν
1005 241 1098 307 ἐμοὶ
1138 239 1271 307 κάγὼ
1309 241 1345 291 ἐν
1378 247 1442 292 σοὶ
1476 241 1550 291 ἵνα
1593 247 1669 291 καὶ
1708 243 1827 291 αὐτοὶ
1864 240 1901 290 ἐν

311 320 406 386 ἡμῖν
443 315 481 370 ἓν
513 319 608 370 ὦσι·
663 322 1000 387 περιαθρήτεόν
1037 323 1087 372 εὖ
1123 322 1272 385 μάλα,
1303 323 1408 373 τίνα
1446 321 1503 387 δὴ
1542 323 1634 388 ἄρα
1671 320 1902 388 προσήκει

310 403 386 451 καὶ
424 399 507 452 τὸν
547 403 621 453 ἐπὶ
661 402 840 457 τούτοις
880 404 999 468 ἡμᾶς
1037 403 1338 468 ποιήσασθαι
1377 403 1540 470 λόγον.
1599 405 1647 455 ἐν
1684 403 1770 468 μὲν
1808 403 1902 470 γὰρ

309 486 404 536 τοῖς
430 483 518 548 ἤδη
545 484 870 554 παρῳχηκόσι,
897 485 981 536 τὸν
1006 489 1089 549 τῆς
1116 486 1240 540 θείας
1265 486 1481 550 ἑνότητος
1505 486 1683 553 τρόπον
1711 488 1785 537 καὶ
1817 485 1903 550 τὴν

311 565 517 630 οὑσιώδη
567 569 649 629 τῆς
696 567 833 631 ἁγίας
880 566 1086 633 Τριάδος
1136 567 1401 631 ταυτότητα
1452 569 1529 618 καὶ
1571 567 1657 632 τὴν
1700 565 1944 625 εἱσάπαν5

310 647 587 711 ἀναπλοκὴν
626 651 968 712 ἀπομιμεῖσθαι
1007 651 1102 700 δεῖν
1141 650 1223 700 οὐκ
1263 649 1501 703 ἀσυνέτως
1541 650 1778 714 ἐλέγομεν,
1817 649 1903 714 τὴν

311 728 417 779 καθ’
451 729 672 793 ὁμόνοιάν
710 754 760 781 τε
796 733 872 782 καὶ
912 732 1185 799 ὁμοψυχίαν
1223 737 1318 783 τῶν
1353 729 1674 783 πιστευόντων
1711 731 1898 781 ἕνωσιν·

310 813 358 862 ἐν
386 811 433 863 δὲ
472 813 654 867 τούτοις
692 814 782 878 ἤδη
821 836 922 867 πως
963 816 1037 864 καὶ
1078 814 1287 882 φυσικὴν
1318 813 1404 877 τὴν
1441 812 1637 877 ἑνότητα
1675 813 1902 864 δεικνύναι

312 895 652 962 σπουδάζομεν,
681 897 786 947 καθ’
815 895 874 959 ἢν
900 896 1028 959 ἡμεῖς
1064 919 1113 946 τε
1150 897 1385 960 ἀλλήλοις
1422 897 1497 946 καὶ
1530 899 1571 947 οἱ
1597 895 1768 950 πάντες
1795 900 1903 965 Θεῷ

313 976 624 1040 συνδούμεθα,
657 977 761 1028 οὐδὲ
800 981 882 1042 τῆς
921 977 1137 1042 ἑνότητος
1176 981 1259 1042 τῆς
1297 977 1416 1029 κατὰ
1454 982 1597 1041 σῶμα
1635 977 1903 1042 λειπόμενοι

88 1067 178 1102 998
193 1066 243 1101 A·
274 1058 450 1126 ἱῑτάχα,
483 1062 606 1128 φημὶ
646 1059 694 1110 δὲ
733 1063 816 1124 τῆς
855 1064 917 1114 εἷς
956 1060 1217 1125 ἀλλήλους,
1249 1065 1285 1111 εἰ
1324 1063 1401 1111 καὶ
1442 1065 1498 1127 τῇ
1537 1065 1631 1111 τῶν
1665 1061 1903 1125 σωμάτων

85 2140 192 2180 Supra
208 2140 227 2171 i.

91 2191 101 2211 1
110 2195 139 2220 4.

313 1144 520 1210 διαφορᾷ
559 1141 886 1207 διεστήκαμεν,
926 1142 1130 1194 ἑκάστου
1175 1148 1269 1194 τῶν
1308 1142 1415 1194 καθ’
1455 1144 1576 1208 ἡμᾶς
1620 1143 1739 1210 πρὸς
1783 1145 1903 1194 ἰδίαν

311 1221 475 1290 ὥσπερ
503 1226 859 1292 ἀναχωροῦντος
885 1225 1185 1293 περιγραφὴν
1211 1227 1287 1276 καὶ
1315 1224 1598 1278 ὑπόστασιν.
1648 1226 1702 1276 οὐ
1728 1225 1820 1291 γὰρ
1846 1224 1903 1276 ἂν

310 1306 376 1369 ε’ίη
416 1329 465 1357 τε
504 1309 579 1357 καὶ
614 1307 803 1372 λέγοιτο
838 1306 983 1375 τυχὸν
1012 1311 1210 1362 Παῦλος
1247 1306 1331 1371 μὲν
1359 1309 1383 1358 ὁ
1413 1307 1608 1373 Πέτρος,
1639 1308 1819 1373 Πέτρος
1854 1307 1903 1358 δὲ

311 1389 370 1438 αὖ
413 1387 560 1440 πάλιν
602 1390 626 1439 ὁ
670 1393 881 1452 Παῦλος,
923 1392 960 1439 εἰ
1007 1392 1081 1440 καὶ
1127 1391 1194 1458 τῷ
1239 1388 1399 1459 τρόπῳ
1440 1393 1522 1453 τῆς
1571 1388 1647 1440 διὰ
1688 1388 1902 1455 Χριστὸν

311 1471 522 1525 ἑνώσεως
557 1472 605 1522 ἓν
630 1471 776 1539 ἄμφω
813 1477 1008 1524 νοοῖντο.
1075 1473 1242 1523 οὐκοῦν
1269 1473 1651 1538 ὁμολογουμένης
1688 1475 1770 1535 τῆς
1805 1476 1897 1539 φυ-

310 1555 447 1616 σικῆς
482 1553 712 1618 ἑνότητος,
740 1555 819 1605 ἐπί
853 1578 902 1605 τε
940 1553 1132 1620 Πατρὸς
1173 1557 1248 1605 καὶ
1284 1558 1417 1616 Υὶοῦ,
1450 1557 1598 1618 δῆλον
1630 1552 1678 1604 δὲ
1719 1553 1789 1604 ὅτι
1827 1556 1903 1605 καὶ

308 1635 476 1700 Ἀγίου
505 1635 796 1699 Πνεύματος·
840 1636 922 1698 μία
958 1635 1051 1701 γὰρ
1088 1634 1250 1700 θεότης
1287 1638 1335 1686 ἐν
1367 1637 1478 1705 ἁγίᾳ
1503 1635 1672 1702 Τριάδι
1698 1636 1897 1686 πιστεύ-

311 1739 408 1767 εται
450 1719 525 1768 καὶ
572 1718 831 1786 δοξάζεταϊ
890 1718 1004 1786 φέρε
1048 1717 1104 1782 δὴ
1150 1718 1299 1769 πάλιν
1339 1718 1743 1780 διασκεπτώμεθα,
1784 1717 1903 1768 κατὰ

311 1800 415 1849 τίνα
450 1797 626 1864 τρόπον
657 1801 732 1850 καὶ
772 1800 900 1863 ἡμεῖς
938 1801 1068 1850 αὐτοὶ
1107 1803 1182 1851 καὶ
1217 1799 1337 1866 πρὸς
1372 1800 1616 1864 ἀλλήλους
1650 1800 1698 1850 ἓν
1729 1823 1899 1863 σωμα-

267 1885 449 1936 ὺτικῶς
500 1904 549 1932 τε
600 1884 675 1932 καὶ
726 1887 1050 1945 πνευματικῶς
1103 1884 1179 1933 καὶ
1229 1881 1348 1947 πρὸς
1396 1881 1521 1933 Θεὸν
1573 1881 1897 1948 εὑρισκόμεθα.

311 1964 479 2014 οὐκοῦν
507 1964 564 2032 ἐξ
597 1965 739 2028 αὐτῆς
774 1963 1069 2032 ἀναλάμψας
1103 1965 1212 2028 ἡμῖν
1237 1967 1320 2028 τῆς
1347 1970 1429 2015 τοῦ
1457 1968 1583 2015 Θεοῦ
1610 1966 1685 2014 καὶ
1713 1963 1905 2030 Πατρὸς

312 2045 476 2098 οὐσίας
513 2047 538 2096 ὁ
573 2045 867 2111 Μονογενὴς,
897 2049 971 2096 καὶ
1008 2045 1123 2096 ὅλον
1153 2045 1273 2113 ε”χων
1299 2047 1346 2096 ἐν
1374 2046 1466 2114 ἰδίᾳ
1501 2046 1648 2113 φύσει
1683 2045 1766 2096 τὸν
1792 2069 1899 2111 γεν-

312 2125 540 2190 νήσαντα,
568 2127 731 2193 γέγονε
767 2127 912 2196 σὰρξ,
946 2127 1065 2179 κατὰ
1099 2128 1183 2182 τὰς
1219 2127 1423 2196 γραφὰς,
1451 2127 1708 2193 ἀναμιγνὺς
1741 2126 1904 2194 ὥσπερ

310 2207 476 2259 ἑαυτὸν
499 2212 557 2276 τῇ
583 2209 782 2278 ἡμετέρᾳ
809 2210 967 2278 φύσει,
996 2210 1072 2260 διὰ
1100 2214 1180 2274 τῆς
1214 2211 1469 2278 ἀφράστου
1503 2209 1709 2261 συνόδου
1744 2233 1793 2261 τε
1827 2212 1901 2261 καὶ

309 2290 523 2344 ἑνώσεως
549 2294 630 2354 τῆς
657 2291 776 2357 πρὸς
802 2290 856 2342 τὸ
883 2296 1027 2355 σῶμα
1053 2294 1182 2343 τουτὶ
1206 2291 1260 2342 τὸ
1287 2291 1381 2342 ἀπὸ
1413 2294 1495 2355 τῆς
1527 2294 1627 2357 γῆς,
1656 2293 1776 2342 οὕτω
1802 2314 1851 2342 τε
1878 2293 1903 2342 ὁ

311 2371 456 2438 φύσει
497 2372 619 2426 Θεὸς
659 2371 975 2439 κεχρημάτικέ
1009 2396 1058 2423 τε
1103 2376 1177 2423 καὶ
1223 2373 1416 2438 γε’γονεν
1456 2375 1648 2437 ἀληθῶς
1692 2373 1902 2440 οὐράνιος

310 2453 571 2518 ἅνθρωπος,
608 2455 661 2504 οὐ
701 2453 929 2522 θεοφόρος
964 2453 1084 2505 κατά
1116 2478 1245 2508 τινας
1279 2459 1373 2505 τῶν
1404 2457 1608 2520 ἀκριβῶς
1643 2456 1695 2505 οὐ
1734 2455 1900 2506 συνε’ν-

310 2558 405 2586 των
436 2541 519 2586 τοῦ
557 2536 821 2601 μυστηρίου
859 2535 913 2587 τὸ
952 2535 1117 2597 βάθος·
1169 2538 1278 2587 ἀλλ’
1308 2539 1356 2587 ἐν
1387 2538 1541 2606 ταύτῷ
1579 2535 1702 2590 Θεός
1739 2559 1788 2587 τε
1828 2539 1904 2587 καὶ

309 2701 392 2761 τῆς
437 2698 670 2762 ἀλλήλων
712 2699 948 2767 ὁμοφυΐας
991 2699 1281 2768 ἐξεστηκότα
1323 2700 1599 2754 συνενώσας
1647 2699 1811 2765 ὥσπερ
1855 2702 1904 2750 ἐν

308 2781 473 2850 ἑαυτῷ,
501 2782 626 2834 θείοις
665 2780 721 2845 δὴ
765 2782 958 2849 φύσεως
991 2780 1212 2833 κοινωνόν
1244 2805 1293 2832 τε
1328 2783 1403 2832 καὶ
1437 2782 1641 2849 μέτοχον
1677 2781 1903 2850 ἀποδείξῃ

309 2900 435 2971 δῖ’-ξ.
461 2891 737 2938 τούτοις-ἁγίας
754 2904 823 2926 om.
845 2892 885 2926 E.
1020 2904 1072 2938 13.
1100 2894 1217 2937 ὥσπερ
1236 2898 1460 2937 assumptum
1479 2904 1519 2927 ex
1541 2892 1581 2927 E.
1713 2903 1769 2938 3²·
1797 2892 1836 2936 δὴ
1858 2892 1901 2927 Ε.

332 2953 345 2970 ε
383 2950 408 2971 ,ι
429 2964 436 2971 .

1926 1002 1973 1027 10

1924 1829 1973 1853 20

1924 2233 1974 2270 25

275 2616 557 2683 οᾶνθρωπος
588 2617 664 2680 ὧν,
693 2617 768 2668 ἵνα
802 2617 861 2668 τὰ
897 2616 1025 2669 πολὺ
1061 2619 1345 2685 διωρισμένα
1382 2618 1501 2669 κατὰ
1537 2617 1622 2682 τὴν
1649 2618 1800 2685 φύσιν
1827 2620 1902 2669 καὶ
1923 2638 1974 2673 30
