2001 3231
275 105 331 145 56
670 107 719 147 B.
754 107 1030 148 CYRILLI
1071 109 1455 150 ALEXANDR.
1691 106 1775 147 viii.
1795 118 1863 161 30.

275 212 498 278 γραμμὸν
526 216 602 266 καὶ
637 214 712 265 διὰ
746 215 926 268 τούτων
958 216 1125 279 διδοὺς,
1153 220 1228 268 καὶ
1264 218 1413 269 τύπον
1446 215 1611 268 ἑαυτὸν
1644 220 1741 270 τοῖς
1782 217 1866 279 τῆς

275 293 569 360 Ἐκκλησιάς
610 298 917 353 διδασκάλοις
956 301 1199 353 ἀνατιθείς.
1261 305 1297 351 εὶ
1339 299 1433 367 γὰρ
1473 302 1548 350 καὶ
1589 299 1654 363 μὴ
1692 296 1865 350 πάντες

278 379 542 447 ὠφελοῖντο
569 379 714 446 τυχὸν
740 380 872 430 ἕνεκά
905 404 958 446 γε
991 384 1074 445 τῆς
1101 386 1246 449 σφῶν
1271 383 1424 433 αὐτῶν
1449 381 1724 449 μοχθηρίας,
1751 379 1862 430 ἀλλ’

277 460 465 526 ἐπείπερ
505 460 624 515 εἰκὸς
665 460 943 513 ἀπόνασθαί
979 486 1108 516 τινας
1149 466 1231 526 τῆς
1272 465 1481 514 ἐντεῦθεν
1519 465 1745 525 σπουδῆς,
1782 461 1866 511 οὐκ

277 541 498 605 ὀκνητέον
535 545 641 609 περὶ
679 542 766 607 τὴν
797 548 892 594 τῶν
928 544 1274 612 συμφερόντων
1310 544 1566 613 ὑφήγησιν.
1619 565 1861 609 καταχων-
1886 559 1908 597 5

280 628 439 677 νῦντες
489 623 584 690 γὰρ
635 623 799 691 ὥσπερ
849 630 911 679 εἰς
961 625 1176 691 ἄκαρπον
1225 625 1414 690 σιωπὴν
1464 625 1518 677 τὸ
1570 624 1706 677 δοθὲν
1757 625 1867 688 ἡμῖν

235 704 530 768 ὒτάλαντον,
575 706 803 769 τουτέστι,
849 707 934 771 τὴν
986 707 1061 758 διὰ
1112 713 1195 759 τοῦ
1243 707 1519 771 Πνεύματος
1568 708 1720 775 χάριν,
1765 707 1863 756 κατ’

279 788 453 839 ἐκεῖνον
495 788 700 851 ἐσόμεθα
746 789 829 840 τὸν
867 789 1077 855 πονηρὸν
1116 790 1296 854 οἰκέτην
1335 790 1417 840 τὸν
1456 790 1624 854 ἀνέδην
1662 789 1868 855 λέγοντα

56 866 218 949 ῗὲἕαζῗ
279 872 346 938 τῷ
391 870 540 939 οἰκείῳ
585 870 796 940 δεσπότῃ
842 870 1076 923 αἸΗιδειν
1121 872 1193 923 ὅτι
1241 872 1455 938 σκληρὸς
1506 872 1754 938 ἅνθρωπος
1805 869 1862 933 εἷ,

60 961 110 993 25·
281 958 307 980 ‘⁶
334 951 524 1018 θερίζων
549 951 668 1003 ὅπου
703 954 784 1004 οὐκ
818 954 1053 1020 ἔσπειρας,
1081 957 1156 1005 καὶ
1183 954 1410 1020 συνάγων
1436 954 1543 1006 ὅθεν
1566 955 1619 1004 οὐ
1646 952 1863 1018 διεσκόρ-
1890 973 1939 999 10

280 1041 307 1062 “
332 1056 495 1093 πισας,
540 1037 615 1084 καὶ
664 1038 892 1103 φοβηθεὶς
943 1037 1195 1103 κατέχωσα
1241 1037 1295 1087 τὸ
1342 1036 1579 1088 τάλαντόν
1624 1058 1730 1087 σου.
1801 1035 1868 1086 ἰ’δε

280 1121 307 1144 “
334 1115 452 1182 ε”χεις
490 1115 544 1166 τὸ
584 1115 718 1169 σόν.”
772 1119 882 1167 ἀλλ’
917 1122 979 1171 εἷς
1019 1118 1116 1169 οἷον
1155 1120 1179 1168 ὁ
1219 1119 1340 1170 οὕτω
1382 1118 1534 1172 δειλὸς
1573 1118 1869 1185 κατέστρεψε

279 1196 430 1259 τέλος,
459 1201 534 1248 καὶ
571 1199 711 1248 ποίαν
747 1199 952 1267 ἐξῄτησε
986 1200 1131 1264 δίκην,
1159 1199 1278 1266 ἔγνω
1311 1224 1403 1252 που
1437 1200 1626 1254 πάντως
1661 1202 1686 1250 ὁ
1723 1205 1866 1267 φιλο-

281 1279 435 1344 μαθὴς
480 1285 576 1333 τοῖς
621 1282 944 1347 εὐαγγελικοῖς
990 1283 1076 1349 οὐχ
1127 1282 1265 1352 ἅπαξ
1311 1282 1574 1350 περιτυχὼν
1617 1280 1870 1348 συγγράμ-

283 1384 449 1425 μασιν.
506 1363 672 1413 οὐκοῦν
706 1364 851 1414 ἐκεῖνο
888 1364 1268 1428 διενθυμούμεθα,
1297 1366 1371 1415 καὶ
1406 1369 1662 1428 σκοπῶμεν
1696 1365 1865 1430 ὀρθῶς,
1894 1381 1941 1418 15

245 1445 346 1497 οὼς
384 1443 522 1495 ὄκνου
560 1443 647 1507 μὲν
686 1444 998 1513 ἀπηλλάχθαι
1037 1445 1267 1513 προσήκει
1306 1446 1496 1509 παντὸς,
1534 1452 1617 1497 τοῦ
1661 1444 1779 1511 πρὸς
1816 1445 1871 1496 τὸ

283 1528 452 1592 χρῆναι
504 1525 744 1577 διδάσκειν
794 1530 931 1596 φημὶ,
980 1527 1062 1579 τὸν
1113 1532 1175 1582 εἷς
1225 1533 1362 1579 τοῦτο
1413 1527 1872 1596 προκεχειρισμένον,

281 1606 539 1672 τρέπεσθαι
581 1607 630 1659 δὲ
671 1608 792 1676 πρὸς
833 1611 1087 1676 ὀλιγωρίας
1129 1611 1357 1674 οὐδαμῶς,
1398 1614 1435 1661 εὶ
1476 1612 1550 1661 καὶ
1594 1609 1659 1674 μὴ
1701 1609 1873 1663 πάντες

282 1694 380 1743 τοῖς
419 1691 529 1756 παρ’
571 1692 714 1742 αὐτοῦ
751 1692 1123 1743 καταπείθωνται
1162 1691 1338 1758 λόγοις,
1377 1694 1554 1760 χαίροις
1595 1691 1642 1743 δὲ
1681 1696 1873 1755 μᾶλλον

283 1772 355 1839 ἐφ’
404 1770 575 1839 οἷσπερ
627 1773 684 1824 ἂν
731 1774 855 1827 ὅλως
901 1775 1229 1840 ἀποκερδαίνοι
1273 1780 1446 1838 πονῶν,
1489 1778 1658 1826 ἐννοεῖν
1703 1774 1752 1825 δὲ
1796 1777 1872 1826 καὶ
1893 1797 1943 1822 20

283 1852 416 1917 μάλα
467 1855 733 1923 σωφρόνως
783 1854 1047 1907 ἀκόλουθον
1098 1855 1151 1907 τὸ
1202 1856 1277 1907 διὰ
1327 1863 1411 1908 τοῦ
1464 1860 1684 1921 Σωτῆρος
1741 1857 1874 1920 ἡμῶν

60 1930 222 1970 1b.x.24,
309 1940 319 1953 '
437 1936 448 1951 '
485 1959 493 1964 “
563 1938 682 1988 “Ο’
762 1937 783 1953 ”
967 1937 1078 1989 <9777x
1150 1938 1234 1989 ὑπέ
1302 1937 1385 1989 ‘fv
1424 1938 1717 1990 διδάσκαλον
1770 1938 1873 1990 οὐδὲ

62 1982 112 2013 25-
284 1958 526 2002 ειρημενον
662 1961 716 1988 υκ
754 1960 858 1989 εστι
897 1961 963 2001 μα
1012 1961 1025 2002 7
1070 1962 1110 2001 ps*
1234 1962 1264 2005 ρ
1332 1963 1356 1990 ο
1720 1980 1730 2000 ,

285 2025 311 2047 “
338 2021 509 2072 δοῦλος
546 2019 660 2086 ὑπὲρ
700 2018 783 2070 τὸν
816 2019 975 2086 κύριον
1014 2021 1174 2071 αὐτοῦ.
1229 2021 1425 2087 ἀρκετὸν
1462 2025 1529 2090 τῷ
1570 2025 1757 2088 μαθητῇ
1798 2021 1874 2072 ἵνα

240 2106 312 2149 d“
339 2100 528 2165 γένηται
573 2103 636 2154 ὡς
682 2103 706 2152 ὁ
753 2101 1042 2155 διδάσκαλος
1086 2103 1244 2165 αὑτοῦ,
1288 2104 1364 2152 καὶ
1411 2106 1477 2173 τῷ
1528 2102 1684 2172 δούλῳ
1736 2105 1799 2156 ὡς
1847 2104 1873 2153 ὃ

285 2188 310 2210 “
338 2181 494 2248 κύριος
520 2182 710 2234 αὐτοῦ.”
751 2187 789 2234 εἰ
823 2182 917 2250 γὰρ
948 2185 1001 2234 οὐ
1035 2182 1218 2238 πάντας
1252 2186 1276 2234 ὁ
1307 2184 1480 2250 Κύριος
1512 2186 1658 2235 πείθει
1685 2184 1762 2235 διὰ
1787 2184 1873 2248 τὴν
1894 2205 1943 2244 25

284 2267 378 2313 τῶν
417 2264 725 2330 ἀκροωμένων
761 2264 1023 2329 σκαιότητα
1061 2268 1137 2316 καὶ
1174 2267 1576 2333 σκληροκαρδίαν,
1614 2267 1683 2320 τίς
1727 2268 1872 2317 ἀσθε-

285 2351 456 2396 νοῦντα
482 2344 566 2396 τὸν
590 2348 699 2413 παρ’
728 2347 860 2410 ἡμῶν
885 2347 1146 2398 αἰτιάσεται
1172 2346 1335 2413 λόγον,
1363 2349 1511 2399 καίτοι
1546 2347 1875 2415 προαιρετικὴν

285 2429 575 2479 ἀπαιτοῦντα
602 2430 677 2479 καὶ
704 2430 786 2480 οὐκ
813 2428 870 2498 ἐξ
892 2427 1100 2495 ἀνάγκης
1124 2428 1210 2493 τὴν
1236 2429 1465 2493 σύνεσιν,

333 2607 366 2640 3.
391 2610 431 2641 γε
449 2607 519 2630 om.
538 2596 634 2631 Aub.
778 2597 810 2631 8.
838 2597 955 2641 ἀναιδῆ
977 2597 1018 2632 Β.
1037 2597 1235 2631 emendavit
1256 2597 1375 2631 Holst.
1534 2609 1585 2632 12.
1613 2600 1631 2632 ὁ
1649 2604 1875 2643 assumptum

286 2654 326 2675 ex
348 2642 377 2675 B
396 2654 436 2676 ex
457 2654 546 2677 corr.
762 2654 815 2687 15.
843 2645 948 2678 ἐκεῖνο
966 2644 1165 2678 emendavit
1183 2650 1222 2678 ut
1239 2644 1383 2678 adnotat
1401 2645 1474 2688 ipse
1492 2644 1585 2679 Aub.
1605 2645 1730 2679 ἐκεῖνον
1749 2645 1790 2678 Β.
1812 2645 1875 2680 Ht.

287 2693 469 2733 σκοπῶμεν
488 2690 529 2723 Β.
552 2689 616 2723 Ht.
636 2692 830 2734 σκοποῦμεν
848 2691 942 2725 Aub.
1177 2702 1230 2735 19.
1257 2691 1513 2725 καταπείθοντιιι
1533 2691 1574 2725 Β.
1596 2692 1660 2727 Ht.
1678 2691 1876 2725 emendavit

288 2735 382 2768 Aub.
470 2736 603 2780 χαίροις
623 2737 664 2770 Β.
683 2737 814 2782 χαίρειν
835 2737 897 2771 Ht.
919 2737 984 2772 Ed.
1159 2749 1213 2772 20.
1240 2738 1475 2782 ἅποκερδαίνοι
1496 2738 1537 2772 Β.
1555 2738 1789 2783 ἅποκερδαίνει
1806 2737 1874 2772 Ed.

289 2782 415 2815 Statim
433 2787 544 2817 πονῶν
562 2783 744 2818 emendavi
762 2796 780 2818 e
797 2785 997 2829 conjectura
1016 2784 1163 2819 Auberti
1180 2785 1269 2819 inter
1286 2792 1399 2819 notas.
1418 2787 1529 2819 πόνων
1547 2785 1614 2819 Ed.
