2022 3272
116 132 185 175 xii.
207 145 270 189 27,
294 137 357 177 28.
401 135 467 175 IN
502 135 545 175 S.
570 133 739 174 ιῘΟΛΝ.
806 131 1064 174 Llssfffll.
1131 130 1520 172 lvluxGJxIEN'lnx.
1625 128 1709 166 319

113 242 324 303 βλέπων,
342 241 770 309 ἀναιρεθησόμενόν
791 264 839 292 τε
861 245 1109 294 παντελῶς
1129 239 1184 290 τὸ
1205 242 1288 303 τῆς
1311 242 1496 307 φθορᾶς
1525 235 1709 302 κράτος,

112 324 538 395 ἀναμορφουμένην
573 347 621 375 τε
662 325 750 388 ἤδη
790 323 963 374 λοιπὸν
1001 322 1121 389 πρὸς
1162 321 1415 385 καινότητα
1460 318 1578 384 ζωῆς
1624 316 1711 380 τὴν

113 405 365 472 ἀνθρώπου
415 407 580 476 φύσιν,
625 409 879 473 μονονουχὶ
920 405 1041 471 πρὸς
1092 404 1176 455 τὸν
1222 402 1350 454 Θεὸν
1395 404 1472 453 καὶ
1516 398 1711 464 Πατέρα

112 488 324 539 τοιοῦτόν
357 512 401 539 τι
441 489 595 557 φησίν
622 488 862 554 Ὀκνηρὸν
897 487 995 551 μὲν,
1023 485 1060 537 ὦ
1097 486 1274 552 Πάτερ,
1301 483 1420 551 πρὸς
1454 483 1508 534 τὸ
1543 485 1712 534 παθεῖν

71 568 167 623 5τὸ
206 574 364 633 σῶμα,
392 572 507 621 δέδιε
547 570 595 621 δὲ
634 572 710 621 καὶ
749 569 831 621 τὸν
864 568 995 636 παρὰ
1034 569 1185 638 φύσιν
1215 568 1433 629 θάνατον,
1467 563 1599 615 α’λλά
1636 564 1712 613 καὶ

115 652 198 703 οὐκ
226 652 393 703 οἰστόν
419 676 519 706 πως
545 651 660 703 εἶναι
688 655 818 703 δοκεῖ
838 656 904 721 τῷ
938 652 1151 720 συνέδρω
1179 653 1255 702 καὶ
1282 655 1348 719 τῷ
1375 647 1495 700 κατὰ
1520 646 1713 699 πάντων
1731 652 1757 693 d

115 734 270 802 ε”χοντι
297 735 467 802 κράτος
492 740 588 789 τοῖς
615 740 710 786 τῶν
729 736 972 786 Ἰουδαίων
997 736 1388 800 ἐμπαροινεῖσθαι
1414 728 1711 794 τολμήμασι·

115 817 247 882 πλὴν
291 818 478 884 ἐπείπερ
525 819 733 886 ἀφῖγμαι
777 817 896 884 πρὸς
944 822 1099 879 τοῦτο,
1146 813 1332 885 δόξασόν
1375 839 1452 865 σου
1496 816 1564 864 τὸν
1605 811 1714 873 Ti‘w,

116 899 350 962 τουτέστι,
395 899 461 964 μὴ
513 898 818 968 διακωλύσῃς
864 898 995 950 ἰόντα
1037 896 1157 965 πρὸς
1210 896 1430 959 θάνατον,
1472 892 1715 960 συγκατά-

50 1004 98 1030 10
119 1005 289 1033 νευσον
327 986 394 1051 τῷ
436 986 511 1051 σῷ
557 980 814 1048 γεννήματι
856 980 932 1032 διὰ
969 981 1023 1032 τὸ
1063 985 1187 1032 πᾶσι
1226 978 1496 1031 λυσιτελές.
1556 976 1626 1027 ὅτι
1667 973 1715 1025 δὲ

117 1064 265 1134 δόξαν
296 1066 320 1115 ὃ
357 1063 728 1130 Εὐαγγελιστὴς
768 1066 844 1115 καὶ
883 1062 1079 1130 ἑτέρωθί
1107 1085 1201 1114 που
1236 1061 1319 1113 τὸν
1349 1059 1561 1127 σταυρὸν
1593 1059 1708 1109 ἀπε-

119 1147 268 1210 κάλει,
308 1147 507 1214 μαθήσῃ
558 1146 785 1213 λέγοντος
836 1147 978 1198 αὐτοῦ
1019 1153 1046 1175 “
1068 1146 1221 1196 Οὔπω
1271 1142 1365 1210 γὰρ
1416 1142 1474 1207 ἧν
1517 1145 1714 1204 Πνεῦμα
1776 1139 1902 1224 {512

120 1228 355 1296 “‘'Ayt0v‚
397 1229 467 1280 ὅτι
504 1228 695 1293 Ἰησοῦς
734 1229 915 1280 οὐδέπω
958 1227 1246 1297 ἐδοξάσθη.”
1307 1229 1482 1295 σαφῶς
1526 1223 1619 1290 γὰρ
1666 1223 1714 1273 ἐν

119 1311 302 1366 τούτοις
339 1310 394 1363 τὸ
433 1313 782 1377 ἐσταυρῶσθαι,
820 1309 875 1362 τὸ
914 1309 1201 1379 δεδοξάσθαι
1241 1309 1383 1378 φησί·
1445 1306 1564 1376 δόξα
1603 1305 1650 1356 δὲ
1691 1307 1715 1356 ὁ

53 1411 99 1450 15
121 1394 343 1461 σταυρός.
403 1398 441 1445 εἰ
486 1392 580 1460 γὰρ
620 1396 698 1445 καὶ
738 1395 843 1460 περὶ
885 1392 968 1444 τὸν
1006 1398 1089 1444 τοῦ
1127 1391 1307 1445 πάθους
1348 1389 1510 1456 καιρὸν
1548 1388 1716 1439 πολλὰ

121 1476 394 1546 ἐφύβριστα
439 1476 680 1540 ὑπέμεινεν
719 1474 1008 1545 ἀνεξικάκως
1054 1473 1186 1536 ἑκὼν,
1225 1474 1335 1524 ἀλλ’
1377 1472 1433 1541 ἐξ
1474 1469 1539 1522 ὧν
1579 1469 1756 1521 δυνά-ε

120 1581 259 1623 μενος
283 1557 349 1623 μὴ
375 1562 557 1621 παθεῖν,
587 1560 768 1622 ὑπέστη
805 1560 859 1609 δι’
889 1558 1010 1623 ἡμᾶς
1040 1557 1324 1609 ἐθελουσίως
1351 1553 1405 1606 τὸ
1432 1552 1604 1616 πάθος,
1633 1556 1717 1616 τῆς

122 1639 365 1707 ὑπεράγαν
402 1641 535 1692 ε”στιν
568 1642 931 1709 εὐσπλαγχνίας
970 1642 1045 1691 καὶ
1084 1642 1167 1704 τῆς
1206 1637 1432 1690 ἀνωτάτω
1473 1635 1629 1705 δόξης,
1662 1634 1717 1686 τὸ

122 1723 178 1774 δι’
207 1724 376 1774 ἄλλων
403 1722 641 1792 ὠφέλειαν
668 1724 936 1787 ὑποστῆναι
969 1729 1124 1774 τοῦτο.
1179 1720 1344 1788 γε’γονε
1380 1720 1429 1771 δὲ
1466 1721 1540 1770 καὶ
1576 1715 1716 1788 ἑτέρῳ

56 1834 106 1859 20
122 1805 285 1876 τρόπῳ
330 1807 379 1856 ἐν
424 1806 611 1875 εὐδοξίᾳ
657 1807 681 1857 ὁ
722 1805 851 1860 Υἱός.
924 1807 979 1857 δι’
1023 1804 1088 1856 ὧν
1127 1803 1222 1871 γὰρ
1267 1802 1590 1870 κατεκράτησε
1633 1807 1717 1853 τοῦ

123 1887 342 1952 θανάτου,
387 1888 594 1954 ε”γνωμεν
646 1886 790 1939 αὐτὸν
833 1887 949 1938 ὄντα
1001 1886 1123 1953 ζωὴν
1175 1889 1251 1937 καὶ
1297 1885 1415 1936 Υἱὸν
1458 1889 1584 1936 Θεοῦ
1633 1889 1717 1934 τοῦ

124 1970 310 2036 ζῶντος.
381 1969 624 2038 δοξάζεται
669 1969 717 2020 δὲ
763 1971 788 2019 6
834 1967 1018 2035 Πατὴρ,
1067 1968 1181 2019 ὅταν
1230 1968 1455 2036 φαίνηται
1505 1971 1718 2017 τοιοῦτον

124 2052 246 2120 ἔχων
284 2050 402 2103 Υἱὸν
441 2052 499 2121 ἐξ
539 2052 707 2102 ἑαυτοῦ
750 2050 1047 2117 γεννηθέντα,
1087 2048 1247 2104 ὁποῖός
1294 2051 1397 2100 ἐστι
1439 2050 1514 2100 καὶ
1556 2047 1711 2102 αὐτός,

173 2207 252 2244 2—5.
277 2198 667 2245 ἅναμορφουμένην-τὸ
692 2201 791 2243 σῶμα
817 2197 1055 2233 c.C01·d.1<a‘t
1081 2198 1141 2242 τὴν
1164 2197 1342 2242 ἀνθρώπου
1366 2196 1476 2242 φύσιν
1499 2195 1716 2241 ἆναμορφου-

125 2261 226 2291 μενην
243 2246 303 2290 ἤδη
327 2248 448 2280 λοιπὸν
464 2247 551 2290 πρὸς
573 2247 749 2289 καινότητα
775 2247 869 2289 ζωῆς,
885 2246 972 2291 πρὸς
994 2246 1053 2279 τὸν
1071 2247 1157 2279 Θεὸν
1175 2246 1228 2278 καὶ
1246 2244 1383 2288 Πατερα
1406 2244 1516 2289 φησὶν
1535 2242 1719 2287 μονονουχί

129 2293 326 2346 [μονονουχὶ
343 2294 428 2337 πρὸς
445 2293 503 2327 τὸν
521 2293 607 2326 Θεὸν
624 2307 679 2326 και
694 2292 822 2337 πατέρα
839 2293 950 2338 φησιν
967 2304 996 2326 a.
999 2293 1035 2326 k.
1040 2290 1054 2337 ]
1075 2292 1115 2326 EZ
1141 2306 1195 2325 και
1219 2292 1360 2335 ὀκνηρὸν
1381 2292 1420 2324 τὸ
1446 2293 1545 2334 σῶμα
1569 2291 1654 2334 πρὸς
1679 2290 1717 2323 τὸ

126 2339 283 2375 παθεῖν
264 2345 289 2373 ὠ
306 2341 412 2383 πάτερ
431 2340 516 2373 Nik.
536 2339 604 2373 Ed.
772 2351 806 2384 3.
832 2340 891 2373 τὸν
909 2351 978 2373 om.
998 2351 1028 2373 c.
1196 2348 1229 2383 5.
1257 2338 1383 2372 δέδειεν
1401 2349 1431 2371 C.
1599 2336 1632 2370 6.
1659 2336 1719 2370 οὐκ

127 2387 366 2421 olo-r6va.c..k
386 2386 492 2420 Cord.
511 2387 575 2431 οὐχ
593 2385 663 2420 οιόν
682 2385 759 2420 Cat.
778 2386 879 2421 Harl.
899 2385 966 2420 Ed.
1123 2384 1156 2425 6,
1177 2394 1210 2430 7.
1236 2382 1546 2442 τῴ-τολμτᾷμασι]
1566 2398 1636 2418 τοις
1653 2387 1720 2417 τῶν

125 2432 298 2468 Ἰουδαίων
314 2433 590 2477 εμπαροινεῖσθαί
605 2447 647 2477 με
664 2432 861 2476 τολμήμασι
877 2433 937 2467 τὸν
954 2433 1017 2467 σὸν
1034 2431 1200 2474 σύνεδρον
1217 2433 1270 2466 καὶ
1287 2432 1326 2466 τὸ
1344 2431 1427 2464 κατὰ
1443 2431 1577 2464 πάντων
1593 2430 1719 2474 ἔχοντα

128 2481 251 2523 κράτος
268 2480 354 2514 Nik.
373 2479 441 2515 Ed.
549 2480 582 2513 8.
610 2494 674 2513 σου
692 2491 762 2514 om.
782 2480 818 2513 k.
838 2491 1012 2524 suprascr.
1032 2478 1110 2513 Cat.
1131 2478 1232 2512 Harl.
1329 2489 1363 2522 9.
1391 2477 1523 2511 Partim
1541 2476 1720 2510 abbreviat

130 2526 263 2561 Catena
289 2525 390 2560 Svec
414 2525 614 2571 supradicta
638 2526 698 2560 sol.
720 2535 797 2570 135.
823 2526 859 2559 in
886 2526 983 2559 Maio
1009 2537 1043 2570 p.
1062 2524 1126 2580 136
1153 2525 1214 2559 fin.
1240 2524 1398 2559 τουτέστι
1422 2524 1467 2567 μὴ
1494 2523 1534 2566 δὴ
1560 2522 1720 2565 κωλύσῃς

129 2573 222 2607 ἶόντα
238 2573 324 2618 πρὸς
340 2572 493 2612 θάνατον,
512 2572 603 2606 ἀλλὰ
621 2574 898 2617 συγκατάνευσον
915 2573 970 2606 διὰ
992 2573 1030 2605 τὸ
1053 2573 1139 2606 πᾶσι
1161 2570 1354 2606 λυσιτελες·
1382 2571 1466 2613 δόξα
1483 2570 1548 2614 γὰρ
1566 2571 1720 2613 Χριστοῦ

130 2621 148 2654 ὁ
169 2621 326 2664 σταυρός·
348 2619 523 2661 δοξάζεται
541 2619 578 2652 δὲ
596 2633 649 2652 και
666 2619 788 2662 πατὴρ,
806 2618 886 2653 ὅταν
904 2619 1064 2663 φαινηται
1082 2619 1155 2660 (sz
1175 2629 1231 2657 22,
1247 2628 1301 2661 23,
1317 2627 1398 2661 320,
1415 2616 1448 2659 1)
1461 2618 1615 2649 τοιοῦτον
1632 2615 1721 2659 ἔχων

128 2668 188 2701 τὸν
212 2666 250 2709 ἐξ
275 2667 394 2700 ἑαυτοῦ
420 2666 537 2700 ὁποῖός
560 2679 624 2709 περ
649 2665 814 2709 ὑπάρχειν
838 2665 938 2700 αὐτὸς
962 2665 1156 2707 ὑπονοῆται·
1195 2665 1271 2698 ἔστι
1302 2664 1338 2696 δέ
1363 2663 1490 2707 ἀγαθὸς
1515 2663 1568 2695 καὶ
1595 2662 1720 2706 φιλάν-

130 2713 276 2757 θρωπος,
295 2714 371 2757 φῶς
388 2726 441 2745 και
460 2713 525 2755 ζωὴ
544 2726 597 2745 και
615 2711 784 2756 φθορᾶς’
766 2711 919 2755 αμείνων.
979 2711 1077 2744 Haec
1096 2710 1236 2743 exhibet
1254 2710 1371 2754 paullo
1389 2709 1481 2743 infra
1499 2708 1565 2742 Sub
1585 2720 1655 2742 ver.
1675 2719 1718 2752 32

130 2759 287 2805 (Maium
304 2758 470 2804 sequens)
492 2758 628 2802 Migne.
842 2769 895 2802 13.
923 2757 1054 2791 οὐδέπω
1073 2757 1176 2791 amck
1196 2755 1302 2789 Cord.
1321 2758 1413 2790 οὔπω
1433 2755 1510 2789 Cat.
1531 2755 1632 2788 Haxl.
1650 2754 1719 2789 Ed.

135 2817 190 2848 14.
215 2806 400 2850 ἐδοξάσθαι
420 2804 566 2849 (elrore)
586 2804 680 2839 Aub.
700 2804 794 2838 unde
812 2804 983 2848 ἐδοξάσθη
1002 2802 1164 2838 emendat
1184 2803 1320 2848 Migne.
1492 2812 1544 2844 15.
1572 2801 1625 2835 καὶ
1642 2802 1721 2845 περὶ

134 2853 212 2887 Cat.
234 2852 332 2886 Harl.
351 2853 405 2886 καὶ
421 2853 513 2896 παρὰ
530 2864 560 2885 a.
564 2852 600 2886 k.
619 2851 738 2896 καίπερ
756 2852 838 2886 κατὰ
858 2851 1003 2895 (errore)
1023 2850 1117 2884 Aub.
1236 2851 1289 2884 16.
1315 2847 1475 2893 ὑπεμεινα
1492 2849 1528 2882 k.
1595 2847 1722 2882 Statim

132 2899 335 2942 ἀνεξικακῶν
353 2898 498 2944 (errore)
519 2898 613 2933 Aub.
787 2909 842 2933 20.
868 2897 988 2942 ἀδοξίᾳ
1008 2897 1088 2942 (Sic)
1107 2897 1142 2931 k.
1315 2907 1371 2930 21.
1396 2894 1492 2941 Υἱὸν]
1516 2899 1552 2936 -1-
1573 2897 1634 2929 τοῦ
1651 2895 1722 2930 a.k.

136 2956 192 2991 23.
217 2946 433 2991 γεννηθέντος
451 2946 532 2990 (Sic)
552 2946 587 2980 k.
