2037 3266
288 125 373 165 396
690 128 741 170 B.
773 127 1045 171 CYRILLI
1086 131 1465 173 ALEXANDR‚
1700 129 1787 170 xiii.
1807 127 1874 182 38·

289 237 363 284 καὶ
396 236 420 284 ὁ
451 238 533 299 τῆς
564 236 768 303 Μάρθας
795 240 1013 305 τέθνηκεν
1039 241 1263 310 ἀδελφὸς,
1292 245 1414 311 φημὶ
1442 242 1498 307 δὴ
1524 241 1607 293 τὸν
1634 239 1871 306 Λάζαρον,

65 308 179 381 {iupssss
248 336 269 362 e
288 316 409 381 ε”γνω
444 317 591 368 πάλιν
618 322 680 373 ὡς
713 321 848 383 Θεὸς,
875 320 973 373 εἶτα
1009 322 1136 388 λέγει
1171 329 1268 378 τοῖς
1301 328 1529 388 μαθηταῖς
1557 331 1582 353 “
1600 322 1815 388 Λάζαρος
1850 321 1875 370 ὃ

289 405 315 427 “
342 399 486 466 φίλος
537 401 669 464 ἡμῶν
713 404 996 468 κεκοίμηται,
1040 405 1172 456 αλλὰ
1214 406 1471 472 πορεύομαι
1517 406 1592 456 ἵνα
1635 403 1874 473 ἐξυπνίσω

287 487 314 509 “
342 480 528 532 αὑτόν.”
593 483 713 549 πρὸς
764 485 813 535 δε
863 486 1002 537 τοῦτό
1050 493 1203 555 φασιν
1247 490 1380 557 ἐξα
1351 487 1539 554 ἀγάπης
1583 491 1625 538 Οἱ
1668 485 1879 549 μαθηταί

65 559 117 591 lb.
137 561 165 591 8.
288 570 314 591 ‘⁶
344 566 450 613 Νῦν
501 564 688 630 ἐζήτουν
739 589 797 616 σε
842 567 1058 619 Ἰουδαῖοι
1109 569 1320 633 λιθάσαι,
1365 594 1441 621 και
1490 569 1637 621 πάλιν
1682 567 1874 632 ὑπάγεις
1893 579 1916 617 5

289 651 315 673 “
341 646 488 705 ἐκεῖ;”
529 647 844 710 ἀνισταμένου
871 647 920 699 δὲ
946 655 1030 700 τοῦ
1054 655 1287 716 Χριστοῦ,
1315 655 1390 702 καὶ
1415 651 1469 702 τὸ
1496 655 1664 719 χρῆναι
1687 648 1874 704 πάντως

285 727 359 777 ἐπὶ
385 726 471 790 τὴν
490 732 584 778 τῶν
604 729 843 780 Ἰουδαίων
871 732 1201 796 ὑπονοστῆσαι
1227 735 1388 801 χώραν
1416 732 1799 796 διακελευομένου
1824 755 1874 782 τε

64 808 114 840 Ib.
132 808 180 841 16.

286 810 361 858 καὶ
387 808 625 875 λέγοντος·
655 818 681 840 “
699 815 878 876 Θωμᾶς
904 815 929 864 ὁ
957 815 1212 880 λεγόμενος
1230 817 1438 879 Δίδυμος
1463 821 1559 869 τοῖς
1586 815 1755 881 ἑτέροις
1782 814 1874 881 ἔφη

287 895 673 956 “συμμαθηταῖς
706 891 938 959 ἸΑγωμεν
980 900 1055 947 καὶ
1107 898 1251 962 ἡμεῖς,
1295 898 1371 949 ἵνα
1421 897 1732 960 ἀποθάνωμεν
1773 897 1871 960 μετ’

301 973 531 1025 ‘a6r013.’'
578 981 791 1026 τοιοῦτον
826 975 959 1038 οἶμαί
991 1001 1035 1029 τι
1074 981 1150 1030 καὶ
1187 980 1270 1030 τὸν
1307 985 1402 1031 τῶν
1431 980 1615 1045 Πέτρου
1652 977 1875 1046 ῥημάτων
1897 997 1945 1022 10

286 1055 464 1105 ὠδίνειν
503 1056 704 1108 σκοπόν.
765 1058 908 1110 οἴεται
947 1060 1042 1126 γὰρ
1080 1061 1210 1124 ἴσως,
1248 1061 1459 1128 καθάπερ
1498 1061 1587 1125 ἤδη
1626 1065 1870 1128 προεῖπον,

239 1141 266 1181 (1
285 1138 670 1203 ἁποδραμεῖσθαί
691 1163 772 1190 ποι
799 1143 1144 1211 διακηρύξοντα
1170 1143 1253 1194 τὸν
1271 1143 1476 1207 Ἰησοῦν,
1498 1147 1573 1194 καὶ
1598 1142 1875 1194 κινδυνεύειν

284 1217 428 1270 αὑτὸν
461 1222 571 1287 παρ’
601 1223 805 1276 ἐκείνοις·
848 1223 924 1274 διὰ
964 1230 1102 1276 τοῦτο
1141 1228 1217 1276 καὶ
1255 1225 1408 1288 αὐτὸς,
1435 1228 1621 1292 ἐπείπερ
1660 1227 1789 1276 ἐστὶν
1821 1225 1879 1293 ἐξ

283 1301 472 1367 ἀγάπης
511 1302 780 1367 ἀκάθεκτος,
817 1305 1004 1373 ἄμαχόν
1043 1330 1147 1357 τινα
1185 1311 1259 1358 καὶ
1300 1310 1751 1374 δυσανταγώνιστον
1790 1307 1875 1372 τὴν

283 1389 346 1438 εἷς
386 1391 526 1436 τοῦτο
567 1388 835 1452 προθυμίαν
875 1388 1024 1440 οἴσειν
1062 1390 1429 1456 ἐπαγγέλλεται,
1469 1390 1602 1441 οὐδὲν
1641 1391 1706 1441 ἔτι
1746 1414 1870 1441 παν·
1894 1407 1941 1444 15

283 1471 433 1520 τελῶς
480 1469 820 1537 ὑπολελεῖφθαι
867 1471 1022 1536 λέγων
1067 1471 1121 1522 τὸ
1169 1473 1443 1524 διακωλύειν
1487 1474 1674 1540 ἰσχύον,
1725 1474 1874 1523 καίτοι

283 1549 482 1600 ἕπεσθαι
521 1552 616 1601 δεῖν
653 1552 898 1617 ᾑρημένον,
935 1554 1123 1620 ἐπείπερ
1161 1556 1286 1624 αὐτῷ
1323 1557 1399 1606 καὶ
1437 1554 1750 1621 προτεθνάναι
1790 1560 1873 1606 τοῦ

283 1632 580 1683 διδασκάλου
619 1632 816 1687 σκοπός.

215 1804 582 1864 38ἈΠοκρὺἚται
638 1811 660 1851 ὁ
708 1811 872 1852 ἸΗσοῦο
928 1813 1017 1854 ’Τὴν
1066 1816 1201 1869 ψυχήν
1257 1830 1330 1857 σου
1385 1816 1491 1872 ὑπὲρ
1545 1817 1648 1864 ἐμοῦ
1702 1817 1871 1868 Θήσεω;

245 1904 266 1930 e
353 1890 466 1939 ἀμήν
516 1892 628 1941 ἁμήν
679 1895 792 1941 Akra)
841 1911 919 1946 σοι,
969 1898 1017 1938 οὐ
1065 1897 1121 1946 μή
1174 1899 1372 1956 ἀλέκτοη)
1426 1901 1635 1955 ᾳπονήσει,
1684 1902 1768 1941 {axz
1823 1898 1870 1941 οὗ
1894 1914 1945 1939 20

351 1974 581 2033 ἀπαρνήσῌ
619 1993 670 2025 με
708 1977 815 2034 τρὼ.

360 2084 569 2150 Μείζονα
602 2085 687 2148 μὲν
714 2085 742 2150 ἢ
779 2089 885 2139 καθ’
916 2089 1081 2140 ἑαυτὸν
1112 2092 1137 2140 ὁ
1172 2092 1352 2157 Πέτρος
1386 2090 1753 2158 ἐπαγγέλλεται,
1784 2091 1873 2143 κᾶν

283 2164 580 2233 ἀξιάγαστον
619 2168 704 2235 ἔχῃ
743 2168 828 2232 τὴν
867 2171 941 2221 ἐπὶ
981 2172 1133 2240 τούτῳ
1172 2173 1403 2238 σπουδήν·
1455 2180 1537 2225 τοῦ
1576 2174 1727 2239 γεμὴν
1756 2177 1867 2225 ἐσο-

283 2247 425 2310 με’νου
463 2253 692 2314 χειμῶνος
729 2250 783 2300 τὸ
823 2252 1020 2315 ἀμειδές,
1052 2257 1128 2303 καὶ
1167 2255 1426 2306 δύσοιστον
1459 2262 1541 2307 τοῦ
1579 2264 1868 2323 πειρασμοῦ,

285 2330 360 2378 καὶ
387 2334 470 2378 τοῦ
498 2332 708 2394 διωγμοῦ
743 2330 797 2382 τὸ
832 2332 1029 2398 μέγεθος
1060 2335 1286 2399 ἐννοήσας
1314 2339 1338 2387 ὁ
1366 2338 1592 2403 Χριστὸς,
1619 2342 1870 2407 μονονουχὶ
1893 2355 1942 2394 25

61 2426 147 2462 ’159
162 2427 212 2461 A.
244 2434 267 2459 a
286 2411 523 2460 κατασείει
548 2411 635 2475 τὴν
661 2413 891 2481 κεφαλὴν,
920 2414 1035 2466 ὅλον
1062 2416 1110 2467 δὲ
1136 2418 1301 2485 ὥσπερ
1326 2420 1374 2469 ἐν
1400 2420 1670 2489 ὀφθαλμοῖς
1697 2421 1865 2472 ἀπλώ-

285 2512 378 2543 σας
401 2489 455 2540 τὸ
481 2489 645 2553 πάθος,
673 2495 747 2542 καὶ
772 2495 855 2557 τῆς
882 2494 1121 2546 Ἰουδαίων
1148 2496 1305 2551 ἀνοίας
1332 2500 1577 2565 θεωρήσας
1612 2499 1697 2564 τὴν
1725 2502 1868 2567 ὑπερ-

284 2571 455 2636 βολὴν,
481 2575 815 2638 διασκοπήσας
842 2576 890 2626 δὲ
922 2575 980 2626 τὰ
1015 2577 1220 2640 ἐσόμενα
1247 2581 1345 2630 κατ’
1374 2582 1518 2632 ἐκεῖνο
1544 2587 1719 2649 καιροῦ,
1746 2582 1870 2650 τάχα

284 2676 329 2703 τι
363 2660 574 2705 τοιοῦτον
608 2657 851 2724 ἀναφωνεῖ
874 2656 954 2717 Τὴν
985 2654 1154 2729 ψυχὴν,
1183 2658 1219 2710 ὦ
1247 2659 1412 2728 Πέτρε,
1439 2661 1542 2732 ὑπὲρ
1579 2665 1684 2730 ἐμοῦ
1715 2664 1865 2729 τίθης,

284 2736 360 2784 καὶ
411 2734 465 2785 τὸ
516 2737 660 2799 μηδὲν
705 2735 819 2788 εἶναι
865 2738 962 2806 φῂς
1007 2739 1090 2791 τὸν
1135 2744 1209 2792 ε’πὶ
1254 2743 1406 2813 τούτῳ
1451 2743 1642 2812 φόβον,
1696 2744 1768 2796 ὅτι
1818 2768 1867 2796 τε
1890 2758 1942 2796 30

335 2884 387 2919 17
412 2876 595 2922 ᾑρημένον]
620 2879 756 2923 Repetit
774 2881 1177 2926 προθυμίαν--ἡρημενον
1193 2896 1210 2917 e
1229 2896 1335 2929 supra
1354 2885 1394 2919 E.
1556 2896 1608 2928 19.
1634 2885 1867 2930 Ἀποκρίνεται

320 2920 528 2967 ΠΛπεκρίθη
547 2940 587 2958 αι
590 2940 635 2958 τω
656 2926 722 2961 Ed.
869 2939 923 2963 20.
950 2929 989 2962 ἂν
1007 2941 1070 2973 pro
1089 2929 1127 2963 οῦ
1146 2930 1186 2964 Ε.
1333 2943 1388 2975 29.
1414 2932 1516 2967 τίθεις
1534 2932 1666 2977 Migne.
