2037 3266
341 119 425 160 596
742 120 793 162 B.
826 120 1097 162 CYRILLI
1139 123 1520 163 ALEXANDR.
1765 136 1833 161 xv.
1855 132 1920 160 20.

340 234 367 256 “
387 226 682 294 ἐκομισάμην
718 228 776 281 ἂν
807 229 861 282 τὸ
900 231 1012 294 ἐμὸν
1050 231 1143 283 σὺν
1177 231 1341 302 τόκῳ.”
1383 232 1525 298 ὅνπερ
1560 231 1653 299 γὰρ
1677 230 1854 298 τρόπον
1880 232 1923 280 οὶ

338 309 458 375 πρὸς
508 309 567 361 τὰ
610 314 692 374 τῆς
735 314 963 377 γηπονίας
1014 313 1129 379 ἔργα
1180 314 1576 379 γεγυμνασμένοι,
1628 315 1705 364 καὶ
1753 317 1922 364 τοῦτον

338 391 522 458 ἔχοντες
562 391 645 443 τὸν
683 393 883 456 σκοπὸν,
922 394 1256 457 ἀνατέμνοντες
1299 401 1395 450 τοῖς
1435 395 1648 462 ἀρότροις
1690 394 1777 459 τὴν
1814 397 1919 460 γῆν,

338 472 436 524 εἶτα
474 478 540 543 τῷ
579 475 726 544 βώλῳ
760 474 842 526 τὸν
869 475 1054 542 σπόρον
1080 477 1392 544 ἐγχώσαντες,
1420 477 1568 528 οὐκέτι
1605 482 1705 531 ταῖς
1744 478 1921 527 ἑαυτῶν

339 557 593 622 ἐμπειρίαις
628 557 918 620 ἀπονέμουσι
945 557 1002 608 τὰ
1028 558 1189 621 λοιπὰ,
1217 563 1275 627 τῇ
1304 559 1352 610 δὲ
1380 561 1479 628 θείᾳ
1515 564 1704 622 μᾶλλον
1733 557 1913 624 ἐπιτρέ-
1940 576 1962 613 5

340 660 487 688 πουσι
525 638 713 701 δυνάμει
752 641 826 688 καὶ
864 639 1031 705 χάριτι,
1059 640 1113 690 τὸ
1151 640 1351 707 ῥιζῶσαί
1378 645 1500 708 φημι
1531 641 1585 691 τὸ
1620 638 1920 704 καταβληθὲν

116 727 258 763 902A
301 738 323 763 a
402 721 415 737 ⁸
484 723 493 736 ’
694 720 706 734 ⁸
799 722 810 737 ’
950 721 962 737 ²
1122 721 1134 735 “
1247 722 1257 740 '
1395 742 1404 751 ·
1507 724 1528 741 ‘²
1685 720 1703 741 ³
1878 726 1897 734 ⁶

263 753 271 764 ·
342 741 417 769 και
458 743 520 773 εις
562 742 742 784 καρπον
784 725 1050 790 αναθρεψαι
1089 745 1171 773 τον
1209 731 1388 773 τελειον
1472 746 1619 776 ουτως
1657 744 1784 784 οιμαι
1826 725 1920 772 δειν

289 1457 315 1497 b

115 2433 127 2453 1
143 2424 216 2455 Cor.
230 2424 272 2455 iv.

116 2477 163 2503 10,
181 2475 228 2498 11.

113 2694 161 2724 Ib.
181 2702 230 2733 13.

339 799 421 850 τὸν
453 805 546 850 τῶν
576 802 846 862 βελτίστων
883 803 1139 869 εἰσηγητὴν
1178 805 1406 869 διανέμειν
1443 804 1598 869 μόνως
1636 802 1718 855 τὸν
1757 802 1919 869 λόγον,

338 884 514 949 ἐφεῖναι
541 882 689 948 γεμὴν
715 883 774 933 τὰ
803 884 951 935 λοιπὰ
976 888 1042 954 τῷ
1070 889 1193 954 Θεῷ.

413 963 672 1029 Φάρμακον
704 966 784 1015 οὖν
815 966 907 1032 ἄρα
941 969 1262 1036 μικροψυχίας
1293 992 1342 1020 τε
1381 969 1456 1019 καὶ
1496 969 1688 1032 ἀκηδιάς
1728 964 1920 1017 λυτικὸν
1944 989 1991 1014 10

337 1043 498 1110 ἐπάγει
537 1051 632 1099 τοῖς
672 1049 837 1098 ἑαυτοῦ
875 1052 1105 1112 μαθηταῖς
1137 1051 1162 1100 ὁ
1199 1050 1382 1116 Σωτὴρ,
1422 1053 1497 1101 καὶ
1536 1049 1621 1114 τὴν
1658 1051 1732 1100 ἐπὶ
1769 1049 1919 1117 τούτῳ

336 1128 630 1193 παραίνεσιν.
704 1128 769 1192 μὴ
822 1129 914 1195 γὰρ
967 1130 1024 1194 δὴ
1070 1137 1323 1190 κατοκνεῖν,
1371 1134 1536 1200 φησὶν,
1589 1130 1761 1182 ἕλεσθέ
1804 1152 1919 1181 ποτε

337 1209 576 1260 διδάσκειν
601 1211 680 1272 ἔτι,
708 1213 782 1261 καὶ
818 1215 854 1262 εἰ
888 1217 982 1263 τῶν
1014 1212 1149 1282 ἅπαξ
1178 1214 1576 1278 νενουθετημένων
1607 1212 1725 1266 τινὲς
1757 1213 1920 1263 οὐδένα

335 1296 543 1342 ποιοῖντο
568 1295 652 1356 τῆς
679 1294 897 1357 δοθείσης
922 1295 1078 1349 αὐτοῖς
1098 1297 1407 1349 διδασκαλίας
1429 1294 1511 1346 τὸν
1533 1295 1697 1360 λόγον·
1736 1296 1919 1359 ἀπαρα-

335 1373 523 1426 δέκτους
562 1373 609 1424 δὲ
653 1374 783 1440 παρὰ
827 1381 1030 1430 πολλοῖς
1072 1381 1146 1427 καὶ
1192 1377 1275 1431 τὰς
1324 1377 1438 1439 ε’μάς
1484 1377 1588 1428 ἔσθ’
1636 1376 1711 1427 ὅτε
1757 1374 1918 1443 φωνὰς
1945 1392 1988 1430 ¹5

336 1455 643 1519 εὑρίσκοντες,
670 1455 734 1519 μὴ
769 1460 851 1520 τῆς
881 1460 993 1521 ἐμῆς
1029 1460 1354 1524 ὑπερτείνεσθε
1394 1459 1548 1527 δόξης,
1577 1461 1663 1508 κάν
1690 1456 1841 1526 τούτῳ
1869 1455 1918 1506 δὲ

334 1536 482 1587 πάλιν
508 1536 705 1588 κατόπιν
731 1538 961 1601 μένοντες,
988 1540 1042 1589 τὸ
1070 1543 1325 1602 δυσθυμεῖν
1352 1541 1709 1603 ἀποπέμπεσθε.
1765 1541 1914 1604 ἀναγ-

335 1617 556 1683 καιοτάτη
596 1619 644 1669 δὲ
683 1620 861 1671 τούτων
888 1621 914 1684 ἡ
946 1621 1153 1685 μάθησις
1193 1621 1249 1686 ἧν
1280 1627 1376 1676 τοῖς
1415 1623 1563 1687 ἁγίοις
1603 1621 1913 1682 ἀποστόλοις,

335 1700 521 1766 ἐπείπερ
567 1701 771 1763 ε”μελλον
817 1703 1112 1771 διακηρύξειν
1154 1708 1250 1758 τοῖς
1294 1706 1543 1771 ἀπανταχῆ
1584 1702 1666 1754 τὸν
1705 1703 1827 1754 θεῖόν
1867 1726 1916 1754 τε

335 1783 409 1831 καὶ
435 1782 671 1848 σωτήριον
702 1782 864 1849 λόγον.
917 1787 992 1835 καὶ
1032 1791 1148 1851 γοῦν
1175 1787 1199 1835 ὁ
1227 1785 1482 1839 θεσπέσιος
1511 1790 1719 1847 Παῦλος,
1748 1783 1827 1835 ἅτε
1860 1784 1915 1847 δὴ
1940 1809 1989 1834 20

333 1861 452 1928 πρὸς
503 1864 785 1929 ἀποστολὴν
830 1866 905 1916 διὰ
951 1871 1169 1933 Χριστοῦ
1211 1867 1664 1935 προκεχειρισμένος,
1710 1866 1917 1920 τοιοῦτός

334 1966 404 1996 τις
443 1945 553 2008 ἡμῖν
583 1947 789 2012 γεγονὼς
829 1950 1148 2016 κατεφαίνετο,
1177 1952 1251 1999 καὶ
1291 1949 1366 2000 διὰ
1404 1952 1487 2013 τῆς
1526 1951 1573 2000 ἐν
1611 1949 1790 2002 τούτοις
1828 1950 1914 1999 ἀν-

336 2026 487 2091 δρείας
513 2027 761 2094 ἐρχόμενος
794 2031 958 2096 ὁρᾶται
993 2031 1249 2086 πολλάκις·
1300 2031 1369 2082 ὅτι
1402 2031 1495 2097 γάρ
1530 2034 1605 2082 καὶ
1638 2031 1917 2099 φιλοδοξίας

337 2112 651 2176 καταφρονεῖν
693 2109 808 2179 ᾤετο
854 2116 961 2174 δεῖν,
1004 2115 1195 2178 ἀλογεῖν
1241 2112 1290 2163 δὲ
1332 2112 1526 2181 σφόδρα
1567 2115 1641 2163 καὶ
1683 2115 1916 2177 διωγμῶν,

337 2191 534 2240 ἐποιεῖτο
574 2191 622 2241 δὲ
661 2195 765 2258 περὶ
805 2199 994 2244 πολλοῦ
1040 2197 1115 2245 καὶ
1155 2193 1208 2245 τὸ
1254 2194 1319 2258 μὴ
1359 2196 1467 2244 λίαν
1506 2196 1712 2244 ἐκκακεῖν
1750 2196 1838 2256 καὶ,
1878 2193 1986 2253 ε’ί25

335 2293 427 2320 που
454 2271 571 2325 τινες
600 2272 724 2327 ὅλως
750 2274 833 2341 τὸν
860 2275 995 2343 ἅπαξ
1026 2277 1182 2329 αὐτοῖς
1215 2275 1659 2342 ἐγκατεσπαρμένον
1686 2276 1739 2325 οὐ
1763 2297 1911 2340 παρε-

336 2352 531 2419 δέξαντο
570 2353 731 2419 λόγον,
770 2353 932 2423 ῥᾴδιον
971 2356 1210 2424 ἐπιδεῖξαι.
1283 2356 1455 2423 γράφει
1495 2355 1587 2423 γὰρ
1626 2355 1744 2422 πρός
1786 2379 1914 2409 τινας

336 2441 362 2462 “
388 2435 548 2497 ’Υμεῖς
579 2436 799 2503 φρόνιμοι
825 2439 873 2487 ἐν
901 2441 1114 2506 Χριστῷ,
1144 2439 1271 2501 ἡμεῖς
1311 2438 1358 2489 δέ
1396 2442 1542 2504 μωροὶ
1583 2437 1658 2488 διὰ
1684 2436 1912 2503 Χριστόν·

336 2522 363 2543 “
391 2516 517 2578 ἡμεῖς
557 2519 789 2578 ἀσθενεῖς,
834 2520 958 2581 ὑμεῖς
997 2520 1044 2570 δὲ
1091 2522 1291 2587 ἰσχυροὶ,
1331 2520 1460 2583 ἡμεῖς
1499 2520 1667 2582 ἄτιμοι,
1705 2521 1829 2582 ὑμεῖς
1867 2519 1916 2569 δὲ

335 2602 363 2625 “
390 2597 586 2666 ἔνδοξοι·
643 2599 752 2666 ὀίχρι
790 2602 872 2663 τῆς
900 2600 1004 2665 ἄρτι
1031 2599 1156 2666 ὥρας
1187 2604 1262 2651 καὶ
1296 2606 1526 2663 πεινῶμεν
1553 2603 1628 2651 καὶ
1656 2600 1913 2669 διψῶμεν,”
1936 2623 1987 2658 3ο

335 2681 411 2729 καὶ
455 2679 521 2729 ε”τι
570 2680 718 2731 πάλιν
761 2682 835 2732 ἐπὶ
886 2682 1066 2736 τούτοις
1119 2690 1144 2712 “
1169 2684 1254 2736 Ὠς
1304 2682 1705 2750 περικαθάρματα,
1748 2685 1913 2752 φησὶν,

377 2863 593 2941 β.ἒιανέμην
614 2865 653 2898 E.
842 2877 892 2900 12,
921 2867 1068 2901 ἕλκεσθέ
1087 2867 1126 2901 Ε,
1312 2866 1363 2900 16.
1391 2866 1510 2900 τούτου
1530 2866 1571 2901 Ε.
1762 2878 1816 2902 22.
1842 2866 1909 2913 τις]

335 2922 404 2942 ΤΟίῙ
458 2936 463 2941 .
