2022 3272
99 137 166 164 xv.
192 125 254 163 18.
384 123 457 163 IN
505 123 548 163 S.
582 121 927 162 JOANNEM.
996 122 1115 162 12113.
1153 123 1203 162 X.
1266 124 1399 163 (JAl'.
1438 125 1493 164 Η.
1602 126 1682 163 585

97 230 312 297 πρώτους
349 231 516 285 αὐτοὺς
548 232 852 296 ἐπιλέγεσθαι
891 230 1222 293 διδασκάλους,
1250 231 1382 281 ἀλλα
1422 233 1683 299 φθάνοντες

98 317 162 367 εἱς
186 319 324 365 τοῦτο
351 316 427 364 καὶ
453 313 535 364 τὸν
561 315 691 364 οὔπω
718 317 883 376 μαθεῖν
907 336 952 363 τι
978 317 1071 363 τῶν
1097 314 1365 378 ἀναγκαίων
1390 314 1626 366 ἐθέλοντα.

171 395 362 459 Ἐπειδὴ
403 395 450 446 δὲ
489 400 585 449 τοῖς
612 401 696 446 τοῦ
724 398 943 461 Σωτῆρος
978 395 1110 458 ἡμῶν
1135 394 1414 460 πρόσκειται
1441 395 1604 460 λόγοις
1631 395 1684 446 τό

87 474 186 527 ‘'112oe
225 479 349 545 ὑμεῖς
386 476 593 543 ὑπάγητε
637 481 715 528 καὶ
764 477 930 546 καρπὶν
970 475 1120 545 φέρητε
1165 484 1242 527 καὶ
1286 483 1303 528 ὁ
1350 475 1522 545 καρπὶς
1567 477 1683 545 ὑμῶν

55 557 218 631 ῦμένῃ·
273 559 323 608 τί
348 581 461 609 ποτε
501 559 593 625 ἄρα
629 561 704 609 καὶ
745 564 884 609 τοῦτο
923 561 1065 622 δηλοῖ
1099 556 1297 623 ζητῆσαι
1336 558 1583 624 προσήκει.
1638 559 1687 608 τί

96 638 189 706 γὰρ
213 638 270 691 ἂν
295 645 445 690 νοοῖτο
484 643 559 691 καὶ
597 644 697 694 πῶς
731 639 785 691 τὸ
824 639 994 705 λέγειν,
1024 639 1093 689 ὅτι
1132 639 1252 706 μένει
1290 644 1385 691 τῶν
1411 644 1637 703 μαθητῶν
1663 646 1721 691 o'a
1753 653 1841 686 894
1856 652 1907 686 A.

100 723 301 787 καρπός,
342 720 467 785 οἶμαι
506 723 674 784 τοίνυν,
703 721 773 772 ὅτι
812 721 995 788 καρπὸν
1025 720 1225 784 με’νοντά
1263 725 1416 789 φησιν
1448 723 1472 771 ὁ
1500 721 1681 787 Σωτὴρ,

97 803 179 854 τὸν
205 803 282 853 διὰ
313 807 396 867 τῆς
430 805 736 869 εὐαγγελικῆς
775 802 1076 864 παιδεύσεως,
1104 805 1179 853 καὶ
1219 804 1321 870 οὐχὶ
1360 806 1443 867 τῆς
1481 805 1529 854 ἐν
1556 802 1683 872 νόμῳ

97 884 408 949 δικαιοσύνης.
459 885 785 936 πεπαλαίωται
825 883 917 950 γὰρ
955 885 1103 948 ἐκείνη
1145 884 1221 935 διὰ
1263 884 1317 936 τὸ
1356 885 1501 949 μηδὲν
1540 885 1679 936 δύνα-

32 988 78 1013 10
96 970 213 1017 σθαι
245 972 475 1033 πληροῦν.
527 967 792 1017 τετελείωκε
824 965 916 1032 γὰρ
945 967 969 1016 ὁ
997 966 1138 1029 νόμος
1165 965 1313 1029 οὐδὲν,
1342 966 1461 1018 κατὰ
1488 966 1573 1031 τὴν
1598 973 1682 1018 τοῦ
1747 975 1832 1047 [Ebl-

98 1048 297 1099 Παύλου
337 1047 514 1116 φωνὴν,
553 1048 841 1099 ἀντανέθαλε
882 1047 931 1099 δὲ
972 1048 1135 1114 ὥσπερ
1180 1051 1255 1099 καὶ
1293 1049 1616 1117 ἀντανέκυψεν
1655 1050 1682 1114 ἡ
1796 1041 1801 1047 ”
1837 1028 1867 1059 9·

97 1129 244 1194 καινὴ,
277 1128 554 1181 παλαιοῦσά
590 1153 641 1180 τε
678 1128 764 1193 τὴν
801 1130 994 1195 πρώτην
1032 1133 1108 1181 καὶ
1149 1131 1458 1199 ἀφανίζουσα,
1491 1134 1567 1182 καὶ
1601 1131 1684 1183 τὸν

98 1212 288 1275 ἀληθῶς
314 1211 513 1276 με’νοντά
551 1234 601 1263 τε
631 1214 707 1262 καὶ
742 1210 1010 1277 σωζόμενον
1035 1212 1328 1280 εἰσφέρουσα
1362 1215 1544 1282 καρπόν.
1590 1237 1685 1264 τοι-

98 1290 265 1359 γάρτοι
304 1296 380 1344 καὶ
422 1298 618 1347 Παῦλος
656 1294 765 1357 ἡμῖν
805 1294 829 1343 ὁ
869 1294 1124 1347 θεσπέσιος
1159 1299 1473 1359 προσλαλῶν,
1513 1293 1685 1359 ἥδιστά
1704 1299 1729 1339 b

33 1396 79 1434 ι5
100 1397 149 1425 τε
174 1377 249 1425 καὶ
276 1377 475 1438 εὐμενῶς
512 1375 599 1440 τὴν
625 1376 673 1426 ἐν
699 1374 827 1444 νόμῳ
860 1375 1163 1439 δικαιοσύνην
1190 1376 1478 1442 ἐζημιῶσθαί
1509 1381 1681 1443 φησιν,

99 1456 175 1506 ἵνα
212 1456 411 1525 κερδάνῃ
444 1455 674 1524 Χριστὸν,
701 1457 931 1519 τουτέστι,
963 1456 1039 1507 διὰ
1071 1457 1277 1511 πίστεως
1310 1460 1393 1521 τῆς
1428 1462 1489 1511 εἷς
1528 1457 1684 1521 αὐτὸν,
1748 1461 1890 1491 Phil.iii.

100 1538 401 1603 δικαιοσύνην
439 1541 514 1590 καὶ
552 1539 879 1607 καρποφορίαν
911 1538 1238 1604 εὐαγγελικήν·
1294 1542 1501 1602 διαμενεῖ
1531 1539 1624 1606 γὰρ
1658 1540 1683 1590 ὁ

101 1626 307 1675 τοιοῦτος
337 1622 413 1671 καὶ
452 1620 658 1685 διηνεκὴς
698 1621 833 1672 ἔσται
872 1620 1064 1687 καρπὸς,
1091 1620 1432 1686 πληρεστάτην
1458 1625 1521 1675 εἰς
1545 1620 1679 1671 εὐσέ-

100 1703 233 1758 βειαν
270 1699 357 1765 τὴν
393 1707 476 1754 τοῦ
515 1702 766 1769 ἀνθρώπου
807 1701 972 1771 ψυχὴν
1013 1704 1261 1753 ἀποτελεῖν
1299 1701 1567 1767 δυνάμενος.
1630 1703 1684 1753 οὐ

31 1808 81 1834 20
101 1781 194 1849 γὰρ
219 1788 314 1838 τοῖς
341 1785 660 1851 εὐαγγελικοῖς
686 1784 958 1850 κηρύγμασι
984 1784 1117 1848 καινή
1144 1807 1212 1838 τις
1238 1784 1370 1850 ἑτερα
1395 1786 1684 1850 παρεισδρα-

99 1868 252 1927 μεῖται
292 1868 535 1920 παίδευσις
572 1871 849 1917 παλαιοῦσα
891 1864 977 1929 τὴν
1010 1866 1216 1932 πρώτην·
1272 1865 1484 1932 καθάπερ
1523 1866 1685 1928 ἀμέλει

100 1945 294 2011 γε’γονεν
334 1948 408 1998 ἐπὶ
452 1950 535 2010 τῆς
586 1946 663 1997 διὰ
707 1947 955 2000 Μωυσέως
1005 1948 1217 2010 ἐντολῆς,
1271 1948 1382 1997 ἀλλ’
1427 1951 1489 2001 εἷς
1537 1951 1683 1997 αἰῶνα
1710 1973 1731 1998 e

99 2026 331 2092 στήσεται
368 2034 452 2080 τοῦ
479 2031 701 2094 Σωτῆρος
726 2030 751 2079 ὁ
776 2027 934 2094 λόγος,
962 2027 1084 2079 καθά
1117 2050 1209 2079 που
1240 2029 1314 2079 καὶ
1352 2027 1491 2082 αὐτός
1531 2033 1683 2097 φησιν

99 2115 127 2139 “
152 2110 215 2160 Ὁ
255 2109 450 2176 οὐρανὸς
489 2112 565 2161 καὶ
603 2110 630 2174 ἡ
664 2112 726 2176 γῆ
765 2109 1122 2176 παρελεύσεται,
1155 2113 1197 2160 οἱ
1234 2108 1283 2160 δὲ
1322 2108 1460 2176 λόγοι
1497 2133 1589 2174 μου
1628 2111 1683 2161 οὐ
1744 2111 1905 2143 S.Matth.

1744 2156 1833 2187 xxiv.
1848 2164 1898 2195 35.

100 2197 128 2220 cc
199 2189 212 2206 “

31 2213 78 2252 25
153 2214 218 2255 μη
252 2191 606 2259 παρε’λθωσιν.”

131 2343 204 2395 ΔΕἰ
241 2353 264 2396 ὃ
303 2354 458 2402 κόσμος
496 2353 604 2402 ὑμᾶς
641 2349 766 2404 μισεῖ,
804 2352 1033 2399 Γινώσκετε
1070 2355 1137 2397 ὅτι
1175 2354 1249 2402 ἐμὲ
1289 2353 1462 2410 Πρῶτον
1502 2353 1619 2401 ἱμῶν
1707 2363 1752 2397 18

779 2435 1000 2483 μεμίσΗκε.

173 2545 274 2606 Τῆς
312 2546 407 2592 τῶν
446 2545 617 2608 ἰατρῶν
655 2543 889 2608 ἐμπειρίας
931 2545 1005 2593 καὶ
1050 2543 1287 2611 ἐξαιρέτου
1327 2542 1506 2610 τέχνης,
1551 2541 1684 2592 οὐδὲν

99 2622 229 2688 οἶμαι
271 2627 515 2677 παντελῶς
559 2623 854 2674 ἀποδέουσαν
900 2623 985 2687 τὴν
1027 2630 1110 2674 τοῦ
1157 2627 1378 2690 Σωτῆρος
1421 2623 1683 2690 εὑρήσομεν

29 2735 79 2771 30
98 2705 310 2770 μέθοδον,
342 2704 400 2768 ἢν
439 2705 509 2773 ἐφ’
551 2703 736 2773 ἑκάστῳ
774 2709 971 2755 ποιεῖται
1009 2704 1273 2771 πράγματι,
1302 2704 1600 2772 πανταχόθεν
1625 2705 1679 2755 τὸ
1699 2705 1727 2746 (l

147 2841 179 2870 4.
205 2828 349 2872 ὑπάγετε
367 2833 401 2861 et
418 2827 542 2872 φέρετε
561 2827 603 2862 Ε.
824 2835 857 2870 5.
881 2826 972 2870 μένει
991 2826 1033 2861 Ε.
1247 2839 1279 2872 9.
1306 2827 1371 2873 γὰρ
1390 2827 1432 2862 Ε.
1450 2827 1511 2871 μὲν
1527 2827 1592 2871 γὰρ
1612 2825 1680 2860 Ed.

105 2887 158 2911 12.
183 2876 344 2909 παλοῦσα
362 2873 448 2918 (sic)
469 2873 510 2908 E.
799 2883 854 2907 22.
881 2874 951 2908 τοῖς
968 2884 1031 2918 pro
1049 2874 1107 2917 τῆς
1125 2873 1167 2908 Ε.
1454 2874 1510 2908 28.
1536 2874 1601 2918 Τῆς
1617 2876 1684 2908 τῶν

101 2923 223 2967 ἰατρῶν
240 2933 310 2955 om.
329 2920 370 2955 E.

158 2988 250 3017 VOL.
276 2988 324 3014 11.
872 2988 898 3024 4
921 2987 941 3013 F
