2001 3261
37 1795 46 1816 ι
64 1784 148 1816 Tim.

32 1829 74 1860 vi.
94 1837 143 1859 12.

205 645 232 686 b
254 639 480 706 Χριστὸς,
534 639 652 708 εὑρῶν
704 640 753 691 δὲ
803 645 1127 706 μυσταγωγεῖ.

253 122 335 162 198
655 122 704 162 Β.
738 122 1012 162 CYRILLI
1054 122 1439 163 ALEXANDR.
1697 119 1751 158 ix.
1773 124 1840 171 35.

335 284 409 325 Καὶ
448 285 587 341 εὑρὼν
627 285 756 328 αὑτὸν
795 281 913 327 εἶπεν
952 285 1070 339 αὐτῷ
1108 285 1166 326 Σὺ
1206 286 1420 327 nto-rebem
1458 282 1519 325 ele
1556 284 1629 325 τὸν
1666 279 1767 323 Υἰὸν

932 371 1004 410 τοῦ
1040 369 1172 421 Θεοῦ,

324 473 651 540 Ἐκβέβληται
688 475 818 542 παρὰ
853 481 947 527 τῶν
976 477 1253 542 Φαρισαίων
1285 477 1309 526 ὁ
1347 474 1462 526 ποτὲ
1500 472 1698 542 τυφλὸς,
1730 472 1841 522 ἀλλ’

252 558 306 608 οὐ
344 564 525 624 μακροῦ
562 558 740 627 μεταξὺ
780 557 1110 624 διαγεγονότος
1148 557 1320 625 χρόνου
1359 556 1486 622 ζητεῖ
1519 556 1604 620 μὲν
1640 555 1782 606 αὐτὸν
1818 555 1843 605 ὁ

1201 645 1399 704 σημεῖον
1452 640 1533 690 οὖν
1582 639 1717 689 ἔσται
1768 639 1843 688 καὶ
1863 650 1885 688 5

251 728 390 772 τοῦτο
430 727 513 773 τοῦ
553 724 601 773 ἐν
641 724 856 791 φροντίδι
896 727 1080 774 κεῖσθαι
1119 726 1178 790 τῇ
1215 721 1346 789 παρὰ
1387 726 1495 790 Θεῷ
1536 719 1644 775 τοὺς
1689 743 1840 771 συνα-

252 804 459 870 γορεύειν
485 804 735 858 ἐθέλοντας
773 806 913 874 αὐτῷ,
941 808 1017 855 καὶ
1043 808 1125 868 τῆς
1153 809 1214 858 εἷς
1241 804 1383 855 αὑτὸν
1409 805 1615 857 πίστεως
1645 826 1840 870 προκιν-

253 887 456 937 δυνεύειν
483 888 536 937 οὐ
563 888 985 955 καταφρίττοντας.
1042 886 1221 940 ἀκούεις
1253 886 1347 953 γὰρ
1383 887 1508 940 ὅπως
1543 888 1604 939 ὡς
1640 887 1688 936 ἐν
1713 884 1845 954 τάξει

254 971 403 1032 καλῆς
455 969 755 1032 ἀντιμισθιάς
805 969 970 1020 ἑαυτὸν
1020 971 1207 1038 ἐμφανῆ
1259 969 1502 1032 καθιστὰς,
1553 968 1845 1020 τελεώτατον

254 1052 379 1119 αὐτῷ
404 1050 487 1101 τὸν
514 1053 588 1102 ἐπὶ
624 1055 681 1119 τῇ
717 1051 876 1102 πίστει
907 1051 1054 1117 λόγον
1081 1052 1354 1120 ἐμφυτεύειν
1381 1053 1625 1117 ἐπείγεται.
1680 1073 1837 1117 προσ·
1868 1069 1914 1094 10

254 1131 356 1199 ἄγει
383 1133 430 1184 δὲ
457 1133 542 1197 τὴν
567 1139 739 1184 πεῦσιν
765 1133 840 1184 ἵνα
868 1134 998 1201 λάβῃ
1024 1133 1110 1197 τὴν
1136 1135 1426 1185 συναίνεσιν.
1481 1134 1615 1187 οὗτος
1642 1132 1736 1199 γὰρ
1761 1138 1845 1184 τοῦ

253 1215 493 1266 πιστεύειν
519 1217 543 1266 ὁ
570 1214 760 1282 τρόπος,
807 1215 882 1266 διὰ
909 1216 1003 1283 γάρ
1029 1239 1100 1267 τοι
1126 1222 1268 1267 τοῦτο
1294 1215 1401 1270 τοὺς
1427 1218 1501 1267 ἐπὶ
1528 1215 1581 1267 τὸ
1608 1220 1731 1266 θεῖον
1753 1213 1845 1266 ἰόν-

253 1320 337 1351 τας
367 1297 623 1360 βάπτισμα
653 1298 1120 1365 προδιερωτωμένους
1146 1298 1395 1365 παρέργως
1421 1303 1458 1349 εὶ
1484 1298 1844 1360 πεπιστεύκασι,

215 1378 593 1433 Οσυναινοῦντάς
630 1403 679 1430 τε
716 1380 804 1444 ἤδη
843 1384 917 1431 καὶ
955 1379 1387 1446 διωμολογηκότας,
1417 1383 1479 1435 ὡς
1505 1381 1730 1446 γνησίους
1755 1379 1845 1444 ἤδη

254 1466 312 1529 τῇ
339 1460 495 1529 χάριτι
519 1462 912 1527 παραπέμπομεν.
969 1463 1161 1530 ἄρχεται
1197 1465 1222 1513 ὁ
1257 1469 1340 1514 τοῦ
1376 1463 1656 1529 πράγματος
1691 1462 1846 1512 τοίνυν
1868 1477 1915 1516 15

253 1543 401 1598 τύπος
424 1546 634 1595 ἐντεῦθεν
661 1545 785 1608 ἡμῖν,
804 1548 879 1596 καὶ
906 1546 963 1614 ἐξ
985 1547 1127 1596 αὐτοῦ
1153 1545 1488 1610 μεμαθήκαμεν
1514 1551 1597 1596 τοῦ
1626 1547 1845 1610 Σωτῆρος

254 1625 386 1689 ἡμῶν
416 1629 630 1692 Χριστοῦ
669 1627 722 1677 τὸ
762 1628 865 1678 τίνα
904 1627 995 1695 χρὴ
1034 1628 1117 1678 τὸν
1152 1627 1329 1693 τρόπον
1365 1627 1447 1678 τὸν
1480 1629 1553 1679 ἐπὶ
1591 1632 1649 1694 τῇ
1686 1627 1846 1678 πίστει

255 1711 491 1759 ποιεῖσθαι
517 1706 682 1774 λόγον.
739 1707 815 1760 διὰ
841 1716 979 1760 τοῦτο
1006 1711 1080 1760 καὶ
1110 1710 1133 1759 ὁ
1161 1709 1414 1763 θεσπέσιος
1444 1714 1640 1763 Παῦλος
1667 1711 1844 1773 ὁμολο-

255 1794 444 1855 γεῖσθαι
488 1789 574 1854 τὴν
614 1793 662 1841 ἐν
703 1791 884 1845 τούτοις
929 1792 1190 1858 ὁμολογίαν
1235 1794 1309 1843 ἐπὶ
1351 1796 1552 1843 πολλῶν
1594 1791 1846 1858 μαρτύρων

257 1872 603 1939 διισχυρίσατο,
628 1873 855 1936 τουτέστι,
879 1879 973 1924 τῶν
1000 1874 1146 1940 ἁγίων
1173 1872 1408 1940 ἀγγέλων·
1450 1876 1525 1924 καὶ
1552 1878 1589 1925 εὶ
1616 1873 1847 1942 φρικῶδές
1868 1894 1917 1919 20

255 1956 359 2005 ἐστι
397 1953 451 2006 τὸ
488 1955 556 2006 ἐπ’
586 1954 809 2021 ἀγγέλων
835 1955 1051 2021 εἰρηκότα
1088 1955 1461 2023 διαψεύσασθαι,
1488 1955 1629 2026 πόσῳ
1655 1960 1847 2020 μᾶλλον

211 2045 237 2085 d
255 2038 322 2088 ἐπ’
352 2038 494 2087 αὐτοῦ
530 2042 611 2088 τοῦ
639 2041 886 2103 Χριστοῦ;
936 2039 1084 2106 ε’ρωτᾷ
1121 2044 1371 2104 τοιγαροῦν
1395 2038 1477 2089 τόν
1503 2061 1619 2089 ποτε
1655 2036 1845 2107 τυφλὸν

257 2121 344 2187 οὐχ
371 2121 536 2173 ἁπλῶς
563 2124 599 2171 εὶ
627 2120 852 2182 βούλοιτο
884 2120 1124 2182 πιστεύειν,
1151 2120 1282 2170 ἀλλὰ
1308 2122 1383 2171 καὶ
1411 2126 1468 2176 εἰς
1496 2121 1614 2183 τίνα,
1640 2120 1841 2186 προστί-

257 2206 416 2266 θησιν.
474 2203 500 2265 ἡ
542 2201 636 2268 γὰρ
673 2203 836 2255 πίστις
876 2207 935 2256 εἰς
973 2206 1040 2253 τὸν
1067 2205 1160 2253 Tibv
1192 2205 1263 2253 τοῦ
1295 2204 1419 2264 Θεοῦ,
1447 2205 1521 2253 καὶ
1559 2204 1646 2270 οὐχ
1685 2205 1747 2256 ὡς
1785 2205 1849 2256 εἷς

258 2283 510 2349 ἄνθρωπον
537 2284 616 2334 ἕνα
654 2288 748 2334 τῶν
774 2285 882 2334 καθ’
914 2284 1046 2348 ἡμᾶς,
1074 2285 1185 2334 ἀλλ’
1215 2286 1277 2337 ὡς
1303 2288 1364 2337 εἷς
1393 2283 1518 2335 Θεὸν
1543 2284 1842 2350 ἐνανθρωπή-
1869 2304 1917 2343 25

259 2387 431 2415 σαντα.
485 2368 665 2432 πλῆρες
690 2364 784 2432 γὰρ
811 2366 933 2416 οὕτω
959 2366 1013 2416 τὸ
1039 2367 1114 2416 ἐπὶ
1142 2369 1344 2434 Χριστῷ
1369 2365 1645 2431 μυστήριον.
1692 2365 1849 2431 λε’γων

260 2445 309 2497 δὲ
335 2446 389 2497 τό
417 2445 478 2501 SD
505 2447 742 2506 πιστεύεις,
771 2447 1028 2515 μονονουχί
1050 2452 1175 2515 φησι
1202 2447 1373 2498 Βούλει
1398 2450 1480 2511 τῆς
1513 2449 1696 2498 ἐκείνων
1722 2449 1845 2498 ἀπο-

259 2529 386 2582 νοίας
414 2530 619 2595 ὁρᾶσθαι
645 2531 897 2594 κρείττων;
934 2528 998 2580 σὺ
1023 2534 1123 2583 ταῖς
1150 2530 1334 2580 ἐκείνων
1361 2530 1587 2584 ἀπειθίαις
1613 2532 1849 2597 ε’ῥρὣσθαι

308 2707 341 2737 4.
368 2695 605 2741 δια-γεγονότος
625 2697 751 2741 χρόνου
771 2695 935 2730 emendat
955 2696 1085 2742 Heyse.
1104 2697 1286 2741 διαχρόνου
1311 2698 1492 2742 γεγονότος
1516 2698 1642 2741 χρόνου
1662 2696 1704 2730 Β.
1722 2697 1849 2741 χρόνου

263 2741 330 2775 Ed.
520 2744 553 2777 8.
579 2743 622 2778 ὡς
640 2743 736 2777 deest
753 2744 789 2776 in
810 2743 850 2776 B.
902 2744 1108 2787 Assumpsit
1126 2756 1143 2777 e
1162 2744 1239 2777 Cat.
1259 2749 1299 2777 ut
1318 2743 1386 2777 vid.
1407 2743 1501 2777 Aub.
1690 2754 1724 2787 9.
1749 2743 1849 2776 ἀντα-

261 2788 418 2831 μισθείας
439 2789 479 2823 B.
724 2801 776 2823 10.
802 2791 908 2833 λόγον
928 2790 1003 2824 B.a.
1026 2790 1142 2824 Holst.
1159 2790 1267 2824 πόθον
1284 2802 1301 2823 e
1320 2789 1397 2823 Cat.
1420 2790 1518 2823 Harl.
1538 2789 1735 2823 emendavit
1754 2789 1847 2822 Aub.

268 2845 319 2867 12.
346 2850 397 2868 τοι
417 2842 638 2879 assumptum
657 2847 699 2869 ex
722 2836 797 2870 B.a.
818 2836 880 2870 Ht.
1029 2848 1081 2879 14.
1108 2851 1144 2870 τε
1162 2837 1223 2880 ἤδη
1242 2848 1272 2870 a.
1295 2836 1371 2870 Cat.
1393 2837 1493 2870 Harl.
1511 2834 1629 2869 τεούτο
1649 2835 1690 2868 Β.
1707 2849 1743 2868 τε
1761 2834 1848 2868 οὕτω

267 2879 331 2914 Ht.
350 2881 416 2915 Ed.
539 2893 593 2924 24.
617 2882 663 2917 εἷς
682 2883 740 2916 alt.
759 2894 828 2916 om.
848 2894 878 2916 a.
1001 2893 1056 2927 25.
1083 2883 1101 2926 ἡ
1122 2886 1175 2926 (=
1196 2889 1236 2917 ut
1253 2882 1324 2917 vid.
1343 2882 1377 2926 ἢ)
1398 2895 1460 2927 pro
1479 2883 1522 2917 ὡς
1539 2893 1569 2916 a.
1700 2881 1755 2915 26.
1782 2882 1848 2926 γὰρ

263 2928 455 2970 assumpsit
474 2940 490 2960 c
510 2928 586 2962 Cat.
610 2929 639 2961 H
648 2929 707 2962 ιιι-1.
728 2928 821 2962 Aub.
