2001 3231
314 102 371 141 30
717 105 767 146 B.
801 106 1080 148 CYRILLI
1122 109 1502 152 ALEXANDR.
1735 110 1820 152 viii.
1842 110 1907 153 28.

92 217 170 252 516
187 217 238 251 A·
275 228 298 253 a
316 215 420 277 εἰμι,
449 211 708 277 τουτέστιν,
738 214 850 266 ὅταν
876 219 958 279 τῆς
985 217 1053 268 ἐπ’
1082 216 1180 281 ε’μοῖ
1207 224 1376 284 μικρᾶς
1401 243 1450 271 τε
1482 222 1558 271 καὶ
1591 224 1909 288 χαμαιπετοῦς

85 936 191 977 Supra

314 294 667 358 ἀποπαύσησθε
716 296 1002 366 διαλήψεως,
1046 299 1160 350 ὅταν
1205 300 1398 368 ὑψηλόν
1437 325 1487 352 τε
1537 304 1612 352 καὶ
1664 302 1909 367 ὑπέργειον

314 375 588 443 φρονήσητε
624 380 730 444 περὶ
767 381 892 442 ἐμοῦ,
921 381 995 430 καὶ
1024 381 1150 432 Θεὸν
1181 384 1230 433 ἐκ
1264 387 1390 434 Θεοῦ
1426 384 1670 452 πεφηνότα
1705 382 1905 435 πιστεύ-

313 480 445 521 σητε,
474 462 510 509 εὶ
547 463 622 510 καὶ
656 460 832 525 γέγονα
866 462 921 512 δι’
952 464 1070 525 ὑμᾶς
1104 463 1352 531 ἄνθρωπος
1388 467 1495 516 καθ’
1526 467 1657 529 ὑμᾶς,
1683 463 1737 516 τὸ
1773 488 1901 528 τηνι-

313 538 422 590 κάδε
450 542 778 606 διαγνώσεσθε
804 548 991 611 σαφῶς,
1019 545 1090 596 ὅτι
1126 546 1217 612 ἐγώ
1254 550 1345 610 εἶμι
1380 547 1434 597 τὸ
1462 551 1563 614 φῶς
1590 553 1674 598 τοῦ
1702 545 1902 610 κόσμου·
1927 563 1949 602 5

312 626 450 672 τοῦτο
489 623 582 688 γὰρ
621 628 684 678 εἷς
724 627 841 688 ὑμᾶς
880 625 1048 692 ἐ’λεγον
1086 629 1271 694 ἀρτίως·
1326 630 1374 679 τί
1408 627 1502 695 γὰρ
1542 627 1599 679 ἂν
1633 628 1699 680 ἔτι
1738 631 1906 679 διακω-

311 703 472 767 λύσαι,
506 708 644 774 φησὶ,
677 706 759 757 τὸν
799 707 923 762 ὅλως
963 711 1321 778 παραδεχθέντα
1355 710 1478 761 Θεὸν
1516 710 1741 778 ὑπάρχειν
1777 713 1899 774 ἀλη-

311 784 455 849 θινὸν,
483 791 556 838 καὶ
586 793 689 855 φῶς
715 787 828 840 εἶναι
857 795 941 841 τοῦ
975 789 1192 854 κόσμους
1234 793 1288 843 οὐ
1313 791 1406 860 γὰρ
1433 792 1489 857 δὴ
1515 792 1635 859 πρὸς
1663 793 1905 856 τοσαύτην

311 869 712 937 κατοιχηθήσεταί
742 895 810 925 τις
842 873 1013 934 μανίαν
1047 876 1123 924 καὶ
1159 873 1359 940 θράσος,
1397 877 1459 928 ὡς
1499 877 1573 925 καὶ
1612 874 1717 926 τότε
1759 873 1905 943 φάναι

85 990 221 1021 ve1·.13.
264 976 291 1017 b
310 957 494 1015 τολμᾶν
516 953 622 1004 “‘H
650 955 883 1020 μαρτυρία
910 978 1001 1006 σου
1028 957 1111 1006 οὐκ
1136 956 1267 1007 ἔστιν
1294 956 1519 1022 ἀληθής·”
1550 958 1904 1025 ψευδηγορήσει
1928 983 1976 1008 10

308 1033 403 1100 γὰρ
430 1036 644 1097 οὐδαμῶς
671 1037 742 1104 ἐφ’
772 1035 943 1104 οἷσπερ
970 1037 1027 1088 ἂν
1052 1039 1172 1107 λε’γῃ
1200 1038 1320 1093 Θεὸς
1347 1039 1490 1107 φύσει
1518 1043 1592 1090 καὶ
1620 1041 1859 1104 ἀληθινός.

373 1114 522 1167 ''Eo-rc
575 1118 731 1168 τοίνυν
776 1120 1139 1185 προδηλότατον
1167 1124 1260 1171 ,καὶ
1306 1124 1355 1172 ἐκ
1407 1126 1502 1172 τῶν
1546 1128 1629 1173 τοῦ
1681 1126 1902 1188 Σωτῆρος

303 1198 541 1265 ῥημάτων,
583 1198 653 1250 ὅτι
692 1200 901 1266 σμικρὰν
938 1202 1123 1269 ἔχοντες
1162 1203 1231 1254 ἐπ’
1267 1204 1393 1273 αὐτῷ
1431 1203 1517 1268 τὴν
1557 1205 1794 1268 ὑπόνοιαν,
1827 1207 1902 1255 καὶ

305 1282 556 1349 ἄνθρωπον
583 1281 698 1333 εἶναι
725 1284 918 1349 γυμνὸν,
947 1285 1120 1352 ἔρημόν
1146 1309 1195 1337 τε
1229 1289 1312 1351 τῆς
1349 1286 1468 1338 κατὰ
1504 1286 1655 1357 φύσιν
1682 1287 1902 1353 θεότητος

304 1366 694 1429 διενθυμούμενοι,
746 1366 936 1421 πάντως
996 1367 1148 1432 δήπου
1199 1373 1274 1419 καὶ
1332 1368 1666 1434 ἀπιστήσομεν
1712 1369 1899 1425 εἰκότως
1924 1387 1971 1426 15

303 1448 442 1516 αὐτῷ,
479 1449 555 1497 καὶ
597 1449 650 1498 οὐ
691 1448 1057 1518 παραδεξόμεθα
1101 1454 1301 1516 Σωτῆρα
1343 1454 1419 1502 καὶ
1463 1451 1724 1519 λυτρωτήν.
1800 1451 1899 1503 εἶτα

302 1528 351 1580 τί
386 1528 440 1580 τὸ
474 1531 714 1592 ἐντεῦθεν,
763 1533 845 1593 τῆς
884 1534 1075 1587 ἐλπίδος
1114 1533 1536 1598 ἀποπεπτώκαμεν.
1612 1539 1649 1585 εὶ
1689 1534 1782 1602 γὰρ
1822 1534 1899 1586 διὰ

262 1611 509 1665 Οπίστεως
547 1612 575 1676 ἡ
614 1614 842 1680 σωτηρία,
882 1614 1065 1682 φρούδη
1108 1615 1156 1666 δὲ
1201 1616 1228 1679 ἡ
1273 1617 1448 1678 πίστις,
1488 1617 1536 1667 τί
1572 1615 1626 1668 τὸ
1666 1617 1899 1683 διασῶζον

301 1694 399 1756 ε”τις
459 1694 762 1749 πιστεύοντες
806 1694 855 1747 δὲ
895 1699 969 1747 καὶ
1010 1702 1072 1751 εὶς
1118 1698 1242 1766 ὕψος
1287 1698 1497 1764 αἴροντες
1541 1698 1595 1749 τὸ
1642 1699 1899 1766 θεοπρεπὲς

299 1775 381 1827 τὸν
411 1780 682 1843 Μονογενῆ,
718 1780 793 1828 καὶ
833 1782 869 1829 εὶ
909 1779 1104 1845 γε’γονεν
1143 1780 1405 1846 ἅνθρωπος,
1443 1782 1499 1849 ἐξ
1536 1782 1693 1847 οὐρίας
1733 1780 1897 1849 ὥσπερ
1918 1803 1969 1828 20

297 1857 558 1926 ἐρχόμενοι,
590 1862 665 1910 καὶ
692 1859 746 1910 τὸ
773 1861 1089 1928 παγχάλεπον
1115 1868 1198 1912 τοῦ
1229 1863 1336 1922 βίου
1373 1862 1636 1917 διαθέοντες
1667 1863 1896 1930 πέλαγος,

295 1940 414 2007 πρὸς
450 1941 536 2005 τὴν
568 1942 664 1992 ἅνω
700 1943 1090 2009 μεθορμισόμεθα
1128 1943 1288 2008 πόλιν,
1321 1944 1406 1999 τὰς
1445 1947 1494 1996 ἐκ
1533 1953 1617 1997 τοῦ
1655 1947 1896 1999 πιστεύειν

294 2023 431 2088 τιμὰς
459 2026 553 2075 ἐκεῖ
575 2024 883 2089 κομιούμενοι.

847 2175 1031 2204 ΑΛΛΩΣ
1074 2176 1138 2204 ΤΟ
1181 2176 1337 2206 ΑΥΤΟ.

341 2298 480 2340 ’Ὅταν
519 2296 724 2349 ὑψώσΗτε
761 2298 835 2341 τὸν
873 2297 964 2341 υἱὸν
1002 2302 1076 2340 τοῦ
1111 2299 1345 2357 ἀνθρώπου
1383 2301 1482 2343 τότε,
1520 2302 1735 2349 subse-&Oe
1773 2305 1837 2346 ὅτι
1912 2320 1960 2360 25

246 2408 274 2450 d
978 2381 1066 2429 ἐΓώ
1104 2380 1202 2431 εἰμι.

369 2499 585 2549 Πολλοῖς
623 2519 673 2547 τε
712 2498 787 2547 καὶ
827 2498 1022 2562 ἀγαθοῖς
1061 2495 1418 2562 περιαντλήσας
1462 2495 1627 2563 λόγοις
1671 2499 1753 2550 τὸν
1791 2504 1887 2550 τῶν

289 2578 528 2628 Ἰουδαίων
555 2579 719 2642 θυμὸν,
742 2582 1029 2647 σφριγῶντα
1055 2577 1203 2630 πάλιν
1230 2578 1361 2630 οὐδὲν
1388 2579 1529 2644 ἧττον
1556 2582 1655 2650 ὁρᾷ.
1696 2585 1885 2651 δυσφη-

340 2743 368 2767 ῐ.
395 2733 468 2776 ἐμοὶ
492 2733 629 2780 μικρᾶς]
650 2735 743 2779 ἐμοῖς
764 2737 885 2782 μικρᾶς
905 2736 1019 2781 (quasi
1044 2736 1118 2781 ἐμοὶ
1141 2736 1301 2781 σμικρᾶς)
1322 2737 1364 2772 B.
1384 2737 1458 2781 ἐμοὶ
1481 2739 1601 2782 μικρᾶς
1618 2750 1648 2772 c.
1669 2737 1774 2772 Cord.
1794 2744 1827 2772 et
1845 2745 1885 2774 ut

287 2779 359 2813 vid.
377 2792 407 2813 a.
578 2793 609 2815 2.
634 2781 689 2826 τε]
709 2797 740 2816 τι
759 2794 789 2815 a.
810 2783 887 2817 Cat.
909 2783 1008 2816 Harl.
1178 2797 1212 2826 4.
1239 2785 1293 2818 καὶ
1311 2784 1339 2818 εἷ
1356 2785 1494 2818 inverso
1512 2785 1633 2818 ordine
1651 2785 1753 2819 a.b.c.
1775 2784 1883 2820 Cord.

286 2837 320 2870 5.
346 2827 411 2870 ἐγώ
430 2826 495 2869 εἶμι
513 2828 551 2860 τὸ
570 2840 639 2862 om.
662 2829 703 2863 B.
727 2829 843 2863 Holst.
861 2830 992 2863 habent
1010 2836 1162 2865 catenae.
1354 2832 1387 2865 8.
1413 2832 1499 2875 πρὸς
1520 2831 1559 2864 B.
1581 2831 1699 2865 Holst.
1719 2832 1766 2866 εἰς
1784 2832 1880 2866 Aub.

291 2883 345 2917 13.
373 2871 423 2906 ἐπ’
443 2873 641 2908 emendavit
659 2875 754 2909 Aub.
773 2876 910 2910 favente
929 2889 959 2910 a.
977 2876 1031 2911 ὑπ’
1052 2877 1093 2911 B.
1114 2877 1178 2912 Ht.
1403 2888 1456 2922 15.
1483 2876 1631 2922 πάντως]
1656 2882 1692 2918 -ξ-
1714 2880 1731 2911 ὁ
1752 2878 1794 2913 Β.
1815 2879 1880 2913 11t.

289 2928 344 2963 27.
371 2920 488 2964 λόγοις
507 2927 730 2965 assumptum
749 2934 789 2956 ex
812 2922 853 2956 B.
