1971 3272
94 154 265 210 viii.34.
350 157 421 196 IN
465 157 877 198 S.JOANN13M.
943 158 1142 198 LIBN.
1206 159 1338 198 CAP.
1368 160 1415 198 V.
1627 160 1678 197 (35

94 268 317 334 ἁμαρτίαν
346 263 505 316 δοῦλον
531 265 645 316 εἶναι
681 266 753 326 τῆς
786 271 1031 333 ἁμαρτίας,
1062 270 1136 317 καὶ
1172 266 1313 317 αὐτὸν
1341 268 1454 317 εἵσω
1489 266 1681 333 βρόχων

93 350 290 396 ποιεῖται
340 346 422 397 τὸν
466 347 693 413 Ἀβραὰμ
743 352 917 398 δοῦλον
964 348 1078 398 ὄντα
1129 352 1211 412 τῆς
1264 349 1494 414 ἁμαρτίας
1545 349 1674 397 ποτέ·

94 428 383 478 δεδικαίωται
409 428 501 494 γὰρ
528 431 581 479 οὐ
608 431 782 484 δίκαιος
809 430 885 491 ὧν,
914 432 1024 480 ἀλλ’
1054 430 1128 480 ὅτε
1160 431 1442 480 πεπίστευκε
1478 432 1543 497 τῷ
1571 433 1678 496 Θεῷ
1700 441 1725 480 b

92 508 212 574 πρὸς
249 509 335 572 τὴν
373 512 421 561 ἐκ
459 517 542 561 τοῦ
581 515 912 562 δεδικαιῶσθαι
950 511 1232 575 κεκλημένος
1270 510 1552 575 ἐλευθερίαν.
1605 513 1680 559 καὶ

52 602 73 639 5
95 590 196 657 οὐχὶ
223 591 410 645 πάντως
446 596 503 660 τῇ
537 599 620 643 τοῦ
655 595 833 644 δικαίου
858 599 1232 661 φιλονεικοῦντες
1260 592 1376 661 δόξῃ
1404 592 1462 642 τὰ
1489 592 1683 642 τοιαῦτα

95 675 264 740 φαμεν,
292 674 404 723 ἀλλ’
433 675 620 740 ἐπείπερ
653 675 798 728 οὐδεὶς
835 677 884 725 ἐν
909 675 1173 740 ἀνθρώποις
1210 679 1304 725 τῶν
1331 677 1414 737 τῆς
1452 674 1681 739 ἁμαρτίας

91 758 252 813 βελῶν
290 755 553 820 ἀπείρατος,
594 757 832 823 ὑπηνέχθη
876 756 923 807 δὲ
967 756 1157 809 πάντως
1196 758 1271 806 καὶ
1311 757 1336 805 ὁ
1376 759 1527 805 δοκῶν
1565 753 1679 805 εἶναι

91 835 240 900 μέγας
275 839 342 904 τῷ
376 840 459 901 τῆς
494 838 724 904 ἁμαρτίας
758 839 896 907 ζυγῷ,
928 837 1047 888 κατὰ
1081 837 1134 888 τὸ
1171 838 1500 903 γεγραμμένον
1527 844 1553 866 “
1575 839 1679 887 Οὐκ
1745 842 1838 915 {3⁸¹¹—
1858 843 1900 872 ῑῑῑ·

93 923 121 945 “
147 917 249 967 ε”στι
281 919 454 973 δίκαιος
491 921 650 982 οὐδεὶς,
677 919 849 973 πάντες
884 919 977 985 γὰρ
1012 920 1224 985 ἥμαρτον
1257 922 1332 970 καὶ
1373 921 1678 984 ὑστεροῦνται
1745 911 1863 967 1¹³s23·

26 1016 73 1042 10
94 1005 121 1027 “
147 1001 228 1062 τῆς
255 999 398 1068 δόξης
423 1007 506 1051 τοῦ
533 1002 704 1051 Θεοῦ.”
753 1000 872 1070 δόξα
898 1000 945 1051 δὲ
973 1005 1100 1052 Θεοῦ
1125 1000 1245 1067 πρὸς
1272 1006 1367 1054 τοῖς
1395 1001 1576 1063 ἄλλοις,
1605 1003 1679 1051 καὶ

93 1079 147 1131 τὸ
172 1082 445 1145 μηδαμόθεν
472 1082 705 1134 δύνασθαι
739 1088 1011 1149 περιπεσεῖν
1037 1083 1257 1151 ἁμαρτίᾳ,
1285 1081 1310 1133 ὃ
1345 1082 1401 1146 δὴ
1439 1086 1514 1133 καὶ
1550 1082 1679 1152 μόνῷ
1699 1114 1719 1139 0

1354 1172 1381 1193 ‘⁶
1408 1166 1456 1215 ἐν
1504 1170 1678 1231 νεκροῖς
1747 1178 1795 1207 Ps.

413 1245 424 1261 ,
1742 1222 1877 1251 lxxxvii.

92 1252 119 1275 ‘⁶
144 1246 408 1311 ἐλεύθερος,’
451 1247 504 1296 οὐ
543 1246 637 1313 γὰρ
677 1247 894 1311 ἐποίησεν
930 1248 1176 1312 ἁμαρτίαν,
1204 1247 1352 1297 καίτοι
1391 1247 1597 1312 γεγονὼς
1633 1248 1680 1297 ἐν
1745 1263 1773 1294 6.

91 1163 338 1229 τετήρηται
389 1168 455 1233 τῷ
504 1169 721 1232 Χριστῷ·
780 1164 921 1228 μόνος
972 1164 1066 1231 γὰρ
1117 1165 1311 1231 γέγονεν

92 1331 289 1393 νεκροῖς,
320 1327 564 1379 τουτέστιν
602 1331 650 1379 ἐν
689 1330 954 1394 ἀνθρώποις
993 1328 1410 1394 κατατεταγμένος,
1439 1326 1502 1379 ὧν
1538 1330 1562 1379 ὁ
1597 1332 1680 1392 τῆς

25 1421 71 1460 15
93 1410 322 1474 ἁμαρτίας
350 1409 465 1460 ποτὲ
491 1409 760 1477 κατεκράτει
788 1409 1006 1464 θάνατος.

167 1492 371 1542 Οὐκοῦν·
426 1492 913 1560 ἀνακεφαλαιώσομαι
952 1491 1045 1558 γὰρ
1084 1492 1167 1543 τὸν
1205 1493 1253 1543 ἐν
1291 1497 1388 1546 τοῖς
1427 1492 1683 1558 εἰρημένοις

91 1571 290 1624 σκοπόν·
334 1572 609 1642 ὑπῃνίττετό
636 1597 737 1628 πως
763 1575 788 1625 ὁ
820 1572 994 1639 Κύριος
1022 1573 1093 1624 ὅτι
1120 1576 1194 1624 καὶ
1223 1574 1362 1628 αὐτὸς
1399 1575 1424 1623 ὁ
1455 1573 1682 1640 μακάριος

91 1653 319 1720 Ἀβραὰμ
353 1655 664 1709 δεδουλευκὼς
698 1659 756 1723 τῇ
792 1656 997 1724 ἁμαρτίᾳ
1030 1655 1158 1718 ποτὲ,
1192 1658 1266 1706 καὶ
1308 1655 1384 1706 διὰ
1418 1656 1564 1719 μόνης
1599 1658 1682 1718 τῆς

91 1739 155 1789 εἷς
197 1736 415 1801 Χριστὸν
451 1736 659 1790 πίστεως
702 1738 1028 1803 ἐλευθερωθεὶς
1074 1738 1161 1804 οὐχ
1203 1736 1358 1791 ἱκανὸς
1398 1742 1460 1791 εἷς
1501 1738 1682 1803 ἑτέρους

24 1836 73 1862 20
93 1817 412 1887 παραπέμψαι
469 1816 555 1882 τὴν
610 1820 928 1883 πνευματικὴν
980 1818 1223 1884 εὐγένειαν,
1273 1820 1369 1869 ἐπεὶ
1424 1819 1541 1882 μηδὲ
1597 1825 1726 1870 τοῦά

92 1898 330 1950 δύνασθαί
369 1923 498 1955 τινας
542 1902 816 1966 ἐλευθεροῦν
859 1899 1056 1967 ὑπάρχει
1102 1899 1257 1965 κύριος
1303 1902 1328 1951 ὁ
1372 1900 1459 1964 τὴν
1503 1904 1552 1951 ἐκ
1597 1904 1680 1964 τῆς

92 1981 324 2047 ἁμαρτίας
362 1982 577 2033 δουλείαν
611 1983 664 2032 οὐ
703 1983 758 2032 δι’
788 1976 954 2032 ἑαυτὸν
986 1980 1408 2049 ἀποπεμψάμενος,
1435 1983 1545 2032 ἀλλ’
1576 1983 1680 2033 οὐδὲ

90 2067 174 2128 τῆς
211 2066 472 2131 ἐλευθερίας
509 2066 658 2133 ἑαυτῷ
695 2064 902 2132 χορηγὸς
941 2064 1339 2127 ἀναδεικνύμενος,
1375 2065 1485 2129 παρ’
1523 2064 1679 2130 ἑτέρου

91 2144 142 2196 δὲ
168 2145 343 2211 ταύτην
367 2145 549 2209 λαβὼν,
577 2147 720 2197 αὐτοῦ
747 2143 968 2210 δηλονότι
993 2151 1076 2196 τοῦ
1103 2148 1390 2199 δικαιοῦντος
1415 2149 1649 2211 Χριστοῦ.

141 2330 173 2354 2.
200 2318 297 2365 ὅντα]
316 2321 480 2365 γεγονότα
498 2319 601 2354 a.b.c.
621 2318 728 2353 Cord.
837 2330 870 2364 3.
897 2318 948 2353 ὅτι
966 2318 1033 2353 b.c.
1054 2317 1132 2352 Cat.
1154 2317 1254 2352 Harl.
1275 2316 1382 2352 Cord.
1489 2325 1522 2360 5.
1550 2316 1679 2359 δέξιται

92 2365 136 2400 Β.
156 2366 287 2410 δέξεται
308 2367 425 2400 Holst.
445 2366 526 2410 δόξῃ
545 2366 743 2400 emendavit
761 2377 778 2399 e
798 2365 875 2400 Cat.
897 2365 996 2399 Harl.
1015 2365 1110 2399 Aub.
1387 2363 1419 2397 6.
1447 2363 1627 2407 ἐπειδήπερ
1646 2375 1677 2397 a.

93 2413 128 2447 8.
153 2413 384 2458 γεγραμμένον
409 2413 466 2448 hic
490 2413 689 2457 transponit
709 2412 803 2446 Aub.
828 2412 911 2446 κατὰ
936 2413 974 2445 τὸ
999 2410 1233 2457 γεγραμμένον
1256 2416 1336 2454 post
1359 2412 1447 2443 Θεοῦ
1469 2409 1611 2443 exhibet
1635 2409 1677 2443 B.

96 2470 149 2493 12.
169 2459 204 2493 ἐν
221 2462 350 2504 νεκροῖς
367 2466 591 2504 assumptum
608 2471 650 2493 ex
669 2459 746 2494 B.a.
767 2459 829 2492 Ht.
843 2458 887 2503 (?)
909 2458 985 2492 Cat.
1004 2458 1103 2492 Harl.
1117 2464 1204 2491 teste
1222 2458 1298 2501 ipso
1312 2457 1407 2490 Aub.
1510 2465 1562 2500 17.
1581 2456 1677 2489 ὑπαι-

92 2505 235 2540 νίττεται
253 2518 283 2539 a.
305 2506 380 2540 Cat.
403 2507 503 2540 Harl.
750 2517 802 2549 19.
830 2506 981 2549 Χριστὸν
1000 2505 1041 2538 Β.
1063 2504 1127 2538 Ht.
1147 2505 1233 2537 Θεὸν
1251 2515 1268 2537 e
1287 2502 1362 2536 Cat.
1383 2506 1423 2536 ut
1442 2501 1511 2536 vid.
1530 2502 1624 2535 Aub.
1644 2507 1678 2535 et

92 2553 140 2587 ita
157 2565 187 2586 a.
254 2554 311 2595 τῆς
328 2553 444 2595 ἐτέρου
464 2552 505 2587 Β.
527 2553 590 2587 Ht.
608 2552 655 2588 εἷς
673 2552 807 2596 ἑτέρους
824 2551 1021 2585 emendavit
1039 2563 1057 2584 e
1075 2551 1152 2584 Cat.
1175 2550 1273 2583 Harl.
1295 2549 1387 2583 Aub.
1407 2555 1439 2582 et
1456 2549 1503 2582 ita
1521 2560 1549 2581 ο.
1571 2547 1677 2581 Corsi.

94 2610 150 2633 21.
176 2599 321 2643 ὑπάρχει
347 2599 459 2643 κύριος
483 2611 513 2632 a.
535 2606 568 2632 et
594 2599 642 2632 Sic
667 2598 865 2632 emendavit
894 2597 1021 2641 Heyse.
1041 2598 1196 2641 ὑπάρχην
1215 2600 1267 2638 (=
1286 2594 1463 2639 ὑπάρχειν)
1489 2594 1609 2637 κυρίως
1634 2593 1676 2627 Β.

92 2646 238 2689 ὑπάρχει
256 2645 373 2689 κυρίως
394 2645 458 2679 Ht.
475 2645 619 2690 ὑπάρχει
638 2644 705 2678 Ed.
781 2655 836 2679 22.
863 2645 981 2677 ἑαυτὸν
1000 2643 1075 2677 B.a.
1096 2643 1160 2676 Ht.
1179 2643 1298 2676 ἑαυτοῦ
1317 2642 1410 2675 Aub.
1487 2651 1543 2684 23.
1570 2641 1676 2684 ἑαυτῷ

93 2703 123 2726 a.
141 2692 231 2737 αὐτῷ
251 2691 317 2725 Ed.
382 2691 656 2736 ἀναδεδειγμένος
673 2702 703 2724 a.

152 3007 245 3035 VOL.
268 3009 316 3035 II.
888 3005 917 3032 K
