2016 3246
340 111 420 150 130
738 111 788 150 B.
821 110 1095 151 CYRILLI
1138 110 1517 150 ALEXANDR.
1747 108 1834 149 viii.
1854 107 1920 161 56.

337 223 586 281 νομιοῦμεν
611 217 694 269 τὸν
719 218 951 284 μακάριον
975 218 1201 285 Ἀβραὰμ
1235 217 1321 282 τὴν
1347 218 1524 284 ἡμέραν
1555 219 1806 268 τεθεᾶσθαι
1839 221 1924 266 τοῦ

339 302 559 365 Σωτῆρος
592 299 723 363 ἡμῶν
750 303 981 365 Χριστοῦ,
1009 300 1240 362 τουτέστι,
1266 299 1349 350 τὸν
1375 299 1537 365 καιρὸν
1562 301 1644 362 τῆς
1681 298 1924 361 ἐπιδημίας

338 382 480 432 αὐτοῦ
517 384 598 444 τῆς
636 380 756 445 μετὰ
791 380 971 447 σαρκὸς
1006 384 1147 443 ἰδεῖν,
1192 382 1245 432 οὐ
1280 379 1466 434 πλατὺς
1500 380 1584 444 μὲν
1611 381 1635 430 ὁ
1666 379 1827 445 λόγος·
1871 379 1925 428 οὐ

337 462 432 529 γὰρ
477 462 608 514 ἔστιν
649 466 792 513 εἰπεῖν
837 462 894 530 ἐξ
935 462 1212 529 ἀντιῤῥήτου
1256 462 1474 522 λαβόντα
1516 463 1591 512 καὶ
1637 460 1921 529 σαφηνίσαι·

337 543 467 608 πλὴν
512 547 573 598 ὡς
617 542 680 594 ε”νι
727 548 885 596 καλῶς
935 543 995 593 τὰ
1047 547 1109 597 εἷς
1159 549 1298 594 τοῦτο
1348 549 1562 596 νοοῦντες
1605 544 1810 609 ἐροῦμεν,
1855 541 1925 592 ὅτι

337 624 550 691 καθάπερ
589 626 653 675 ἑνὶ
691 629 786 675 τῶν
822 624 970 689 ἁγίων
1004 630 1266 692 προφητῶν
1301 625 1611 692 ἀπεκάλυψεν
1647 625 1670 674 ὁ
1711 622 1831 677 Θεὸς
1870 622 1924 674 τὸ

115 719 267 755 584Α,
298 708 503 757 ειὲαυτοῦ
542 706 816 771 μυστήριον.
870 707 1017 772 ἤγουν
1050 712 1132 757 τοῦ
1173 706 1442 758 θεάσασθαι
1483 707 1700 770 δώσομεν
1735 707 1925 769 ἀληθῶς

110 1364 195 1395 Gen.

110 1407 201 1437 xviii.
216 1415 242 1439 Ι.

110 1765 272 1815 S3Matth.

111 1820 177 1840 vm.
200 1818 213 1839 1
223 1817 250 1840 1.

289 1359 570 1427 ὒάφορμάς.
644 1361 717 1409 καὶ
757 1358 850 1424 γὰρ
890 1357 1008 1409 εἶδεν
1047 1359 1219 1425 ἄνδρας
1258 1364 1380 1425 τρεῖς

337 787 423 852 τὴν
449 788 626 854 ἡμέραν
652 787 794 838 αὐτὸν
819 790 901 851 τῆς
937 793 1019 839 τοῦ
1054 789 1233 853 Κυρίου
1267 791 1478 854 σφαγῆς,
1507 789 1562 838 δι’
1592 786 1650 851 ἢν
1677 786 1736 837 τὰ
1770 785 1926 837 πάντα

336 871 447 933 ἡμῖν
470 870 636 923 αἰσίως
663 869 931 934 ἐκβέβηκεν,
956 871 1031 920 καὶ
1057 869 1268 936 καθάπερ
1295 870 1351 938 ἐξ
1374 870 1529 936 οὐρίας
1555 867 1727 936 ἠνέχθη
1754 872 1923 930 καλῶς,

336 951 413 1003 ὅτε
463 954 538 1003 καὶ
589 955 652 1004 εἷς
702 951 851 1002 τύπον
893 952 1035 1002 αὐτοῦ
1080 951 1162 1002 τὸν
1203 954 1435 1016 μονογενῆ
1478 953 1553 1002 καὶ
1598 949 1920 1017 πρωτότοκον,

334 1033 553 1084 τουτέστι
610 1032 693 1082 τὸν
742 1032 925 1095 Ἰσαὰκ,
978 1034 1229 1101 ἀναφέρειν
1284 1037 1346 1086 εὶς
1405 1033 1575 1084 θυσίαν
1632 1031 1919 1083 ἐπετάττετο·

334 1118 649 1182 ἱερουργοῦντι
700 1113 794 1180 γὰρ
846 1113 965 1168 εἰκὸς
1016 1115 1141 1184 αὐτῷ
1186 1114 1291 1165 τότε
1333 1113 1544 1180 καθάπερ
1590 1115 1638 1164 ἐν
1681 1112 1814 1182 τύπῳ
1859 1116 1925 1181 τῷ

334 1195 555 1265 δρωμένῳ
597 1198 890 1259 καταστῆναι
937 1198 1075 1264 σαφῆ
1122 1201 1205 1246 τοῦ
1245 1196 1508 1261 μυστηρίου
1545 1194 1631 1258 τὴν
1669 1196 1922 1261 ἀκρίβειαν.

335 1279 434 1341 δοίη
470 1301 539 1331 τις
572 1275 630 1327 ἀν
657 1279 732 1327 καὶ
767 1277 926 1343 ἑτέρας
965 1281 1027 1330 εἰς
1066 1283 1204 1328 τοῦτο
1242 1281 1339 1330 τοῖς
1379 1277 1804 1346 φιλομαθεστέροις
1839 1275 1924 1329 τὰς

1420 1366 1447 1388 “
1473 1358 1592 1425 πρὸς
1630 1361 1688 1426 τῇ
1727 1357 1830 1424 δρυῒ
1864 1361 1922 1424 τῇ

334 1448 363 1471 “
391 1442 653 1508 Μαμβρῇ,”
684 1440 815 1490 ἀλλὰ
855 1441 930 1490 καὶ
970 1440 1263 1506 ἐπαγγελίαν
1294 1440 1476 1507 ἐδέχετο
1514 1439 1644 1506 παρὰ
1677 1443 1821 1501 Θεοῦ,
1853 1438 1924 1489 ὅτι

332 1522 491 1589 πατὴρ
526 1522 662 1572 ἔσται
694 1526 895 1573 πολλῶν
922 1523 1081 1584 ἐθνῶν,
1110 1521 1225 1588 ὅπερ
1259 1521 1316 1586 ῆν
1343 1523 1429 1589 οὐχ
1463 1521 1627 1587 ἑτέρως
1662 1523 1925 1584 ἀνυσθῆναι

333 1603 545 1665 δυνατὸν,
574 1607 610 1654 εὶ
646 1603 710 1667 μὴ
744 1602 819 1654 διὰ
853 1606 936 1667 τῆς
972 1607 1033 1657 εἷς
1059 1603 1276 1669 Χριστὸν
1302 1604 1509 1656 πίστεως
1534 1603 1710 1666 ἐκλήθη
1744 1602 1925 1667 πατέρα

333 1684 392 1736 τὰ
419 1686 528 1750 ε”θνη
555 1685 637 1736 τὸν
662 1684 890 1751 Ἀβραὰμ
917 1684 1290 1752 ἐπιγραφόμενα,
1318 1687 1393 1734 καὶ
1430 1686 1478 1735 ἐν
1503 1689 1562 1751 τῇ
1596 1688 1689 1734 τῶν
1716 1684 1926 1748 οὐρανῶν

333 1768 561 1835 βασιλείᾳ
586 1766 1097 1831 συνανακλιθησόμενά
1122 1790 1171 1817 τε
1198 1768 1273 1817 καὶ
1300 1765 1662 1834 συμμεθέξοντα
1689 1766 1814 1834 αὐτῷ
1841 1767 1925 1828 τῆς

333 1849 408 1916 ἐφ’
449 1846 630 1899 ἅπασιν
668 1850 865 1914 ἀγαθοῖς
909 1854 992 1899 τοῦ
1039 1851 1261 1914 Σωτῆρος
1307 1848 1440 1912 ἡμῶν
1478 1847 1768 1915 φιλοτιμίας.
1823 1843 1925 1897 εἶδ”εν

334 1931 416 1981 οὖν
455 1935 607 1999 φησιν
646 1932 670 1980 ὁ
709 1929 935 1995 μακάριος
959 1928 1197 1999 ζΑβραέιμ,
1234 1934 1310 1980 καὶ
1353 1928 1463 1979 ἰδὼν
1496 1929 1631 1997 ἐχάρη
1670 1926 1738 1988 τῆν
1769 1927 1925 1996 ἡμέραν

295 2010 402 2072 οτῆν
444 2013 558 2079 ἐμήν.
630 2015 704 2062 καὶ
750 2010 825 2062 διὰ
867 2011 1007 2062 ποίαν
1048 2011 1198 2062 αἰτίαν
1244 2013 1317 2062 ἐπὶ
1361 2009 1416 2061 τὸ
1463 2013 1538 2061 καὶ
1583 2015 1732 2060 ταῦτα
1778 2009 1925 2077 φάναι

333 2092 521 2160 πρόεισι
578 2093 805 2159 Χριστὸς,
861 2094 1119 2158 ἀναγκαῖον
1173 2096 1331 2144 εἰπεῖν.
1421 2091 1672 2158 ἄνθρωπον
1728 2093 1924 2157 ὁρῶντες

334 2173 476 2225 αὐτὸν
501 2176 718 2225 Ἰουδαῖοι
744 2173 819 2223 διὰ
842 2172 895 2224 τὸ
921 2175 1198 2238 περίβλημα
1225 2176 1307 2237 τῆς
1335 2172 1531 2238 σαρκὸς,
1558 2171 1691 2223 οὐδὲν
1715 2170 1923 2223 ἐνενόουν

333 2257 439 2321 περὶ
478 2257 620 2306 αὑτοῦ
659 2255 926 2321 θεοπρεπὲς,
958 2252 1107 2323 ᾤοντο
1147 2254 1195 2305 δὲ
1233 2254 1304 2305 ὅτι
1351 2256 1426 2304 καὶ
1466 2253 1633 2318 θνητός
1672 2255 1775 2305 ἐστι
1813 2255 1920 2304 καθ’

335 2337 470 2400 ἡμᾶς,
498 2337 577 2387 ἅτε
614 2336 670 2400 δὴ
706 2338 781 2386 καὶ
816 2337 865 2386 ἐκ
902 2341 984 2386 τοῦ
1019 2334 1084 2399 μὴ
1120 2334 1254 2389 ὄντος
1290 2339 1352 2389 εἷς
1386 2334 1439 2386 τὸ
1466 2333 1581 2386 εἶναι
1607 2336 1919 2402 παρενεχθείς.

336 2417 406 2468 ὅτι
441 2417 489 2468 δὲ
522 2417 579 2481 ἧν
605 2416 749 2471 ἀίδιος
784 2419 844 2470 ὡς
880 2417 936 2485 ἐξ
967 2418 1116 2467 ἀϊδίου
1144 2415 1349 2482 Πατρὸς,
1376 2415 1615 2468 πιστεύειν
1642 2417 1723 2467 οὐκ
1749 2416 1924 2479 ἤθελον

337 2497 412 2549 διὰ
452 2497 642 2563 πολλὴν
681 2498 929 2559 ἀβουλίαν.
984 2498 1061 2548 ἵνα
1099 2499 1255 2548 τοίνυν
1294 2496 1518 2566 ἀποδείξῃ
1558 2502 1731 2566 σαφῶς
1770 2500 1831 2552 ὡς
1869 2499 1923 2549 οὐ

1945 559 1967 597 5

1949 974 1997 1000 10

1945 1793 1994 1818 20

336 2579 620 2650 πρόσφατός
658 2581 803 2640 ἐστιν,
845 2579 948 2630 οὐδὲ
987 2579 1233 2646 ἀρτιγενὴς
1272 2580 1382 2630 καθ’
1418 2580 1554 2643 ἡμᾶς,
1592 2580 1703 2630 ἀλλ’
1737 2578 1809 2629 ὅτι
1846 2580 1922 2630 καὶ
1942 2595 1992 2632 30

387 2770 416 2793 1.
443 2759 625 2793 τεθεᾶσθαι
646 2758 687 2793 Β.
709 2758 828 2792 Holst.
847 2757 1039 2792 θεάσασθαι
1058 2757 1154 2792 Aub.
1321 2770 1354 2799 4.
1380 2756 1558 2802 ἀντηρίτου
1578 2756 1621 2790 Β.
1638 2755 1836 2789 emendavit
1855 2755 1918 2790 Ht.

337 2806 370 2839 8.
396 2806 505 2839 αὐτῶν
525 2805 566 2839 B.
589 2805 650 2839 Ht.
670 2804 870 2839 emendavit
888 2810 927 2838 ut
945 2804 1088 2838 adnotat
1106 2805 1181 2849 ipse
1199 2803 1293 2838 Aub.
1471 2814 1524 2837 11.
1551 2803 1761 2836 ἐπετάττετο·
1790 2803 1919 2846 ἱερουρ-

336 2853 452 2895 γοῦντι
470 2850 633 2885 emendat
653 2851 782 2901 prse.
801 2850 971 2885 ἐπέταττε·
990 2853 1037 2895 τῷ
1057 2851 1286 2895 ἱερουργοῦντι
1305 2849 1371 2884 Ed.
1504 2857 1557 2893 17.
1583 2848 1666 2891 ὅπερ
1684 2854 1718 2881 et
1734 2847 1918 2891 ἀνυσθῆναι

337 2897 499 2930 emendat
519 2897 648 2942 Heyse.
667 2901 758 2942 ᾠπερ
777 2903 810 2931 et
827 2897 867 2932 ἂν
885 2897 1028 2940 ἡσθῆναι
1047 2896 1113 2931 Ed.
