2011 3266
289 141 376 180 254
698 141 748 182 B.
783 141 1063 182 CYRILLI
1104 141 1486 183 ALEXANDR.
1676 156 1715 182 x.
1738 140 1888 195 28ae30.

299 247 469 315 Πατὴρ
496 249 675 301 διδόναι
702 254 769 320 τῷ
795 254 910 320 Υὶῷ,
938 251 1024 319 οὐχ
1060 253 1122 304 ὡς
1156 250 1222 314 μὴ
1258 251 1411 318 ε”χοντι
1438 251 1507 301 ἀεὶ
1533 248 1623 301 ὑπὸ
1648 254 1780 318 χεῖρα
1804 247 1891 312 τὴν

295 332 467 393 κτίσιν,
507 333 619 383 ἀλλ’
658 334 720 386 ὡς
759 333 858 384 ὄντι
897 334 1024 402 αὐτῷ
1064 332 1211 401 φύσει
1252 333 1360 399 ζωῇ,
1399 332 1733 398 προσκομίζων
1769 332 1891 395 ἡμᾶς

295 414 404 468 τοὺς
437 415 759 477 ἐπιδεομὲνους
791 415 922 480 ζωῆς,
949 415 1025 464 ἵνα
1059 413 1133 465 διὰ
1167 419 1251 464 τοῦ
1276 418 1395 464 Υἱοῦ
1422 414 1782 480 ζωοποιηθῶμεν
1807 419 1891 464 τοῦ

296 494 430 549 ὄντος
458 495 602 563 φύσει
630 496 761 562 ζωῆς,
788 498 864 546 καὶ
891 496 1072 547 οἴκοθεν
1098 497 1288 563 ε”χοντος
1315 501 1466 548 τοῦτο.
1517 494 1647 560 πλὴν
1673 497 1749 546 καὶ
1773 494 1890 546 καθὸ

1909 590 1931 628 01

258 604 280 630 e
298 578 492 643 γε’γονεν
518 578 779 644 ἄνθρωπος,
807 578 995 644 ἁρμόζει
1030 579 1156 647 αὐτῷ
1191 577 1247 629 τὸ
1280 582 1423 629 αἰτεῖν
1448 599 1498 629 τε
1525 580 1600 628 καὶ
1626 576 1890 641 λαμβάνειν

296 659 427 724 παρὰ
452 665 535 710 τοῦ
563 659 754 725 Πατρὸς
781 657 812 709 ἃ
837 657 959 726 εἶχεν
984 662 1046 713 ὡς
1076 659 1218 727 φύσει
1245 658 1380 713 Θεός.

369 742 552 796 Ἐάσας
590 740 684 808 γὰρ
721 740 779 792 τὰ
817 742 1090 807 ἀνθρώπινα
1125 743 1149 792 ὁ
1179 740 1409 808 Χριστὸς,
1438 743 1513 793 ἐπὶ
1548 741 1602 793 τὸ
1639 740 1891 807 θεοπρεπὲς

295 824 438 874 αὐτοῦ
470 824 715 890 ἀνατρέχει
752 823 954 892 ἀξίωμα,
981 825 1352 889 ἐναβρύνομενος
1378 828 1475 877 τοῖς
1501 829 1722 892 φυσικοῖς
1749 825 1891 874 αὐτοῦ

72 925 159 960 667
175 922 226 959 Α.
258 934 279 956 a
296 905 679 970 πλεονεκτήμασι
719 904 794 955 διὰ
834 905 888 956 τὸ
927 905 1166 973 χρήσιμον
1201 911 1296 957 τῶν
1328 911 1515 958 πιστῶν
1548 909 1623 957 καὶ
1663 904 1748 970 τὴν
1784 907 1891 970 ὑγιᾶ

295 988 472 1049 πίστιν,
503 988 601 1052 ἥτις
628 989 731 1038 ἐστὶ
758 987 811 1039 τὸ
838 988 1060 1052 μηδόλως
1088 988 1365 1039 ὑποπτεύειν
1391 988 1624 1039 ἐλάττονα
1659 986 1772 1038 εἶναι
1807 992 1890 1038 τοῦ
1913 1005 1962 1031 10

298 1070 489 1136 Πατρὸς
534 1069 617 1121 τὸν
655 1069 788 1121 Υὶόν.
854 1071 975 1120 οὕτω
1021 1069 1114 1136 γὰρ
1161 1071 1391 1121 δείκνυται
1429 1070 1565 1121 εἰκὼν
1603 1068 1770 1134 ἀσινὴς
1808 1074 1892 1120 τοῦ

298 1152 505 1218 Πατρὸς,
546 1150 818 1218 ὁλόκληρον
857 1154 905 1202 ἐν
943 1153 1094 1221 ἑαυτῷ
1132 1154 1208 1203 καὶ
1248 1154 1356 1217 ὑγιῆ
1403 1152 1650 1218 διασώζων
1687 1151 1771 1202 τὸν
1808 1157 1892 1202 τοῦ

297 1233 489 1300 Πατρὸς
517 1236 809 1302 χαρακτῆρα.
862 1233 899 1285 ἓν
927 1234 974 1285 δὲ
1001 1234 1204 1300 λε’γομεν
1231 1234 1314 1286 τὸν
1331 1234 1450 1285 Υὶὸν
1477 1236 1553 1285 καὶ
1579 1233 1662 1285 τὸν
1683 1233 1891 1299 Πατερα,

294 1316 378 1366 οὐκ
420 1317 743 1386 ἀναφύροντες
781 1316 865 1370 τὰς
905 1319 953 1367 ἐν
987 1318 1173 1386 ἀριθμῷ
1211 1317 1434 1379 μονάδας,
1465 1317 1620 1369 καθώς
1655 1339 1774 1369 τινες
1808 1314 1892 1366 τὸν

293 1398 438 1450 αὐτὸν
465 1397 579 1450 εἶναι
608 1398 807 1464 λέγουσι
837 1399 1031 1465 Πατέρα
1056 1402 1130 1449 καὶ
1157 1397 1289 1462 Υὶὸν,
1316 1398 1449 1449 ἀλλὰ
1476 1401 1599 1451 ἰδίως
1627 1397 1891 1466 ὑφεστάναι
1911 1417 1958 1456 15

292 1481 598 1535 πιστεύοντες
622 1480 704 1532 τὸν
734 1481 940 1548 Πατέρα,
969 1483 1044 1532 καὶ
1082 1482 1207 1534 ἰδίως
1241 1480 1324 1532 τὸν
1349 1481 1482 1543 Υἱὸν,
1509 1479 1617 1534 τοὺς
1643 1480 1691 1531 δὲ
1719 1478 1802 1531 δύο
1829 1483 1892 1534 εἰς

292 1565 406 1627 μίαν
432 1564 599 1617 οὐσίας
636 1563 902 1627 ταυτότητά
938 1563 1245 1629 συνάγοντες,
1272 1565 1347 1614 καὶ
1382 1565 1495 1626 μίαν
1520 1562 1714 1631 ἔχοντας
1749 1560 1891 1630 ἰσχὺν

293 1646 478 1708 εἰδότες,
507 1648 568 1699 ὡς
595 1648 642 1696 ἐν
669 1649 736 1715 τῷ
762 1645 903 1715 ἑτέρῳ
931 1646 1088 1712 ἕτερον
1116 1646 1503 1711 ἀπαραλλάκτως
1531 1647 1752 1712 ὁρᾶσθαι.

366 1727 498 1794 Ἐγὼ
525 1730 598 1778 καὶ
628 1730 651 1779 ὁ
684 1726 854 1794 Πατὴρ
882 1729 929 1778 ἕν
956 1730 1116 1791 ἐσμεν.
1173 1728 1248 1778 διὰ
1274 1727 1361 1791 μὲν
1386 1732 1470 1778 τοῦ
1488 1726 1580 1789 (Ἑν,
1608 1726 1694 1791 τὴν
1718 1723 1887 1778 ταυτό-

293 1832 414 1874 τητα
455 1813 539 1873 τῆς
581 1811 746 1863 οὐσίας
788 1810 1028 1874 σημαίνει·
1090 1809 1167 1860 διὰ
1212 1809 1260 1860 δὲ
1306 1815 1390 1860 τοῦ
1429 1809 1594 1877 Ἐσμέν
1635 1813 1697 1862 εἷς
1743 1807 1890 1859 δυάδα
1911 1831 1960 1856 20

293 1892 447 1954 τέμνει
511 1892 565 1942 τὸ
630 1891 896 1955 νοούμενον,
950 1894 1026 1943 καὶ
1089 1891 1239 1943 πάλιν
1289 1896 1353 1946 εἰς
1411 1893 1524 1956 μίαν
1579 1891 1891 1960 περισφίγγει

294 1975 506 2038 θεότητα.

369 2056 512 2121 Πλὴν
532 2058 715 2107 κάκεῖνο
741 2056 860 2107 κατὰ
886 2056 1146 2122 Ἀρειανῶν
1166 2057 1468 2121 σημειωτέον,
1486 2057 1557 2108 ὅτι
1584 2059 1632 2108 ἐν
1653 2060 1720 2124 τῷ
1747 2058 1889 2106 εἰπεῖν

290 2138 414 2205 Ἐγὼ
453 2145 529 2190 καὶ
560 2146 577 2191 ὁ
610 2138 758 2209 Πατὴρ
787 2139 824 2190 ἕν
851 2140 994 2207 ἐσμεν,
1021 2139 1074 2189 οὐ
1105 2141 1188 2202 τῆς
1220 2139 1563 2199 ταὺτοβουλιάς
1599 2139 1627 2203 ἡ
1661 2137 1889 2203 δήλωσις,

292 2223 403 2271 ἀλλ’
434 2222 460 2285 ἡ
487 2224 571 2284 τῆς
599 2222 764 2274 οὐσίας
800 2219 961 2284 ἑνότης
993 2221 1291 2284 σημαίνεται·
1337 2221 1408 2271 ὅτι
1444 2220 1537 2287 γὰρ
1572 2223 1648 2271 καὶ
1673 2221 1889 2271 Ἰουδαῖοι
1910 2244 1958 2282 25

292 2302 496 2367 ἐνόησαν
529 2303 599 2353 ὅτι
640 2308 780 2353 τοῦτο
819 2302 961 2353 εἰπὼν
989 2301 1115 2353 Θεὸν
1147 2301 1315 2353 ἑαυτὸν
1346 2300 1462 2352 εἶναι
1501 2302 1628 2367 λέγει
1668 2304 1742 2352 καὶ
1782 2302 1890 2353 ἴσον

340 2493 374 2527 3.
394 2482 447 2516 διὰ
466 2482 534 2516 a.k.
555 2481 618 2516 ὑπὸ
638 2480 732 2515 Aub.
751 2480 810 2526 qui
829 2479 896 2514 hoc
914 2480 1062 2515 verbum
1082 2481 1116 2515 in
1137 2480 1214 2515 Cat.
1236 2480 1336 2514 Harl.
1357 2479 1476 2514 deesse
1494 2479 1649 2514 adnotat.
1747 2478 1779 2513 6.
1801 2479 1888 2524 ἅπερ

293 2541 323 2563 a.
341 2529 361 2562 ἂ
380 2529 485 2562 habet
503 2530 538 2562 k,
721 2537 752 2572 7.
781 2527 898 2561 Verba
915 2526 1005 2573 Ἐγὼ
1027 2528 1079 2561 καὶ
1099 2529 1115 2560 ὁ
1133 2528 1243 2571 πατὴρ
1262 2527 1297 2560 ἕν
1315 2527 1419 2570 ἐσμεν
1437 2527 1492 2560 hic
1512 2528 1657 2561 collocat
1675 2526 1782 2566 Aub.,
1801 2537 1889 2571 quae

294 2588 400 2620 supra
413 2576 486 2620 jam
506 2586 640 2619 ponens
658 2574 715 2608 hic
734 2574 869 2607 omitto.
970 2574 1037 2607 Hic
1056 2575 1208 2608 amissus
1228 2574 1412 2619 quaternio
1430 2586 1447 2607 e
1465 2574 1500 2608 k.
1725 2573 1758 2605 S.
1785 2572 1888 2606 αὐτοῦ

292 2621 407 2667 prius]
424 2623 544 2655 ἑαυτοῦ
563 2633 593 2655 a.
695 2632 747 2654 10.
774 2621 934 2664 μηδαμῶς
952 2632 982 2654 a.
1000 2621 1159 2664 μηδόλως
1177 2621 1280 2654 habet
1297 2621 1373 2654 Cat.
1391 2620 1488 2654 Harl.
1589 2629 1642 2664 15.
1668 2617 1889 2653 mareiam:

293 2670 483 2713 ὑφεστάναι
501 2669 640 2702 inverso
658 2667 779 2701 ordine
798 2679 828 2700 a.
1033 2668 1084 2701 18.
1111 2666 1276 2712 ὁρᾶσθαι]
1300 2668 1398 2703 Quae
1417 2666 1655 2712 sequebantur
1671 2666 1731 2700 τὰς
1747 2665 1786 2699 δέ
1801 2679 1889 2709 γε-

293 2717 376 2749 κατὰ
393 2716 452 2750 τὰς
470 2716 586 2759 φωνάς
603 2714 646 2748 ad
666 2714 863 2758 Epistolam
882 2712 924 2747 ad
944 2713 1152 2748 Nestorium
1170 2726 1204 2758 p.
1219 2725 1260 2758 73
1276 2715 1471 2757 pertinent:
1498 2712 1623 2746 deinde
1641 2713 1691 2746 ἔτι
1709 2712 1738 2745 εἷ
1754 2712 1889 2746 πάντων

291 2764 501 2804 μείζων-τὰ
518 2761 688 2804 ποιήματα
706 2760 749 2794 ad
767 2760 991 2794 'l'hesaurum
1007 2760 1087 2805 326,
1107 2767 1320 2806 quapropter
1338 2760 1563 2794 omittuntur.
1668 2770 1792 2802 19—1).
1809 2768 1888 2802 255,

293 2819 326 2842 2.
352 2808 576 2842 Scholiorum
597 2807 668 2841 duo
686 2818 874 2851 parvorum
892 2807 990 2850 prius
1008 2819 1025 2841 e
1045 2806 1134 2841 Cod.
1149 2807 1228 2840 Vat.
1248 2806 1357 2840 edidit
1377 2806 1450 2839 Mai
1468 2807 1489 2839 l.
1510 2806 1568 2840 cit.
1587 2804 1682 2838 unde
1702 2804 1835 2848 Migne,
1854 2809 1889 2837 et

292 2854 339 2887 ita
364 2867 394 2888 a.
419 2854 580 2897 s01.462.
629 2853 824 2887 Athanasio
850 2860 968 2887 autem
993 2853 1169 2887 tribuente
1196 2853 1274 2886 Cat.
1298 2853 1400 2887 Harl.
1425 2852 1657 2896 praetermisit
1680 2850 1774 2884 Aub.
1822 2850 1888 2884 Al-

292 2906 407 2952 terurn
433 2913 474 2934 ex
501 2913 521 2935 a
545 2901 605 2935 fol.
625 2900 706 2942 464.
726 2899 819 2934 edidi
845 2899 931 2944 ipse,
951 2911 1015 2934 nec
1043 2899 1157 2935 dicere
1182 2898 1295 2934 audeo
1321 2899 1362 2933 ad
1391 2897 1476 2944 quid
1500 2898 1547 2933 D.
1567 2897 1689 2943 cyrilli
1715 2897 1887 2942 scriptum

293 2952 477 2991 pertlneat.
