2037 3266
335 122 420 163 516
737 123 788 165 Β.
819 122 1091 164 CYRILLI
1132 122 1511 163 ALEXANDR.
1747 122 1832 167 xiv.
1853 120 1919 164 28.

336 230 544 298 καθάπερ
589 233 614 283 ὁ
658 230 743 296 μὲν
781 233 955 297 ἔμεινεν
993 234 1042 283 ἐν
1084 231 1151 286 οἷς
1196 232 1255 297 ἦν
1294 235 1376 292 ἀεὶ,
1412 233 1437 283 ὁ
1482 231 1530 283 δὲ
1576 230 1662 295 τὴν
1706 231 1922 282 ἑκούσιον

338 314 589 377 ὑπομείνας
627 315 826 365 κένωσιν
863 316 912 365 ἐν
945 318 1004 381 τῇ
1041 320 1124 365 τοῦ
1165 314 1337 365 δούλου
1376 312 1549 378 κατέβη
1587 317 1766 382 μορφῇ,
1805 311 1922 379 πρὸς

114 394 246 425 Ps.eix.
337 394 423 459 τὴν
462 396 632 447 οἰκείαν
670 397 800 450 αὖθις
839 396 1138 460 ἀνεβιβάσθη
1179 394 1338 465 δόξαν,
1378 395 1585 449 ἀκούσας
1625 403 1651 424 “
1673 393 1836 445 Κάθου
1874 395 1924 445 ἐκ

291 480 317 522 b
339 484 364 507 ‘⁴
391 479 557 547 δεξιῶν
588 501 678 542 μου
713 478 797 531 ἕως
833 476 890 528 ἂν
923 482 990 528 θῶ
1029 476 1136 531 τοὺς
1174 477 1367 545 ἐχθρούς
1406 501 1497 529 σου
1537 476 1792 529 ὑποπόδιον
1830 481 1924 527 τῶν

336 567 363 590 “
388 564 549 612 ποδῶν
587 561 722 611 σου.”
773 561 850 611 ἵνα
894 560 942 611 δὲ
992 560 1058 624 μὴ
1110 563 1267 626 δοκοίη
1310 561 1664 626 πλεονεκτήσας
1711 564 1786 612 καὶ
1837 562 1965 629 οὐχ5

335 641 501 693 ἑκόντα
557 641 702 710 τυχὸν
751 641 835 693 τὸν
885 644 934 693 ἐν
983 647 1080 696 τοῖς
1134 644 1347 709 οὐρανοῖς
1402 644 1594 709 Πατέρα
1646 646 1720 694 καὶ
1772 643 1918 706 Θεὸν,

335 729 530 776 καθῖσαι
567 724 685 791 πρὸς
727 729 823 777 τοῖς
868 724 1036 793 δεξιοῖς
1075 725 1158 776 τὸν
1192 725 1310 777 Υὶὸν
1348 725 1486 781 αὐτὸς
1525 731 1662 777 τοῦτο
1703 725 1857 791 λέγων
1895 725 1921 775 ὃ

338 805 509 873 Πατὴρ
535 806 863 871 εἷσενήνεκται,
888 806 943 858 τὸ
971 807 1059 858 Ἐκ
1083 808 1249 876 δεξιῶν
1275 831 1366 870 μου
1393 808 1552 870 κοίθου,
1582 808 1718 876 φησί.
1766 808 1840 858 καὶ
1868 807 1921 858 οὐ

335 887 392 952 δή
422 911 492 942 τις
517 889 612 955 ἐρεῖ
633 894 743 939 νοῦν
769 888 905 956 ἔχων,
935 891 996 942 ὡς
1033 894 1128 943 τοῖς
1168 890 1394 957 δευτέροις
1429 891 1454 941 ὁ
1483 889 1651 957 Πατὴρ
1683 891 1922 953 τετίμηται

335 969 417 1020 τὸν
443 970 562 1021 Υὶὸν
600 971 721 1038 ἔχων
759 972 809 1021 ἐκ
851 971 1031 1040 δεξιῶν,
1071 977 1299 1038 λογιεῖται
1345 973 1392 1023 δὲ
1437 977 1627 1035 μᾶλλον
1665 974 1807 1023 ἐκεῖνο
1846 973 1920 1022 καὶ
1944 996 1992 1022 10

334 1052 660 1122 διασκέψεται.
721 1052 809 1103 ἔδει
846 1051 939 1119 γὰρ
978 1053 1123 1107 ὅντως
1162 1056 1211 1105 ἐκ
1251 1054 1416 1123 δεξιῶν
1456 1058 1682 1116 νοεῖσθαι,
1726 1055 1800 1105 καὶ
1838 1053 1921 1104 τὸν

333 1134 606 1186 ἀνύποπτον
645 1139 706 1188 εἷς
745 1134 1014 1186 ἐλάττωσιν
1053 1136 1172 1203 ἔχειν
1211 1137 1370 1199 τόπον,
1404 1138 1506 1204 οὐχὶ
1544 1135 1695 1200 δήπου
1732 1134 1920 1189 πάντως

294 1241 315 1267 e
334 1215 416 1267 τὸν
445 1217 651 1284 Πατέρα,
677 1221 869 1281 μᾶλλον
897 1217 943 1268 δὲ
982 1216 1065 1268 τὸν
1091 1217 1221 1280 Υἱὸν,
1249 1217 1324 1269 διὰ
1362 1218 1447 1282 τὴν
1476 1219 1691 1269 ἑκούσιον
1721 1216 1920 1268 κένωσιν

334 1301 408 1349 καὶ
454 1299 708 1364 ὑποταγὴν,
749 1301 811 1352 ὡς
848 1300 917 1351 ἐπ’
951 1299 1175 1351 ἐλάττοσι
1214 1301 1619 1367 κατηγορούμενον
1655 1298 1785 1366 παρὰ
1825 1303 1920 1349 τῶν

333 1381 540 1431 συνιέναι
566 1381 631 1445 μὴ
658 1381 926 1444 δυναμένων
952 1380 1006 1432 τὸ
1033 1384 1099 1433 ἐπ’
1130 1383 1255 1452 αὐτῷ
1280 1383 1557 1449 μυστήριον.
1603 1381 1680 1432 διὰ
1705 1387 1843 1433 τοῦτο
1869 1383 1919 1432 ἐκ
1944 1399 1988 1439 15

334 1463 501 1532 δεξιῶν
526 1469 610 1514 τοῦ
636 1463 908 1527 μηδαμόθεν
935 1469 1302 1530 κατηγορεῖσθαι
1329 1464 1584 1527 δυναμένου
1613 1462 1818 1530 Πατρὸς,
1843 1463 1919 1514 ἵνα

332 1542 387 1595 τὸ
415 1543 631 1608 ἰσότιμον
657 1543 863 1609 σώζηται
888 1547 954 1613 τῷ
980 1549 1095 1614 Υὶῴ.

409 1629 503 1677 Καὶ
530 1630 661 1678 ταυτὶ
694 1627 779 1690 μὲν
805 1627 915 1690 ἡμῖν
940 1627 1245 1691 εἰσεκομίσθη
1280 1626 1338 1677 τὰ
1370 1628 1637 1692 διηγήματα
1671 1627 1918 1694 χρησίμως

334 1712 395 1762 εἷς
433 1708 487 1759 τὸ
521 1710 687 1774 παρὸν,
717 1710 798 1759 οὐκ
825 1711 1064 1773 ἀσυντελῆ
1091 1713 1187 1762 τοῖς
1212 1708 1527 1774 προκειμένοις
1554 1710 1722 1776 ἔχοντα
1749 1707 1913 1775 λόγον.

333 1791 591 1852 ἀναλαβὼν
631 1791 679 1842 δὲ
716 1793 921 1852 ἐσαῦθις,
957 1794 1033 1841 καὶ
1073 1791 1200 1854 ὅλον,
1237 1792 1298 1844 ὡς
1337 1790 1446 1845 ε”πος
1485 1796 1646 1854 εἰπεῖν,
1679 1791 1737 1860 ἐξ
1770 1793 1917 1859 ἀρχῆς
1940 1817 1989 1843 20

333 1873 756 1939 ἀναμηρυσάμενος
781 1875 864 1936 τῆς
890 1871 1162 1941 ἐξηγήσεως
1188 1871 1270 1923 τὸν
1296 1872 1497 1931 σκοπὸν,
1527 1875 1615 1939 ε’ρῶ
1643 1873 1698 1937 δὴ
1725 1872 1914 1936 λοιπὸν,

288 1958 395 2009 debs
434 1955 520 2019 ἡδὺ
558 1955 643 2019 μὲν
682 1956 791 2019 ἡμῖν
829 1957 904 2005 καὶ
944 1956 997 2006 δι’
1036 1956 1172 2022 εὐχῆς
1211 1957 1286 2005 καὶ
1326 1955 1472 2023 φίλον
1509 1953 1564 2006 τὸ
1603 1959 1807 2006 συνεῖναι
1843 1955 1919 2005 διὰ

110 2057 272 2097 Ριιῑ1.ῑὶ.7.
333 2038 512 2091 παντὸς
564 2042 630 2107 τῷ
681 2040 867 2103 Σωτῆρι
916 2040 1131 2106 Χριστῷ,
1178 2037 1327 2087 καίτοι
1379 2038 1434 2086 δι’
1481 2037 1601 2101 ἡμᾶς
1651 2035 1919 2088 κεκενωκότι

334 2120 511 2183 ἑαυτὸν,
554 2120 675 2170 καθὰ
723 2120 999 2185 γέγραπται,
1039 2121 1115 2169 καὶ
1159 2123 1221 2172 εἷς
1266 2117 1319 2169 τὸ
1364 2121 1532 2185 σχῆμα
1582 2119 1814 2189 γενομένῳ
1864 2117 1919 2169 τὸ

336 2202 572 2264 οἰκετικὸν,
601 2205 674 2252 καὶ
716 2206 777 2254 εἷς
816 2200 902 2263 τὴν
933 2203 1015 2264 τῆς
1054 2200 1346 2265 ἀνθρωπίνης
1385 2199 1577 2268 φύσεως
1615 2200 1822 2268 ἀδοξίαν.
1874 2201 1923 2251 τί
1941 2223 1989 2262 25

334 2283 428 2350 γὰρ
462 2285 489 2347 ἡ
524 2284 775 2350 ἀνθρώπου
810 2281 968 2349 φύσις,
994 2284 1056 2335 ὡς
1089 2282 1207 2346 πρὸς
1235 2282 1389 2341 Θεόνς
1431 2280 1542 2330 ἀλλ’
1570 2283 1652 2332 οὐκ
1691 2283 1816 2351 αὐτῷ
1852 2287 1918 2350 τῷ

334 2369 436 2434 Υἱῴ
463 2371 602 2416 τοῦτο
630 2364 881 2431 χρήσιμον,
902 2361 1152 2415 λυσιτελὲς
1177 2361 1226 2413 δὲ
1251 2367 1442 2426 μᾶλλον
1463 2361 1515 2414 τὸ
1544 2366 1772 2427 ἀναβῆναι
1798 2363 1917 2429 πρὸς

334 2447 417 2498 τὸν
453 2447 661 2511 Πατέρα,
704 2448 779 2497 καὶ
818 2444 904 2509 τὴν
942 2444 1112 2495 οἰκείαν
1150 2445 1534 2508 ἀνακομίσασθαι
1572 2445 1716 2513 δόξαν
1755 2468 1804 2495 τε
1843 2447 1917 2496 καὶ

335 2529 556 2598 ἐξουσίαν
607 2531 681 2580 καὶ
733 2528 919 2597 ἀξίωμα
969 2526 1023 2576 τὸ
1075 2525 1325 2593 θεοπρεπὲς
1375 2525 1648 2595 ἀναφανδὸν
1698 2527 1799 2591 ἤδη,
1843 2529 1919 2577 καὶ

336 2610 487 2662 οὐκέτι
527 2608 950 2672 κατεσκιασμένως.
1004 2607 1214 2658 κεκοῖθικε
1248 2607 1341 2674 γὰρ
1380 2609 1429 2658 ἐκ
1468 2608 1645 2677 δεξιῶν,
1677 2606 1919 2661 ἐθέλοντος
1940 2627 1992 2664 30
2036 2623 2037 2675 ξ

296 2698 475 2747 θτοῦτο
510 2694 585 2743 καὶ
621 2693 762 2742 αὑτοῦ
798 2696 881 2741 τοῦ
912 2689 1118 2755 Πατρός.
1174 2694 1310 2758 φιλεῖ
1342 2689 1435 2756 γὰρ
1474 2692 1536 2744 ὡς
1571 2690 1686 2740 ’ίδιον
1711 2689 1918 2755 γέννημα

381 2832 413 2864 8.
442 2830 659 2874 Legendmn,
680 2836 717 2864 ut
736 2830 819 2869 vid„
838 2829 938 2874 φημί.
1143 2841 1175 2873 9.
1203 2827 1260 2872 δή]
1280 2828 1330 2861 δεῖ
1349 2828 1389 2862 Ε.
1599 2840 1652 2870 14.
1678 2828 1868 2862 ἐλάττωσιν
1885 2840 1915 2863 c.

335 2877 621 2921 κατηγορευμένον
640 2878 680 2911 E.
700 2875 987 2921 κατηγορούμενον
1006 2875 1135 2909 habent
1152 2887 1214 2908 a.c.
1234 2874 1340 2909 Cord.
1560 2886 1611 2919 19.
1637 2874 1774 2919 ἔχοντα]
1801 2879 1836 2915 -Ι-
1859 2875 1916 2909 τὸν

335 2923 400 2957 Ed.
421 2924 529 2958 invito
550 2924 589 2958 E.
734 2934 791 2968 29.
816 2923 877 2967 ἤδη
896 2929 1118 2967 assumptum
1137 2934 1176 2955 ex
1197 2922 1237 2956 E.

2036 2677 2037 2702 ι

2034 2827 2037 2865 ἓ

2030 2952 2037 3073 ἐ

2030 3074 2037 3123 3
