<?xml version="1.0" encoding="UTF-8"?>
<!DOCTYPE html PUBLIC "-//W3C//DTD XHTML 1.0 Transitional//EN"
    "http://www.w3.org/TR/xhtml1/DTD/xhtml1-transitional.dtd">
<html xmlns="http://www.w3.org/1999/xhtml" xml:lang="en" lang="en">
 <head>
  <title>
</title>
<meta http-equiv="Content-Type" content="text/html;charset=utf-8" />
  <meta name='ocr-system' content='tesseract 3.04.00' />
  <meta name='ocr-capabilities' content='ocr_page ocr_carea ocr_par ocr_line ocrx_word'/>
</head>
<body>
  <div class='ocr_page' id='page_1' title='image "./operacyrilli04cyriuoft/operacyrilli04cyriuoft_0216.png"; bbox 0 0 2001 3261; ppageno 0'>
   <div class='ocr_carea' id='block_1_1' title="bbox 289 137 1877 192">
    <p class='ocr_par' dir='ltr' id='par_1_1' title="bbox 289 137 1877 192">
     <span class='ocr_line' id='line_1_1' title="bbox 289 137 1877 192; baseline -0.002 -12"><span class='ocrx_word' id='word_1_1' title='bbox 289 141 374 180; x_wconf 52' lang='lat'>2042</span> <span class='ocrx_word' id='word_1_2' title='bbox 687 140 738 180; x_wconf 87' lang='lat' dir='ltr'>B.</span> <span class='ocrx_word' id='word_1_3' title='bbox 772 139 1050 180; x_wconf 87' lang='lat' dir='ltr'>CYRILLI</span> <span class='ocrx_word' id='word_1_4' title='bbox 1092 139 1470 179; x_wconf 85' lang='lat' dir='ltr'><strong>ALEXANDR.</strong></span> <span class='ocrx_word' id='word_1_5' title='bbox 1734 137 1790 177; x_wconf 83' lang='lat' dir='ltr'>ix.</span> <span class='ocrx_word' id='word_1_6' title='bbox 1808 150 1877 192; x_wconf 83' lang='lat'>39.</span> 
     </span>
    </p>
   </div>
   <div class='ocr_carea' id='block_1_2' title="bbox 71 246 1959 1793">
    <p class='ocr_par' dir='ltr' id='par_1_2' title="bbox 71 246 1959 1793">
     <span class='ocr_line' id='line_1_2' title="bbox 291 246 1881 318; baseline 0.001 -20"><span class='ocrx_word' id='word_1_7' title='bbox 291 249 488 318; x_wconf 87' lang='grc' dir='ltr'>ἀφίκετο</span> <span class='ocrx_word' id='word_1_8' title='bbox 513 248 598 313; x_wconf 82' lang='grc' dir='ltr'>μὲν</span> <span class='ocrx_word' id='word_1_9' title='bbox 624 248 719 316; x_wconf 77' lang='grc' dir='ltr'>γὰρ</span> <span class='ocrx_word' id='word_1_10' title='bbox 755 249 1002 318; x_wconf 78' lang='grc' dir='ltr'>ἐξανύσων</span> <span class='ocrx_word' id='word_1_11' title='bbox 1029 248 1112 300; x_wconf 82' lang='grc' dir='ltr'>τὸν</span> <span class='ocrx_word' id='word_1_12' title='bbox 1138 248 1195 317; x_wconf 75' lang='grc' dir='ltr'>ἐξ</span> <span class='ocrx_word' id='word_1_13' title='bbox 1225 246 1511 314; x_wconf 80' lang='grc' dir='ltr'>ἡμερότητος</span> <span class='ocrx_word' id='word_1_14' title='bbox 1545 249 1628 311; x_wconf 86' lang='grc' dir='ltr'>τῆς</span> <span class='ocrx_word' id='word_1_15' title='bbox 1663 250 1726 300; x_wconf 79' lang='grc' dir='ltr'>εἰς</span> <span class='ocrx_word' id='word_1_16' title='bbox 1760 246 1881 309; x_wconf 84' lang='grc' dir='ltr'>ἡμᾶς</span> 
     </span>
     <span class='ocr_line' id='line_1_3' title="bbox 291 329 1882 398; baseline -0.001 -17"><span class='ocrx_word' id='word_1_17' title='bbox 291 331 579 397; x_wconf 89' lang='grc' dir='ltr'>προτεθέντα</span> <span class='ocrx_word' id='word_1_18' title='bbox 620 330 821 393; x_wconf 78' lang='grc' dir='ltr'>σκοπὸν,</span> <span class='ocrx_word' id='word_1_19' title='bbox 859 330 1092 393; x_wconf 77' lang='grc' dir='ltr'>τουτέστι,</span> <span class='ocrx_word' id='word_1_20' title='bbox 1132 330 1465 398; x_wconf 86' lang='grc' dir='ltr'>καταφωτίσαι</span> <span class='ocrx_word' id='word_1_21' title='bbox 1504 329 1786 392; x_wconf 79' lang='grc' dir='ltr'>σύμπαντας</span> <span class='ocrx_word' id='word_1_22' title='bbox 1824 334 1882 396; x_wconf 86' lang='grc' dir='ltr'>τῇ</span> 
     </span>
     <span class='ocr_line' id='line_1_4' title="bbox 247 408 1883 482; baseline -0.002 -19"><span class='ocrx_word' id='word_1_23' title='bbox 247 416 273 456; x_wconf 83' lang='lat' dir='ltr'><strong>b</strong></span> <span class='ocrx_word' id='word_1_24' title='bbox 293 417 377 463; x_wconf 83' lang='grc' dir='ltr'>τοῦ</span> <span class='ocrx_word' id='word_1_25' title='bbox 418 412 695 477; x_wconf 85' lang='grc' dir='ltr'>Πνεύματος</span> <span class='ocrx_word' id='word_1_26' title='bbox 735 413 973 482; x_wconf 75' lang='grc' dir='ltr'>δᾳδουχίᾳ.</span> <span class='ocrx_word' id='word_1_27' title='bbox 1040 415 1178 463; x_wconf 82' lang='grc' dir='ltr'>δεινοὶ</span> <span class='ocrx_word' id='word_1_28' title='bbox 1216 411 1264 462; x_wconf 78' lang='grc' dir='ltr'>δὲ</span> <span class='ocrx_word' id='word_1_29' title='bbox 1302 410 1420 477; x_wconf 81' lang='grc' dir='ltr'>πρὸς</span> <span class='ocrx_word' id='word_1_30' title='bbox 1458 410 1694 462; x_wconf 81' lang='grc' dir='ltr'>ἀπείθειαν</span> <span class='ocrx_word' id='word_1_31' title='bbox 1733 408 1883 475; x_wconf 78' lang='grc' dir='ltr'>ὑπάρ-</span> 
     </span>
     <span class='ocr_line' id='line_1_5' title="bbox 294 491 1882 561; baseline -0.001 -18"><span class='ocrx_word' id='word_1_32' title='bbox 294 517 456 561; x_wconf 91' lang='grc' dir='ltr'>χοντες</span> <span class='ocrx_word' id='word_1_33' title='bbox 499 493 714 545; x_wconf 87' lang='grc' dir='ltr'>Ἰουδαῖοι</span> <span class='ocrx_word' id='word_1_34' title='bbox 759 494 846 559; x_wconf 84' lang='grc' dir='ltr'>τὴν</span> <span class='ocrx_word' id='word_1_35' title='bbox 885 493 1387 559; x_wconf 81' lang='grc' dir='ltr'>καταλαμπρύνουσαν</span> <span class='ocrx_word' id='word_1_36' title='bbox 1429 491 1595 546; x_wconf 78' lang='grc' dir='ltr'>αὐτοὺς</span> <span class='ocrx_word' id='word_1_37' title='bbox 1640 493 1692 542; x_wconf 88' lang='grc' dir='ltr'>οὐ</span> <span class='ocrx_word' id='word_1_38' title='bbox 1733 514 1882 558; x_wconf 89' lang='grc' dir='ltr'>παρε-</span> 
     </span>
     <span class='ocr_line' id='line_1_6' title="bbox 295 573 1927 643; baseline 0.002 -19"><span class='ocrx_word' id='word_1_39' title='bbox 295 576 493 643; x_wconf 70' lang='grc' dir='ltr'>δέξαντο</span> <span class='ocrx_word' id='word_1_40' title='bbox 537 575 689 643; x_wconf 75' lang='grc' dir='ltr'>χάριν,</span> <span class='ocrx_word' id='word_1_41' title='bbox 735 576 1030 639; x_wconf 79' lang='grc' dir='ltr'>αὐτόκλητον</span> <span class='ocrx_word' id='word_1_42' title='bbox 1075 573 1240 640; x_wconf 80' lang='grc' dir='ltr'>ὥσπερ</span> <span class='ocrx_word' id='word_1_43' title='bbox 1282 575 1357 643; x_wconf 83' lang='grc' dir='ltr'>ἐφ’</span> <span class='ocrx_word' id='word_1_44' title='bbox 1397 574 1588 628; x_wconf 77' lang='grc' dir='ltr'>ἑαυτοὺς</span> <span class='ocrx_word' id='word_1_45' title='bbox 1633 578 1927 627; x_wconf 84' lang='grc' dir='ltr'>καλοῦντες5</span> 
     </span>
     <span class='ocr_line' id='line_1_7' title="bbox 294 656 1879 723; baseline -0.001 -17"><span class='ocrx_word' id='word_1_46' title='bbox 294 656 376 707; x_wconf 73' lang='grc' dir='ltr'>τὸν</span> <span class='ocrx_word' id='word_1_47' title='bbox 403 656 685 721; x_wconf 87' lang='grc' dir='ltr'>σκοτισμόν.</span> <span class='ocrx_word' id='word_1_48' title='bbox 741 659 818 708; x_wconf 81' lang='grc' dir='ltr'>καὶ</span> <span class='ocrx_word' id='word_1_49' title='bbox 852 662 968 722; x_wconf 79' lang='grc' dir='ltr'>γοῦν</span> <span class='ocrx_word' id='word_1_50' title='bbox 992 657 1259 723; x_wconf 89' lang='grc' dir='ltr'>γέγραπται</span> <span class='ocrx_word' id='word_1_51' title='bbox 1294 661 1399 723; x_wconf 84' lang='grc' dir='ltr'>περὶ</span> <span class='ocrx_word' id='word_1_52' title='bbox 1435 657 1590 707; x_wconf 82' lang='grc' dir='ltr'>αὐτῶν</span> <span class='ocrx_word' id='word_1_53' title='bbox 1616 657 1664 706; x_wconf 85' lang='grc' dir='ltr'>ἐν</span> <span class='ocrx_word' id='word_1_54' title='bbox 1689 658 1879 723; x_wconf 87' lang='grc' dir='ltr'>προφη-</span> 
     </span>
     <span class='ocr_line' id='line_1_8' title="bbox 71 737 1886 807; baseline 0.001 -18"><span class='ocrx_word' id='word_1_55' title='bbox 71 752 230 794; x_wconf 47' lang='lat' dir='ltr'>Es.lix29-</span> <span class='ocrx_word' id='word_1_56' title='bbox 295 743 438 791; x_wconf 81' lang='grc' dir='ltr'>τικοῖς</span> <span class='ocrx_word' id='word_1_57' title='bbox 464 738 739 803; x_wconf 74' lang='grc' dir='ltr'>μηνύμασιν</span> <span class='ocrx_word' id='word_1_58' title='bbox 760 747 786 768; x_wconf 80' lang='grc'><strong>“</strong></span> <span class='ocrx_word' id='word_1_59' title='bbox 806 738 1192 802; x_wconf 65' lang='grc' dir='ltr'>’Υπομεινάντων</span> <span class='ocrx_word' id='word_1_60' title='bbox 1218 740 1373 789; x_wconf 83' lang='grc' dir='ltr'>αὐτῶν</span> <span class='ocrx_word' id='word_1_61' title='bbox 1399 743 1501 807; x_wconf 80' lang='grc' dir='ltr'>φῶς</span> <span class='ocrx_word' id='word_1_62' title='bbox 1527 737 1707 804; x_wconf 83' lang='grc' dir='ltr'>ἐγένετο</span> <span class='ocrx_word' id='word_1_63' title='bbox 1732 738 1886 791; x_wconf 82' lang='grc' dir='ltr'>αὐτοῖς</span> 
     </span>
     <span class='ocr_line' id='line_1_9' title="bbox 297 818 1887 888; baseline -0.001 -18"><span class='ocrx_word' id='word_1_64' title='bbox 297 828 324 849; x_wconf 79' lang='grc'><strong>“</strong></span> <span class='ocrx_word' id='word_1_65' title='bbox 351 821 538 882; x_wconf 79' lang='grc' dir='ltr'>σκότος,</span> <span class='ocrx_word' id='word_1_66' title='bbox 578 821 818 884; x_wconf 71' lang='grc' dir='ltr'>μείναντες</span> <span class='ocrx_word' id='word_1_67' title='bbox 856 821 1007 886; x_wconf 80' lang='grc' dir='ltr'>αὐγὴν</span> <span class='ocrx_word' id='word_1_68' title='bbox 1048 823 1095 871; x_wconf 87' lang='grc' dir='ltr'>ἐν</span> <span class='ocrx_word' id='word_1_69' title='bbox 1133 820 1284 888; x_wconf 72' lang='grc' dir='ltr'>ἀωρίᾳ</span> <span class='ocrx_word' id='word_1_70' title='bbox 1321 819 1721 886; x_wconf 83' lang='grc' dir='ltr'>περιεπάτησαν.”</span> <span class='ocrx_word' id='word_1_71' title='bbox 1768 818 1887 869; x_wconf 78' lang='grc' dir='ltr'>ὅσον</span> 
     </span>
     <span class='ocr_line' id='line_1_10' title="bbox 295 901 1887 970; baseline -0.001 -16"><span class='ocrx_word' id='word_1_72' title='bbox 295 904 390 970; x_wconf 77' lang='grc' dir='ltr'>γὰρ</span> <span class='ocrx_word' id='word_1_73' title='bbox 417 905 525 969; x_wconf 78' lang='grc' dir='ltr'>ἧκεν</span> <span class='ocrx_word' id='word_1_74' title='bbox 553 909 615 958; x_wconf 81' lang='grc' dir='ltr'>εὶς·</span> <span class='ocrx_word' id='word_1_75' title='bbox 642 904 695 956; x_wconf 83' lang='grc' dir='ltr'>τὸ</span> <span class='ocrx_word' id='word_1_76' title='bbox 721 911 804 955; x_wconf 84' lang='grc' dir='ltr'>τοῦ</span> <span class='ocrx_word' id='word_1_77' title='bbox 832 904 977 968; x_wconf 90' lang='grc' dir='ltr'>νόμου</span> <span class='ocrx_word' id='word_1_78' title='bbox 1002 904 1237 970; x_wconf 85' lang='grc' dir='ltr'>κήρυγμα,</span> <span class='ocrx_word' id='word_1_79' title='bbox 1263 905 1533 970; x_wconf 76' lang='grc' dir='ltr'>περιέμενον</span> <span class='ocrx_word' id='word_1_80' title='bbox 1559 905 1776 954; x_wconf 90' lang='grc' dir='ltr'>Ἰουδαῖοι</span> <span class='ocrx_word' id='word_1_81' title='bbox 1800 901 1887 966; x_wconf 88' lang='grc' dir='ltr'>τήν</span> 
     </span>
     <span class='ocr_line' id='line_1_11' title="bbox 296 984 1959 1055; baseline -0.001 -19"><span class='ocrx_word' id='word_1_82' title='bbox 296 1010 343 1036; x_wconf 87' lang='grc' dir='ltr'>τε</span> <span class='ocrx_word' id='word_1_83' title='bbox 387 985 538 1051; x_wconf 76' lang='grc' dir='ltr'>αὐγὴν</span> <span class='ocrx_word' id='word_1_84' title='bbox 578 988 652 1037; x_wconf 75' lang='grc' dir='ltr'>καὶ</span> <span class='ocrx_word' id='word_1_85' title='bbox 692 985 746 1037; x_wconf 81' lang='grc' dir='ltr'>τὸ</span> <span class='ocrx_word' id='word_1_86' title='bbox 787 991 904 1055; x_wconf 78' lang='grc' dir='ltr'>φῶς,</span> <span class='ocrx_word' id='word_1_87' title='bbox 944 985 1161 1037; x_wconf 76' lang='grc' dir='ltr'>τουτέστι</span> <span class='ocrx_word' id='word_1_88' title='bbox 1202 985 1434 1052; x_wconf 79' lang='grc' dir='ltr'>Χριστόν.</span> <span class='ocrx_word' id='word_1_89' title='bbox 1503 986 1633 1055; x_wconf 70' lang='grc' dir='ltr'>ἥξειν</span> <span class='ocrx_word' id='word_1_90' title='bbox 1672 984 1765 1050; x_wconf 79' lang='grc' dir='ltr'>γὰρ</span> <span class='ocrx_word' id='word_1_91' title='bbox 1812 985 1886 1034; x_wconf 77' lang='grc' dir='ltr'>καὶ</span> <span class='ocrx_word' id='word_1_92' title='bbox 1910 1005 1959 1031; x_wconf 88' lang='lat'>10</span> 
     </span>
     <span class='ocr_line' id='line_1_12' title="bbox 255 1066 1886 1135; baseline 0.001 -20"><span class='ocrx_word' id='word_1_93' title='bbox 255 1068 627 1135; x_wconf 78' lang='grc' dir='ltr'>οπαρεδέχοντο,</span> <span class='ocrx_word' id='word_1_94' title='bbox 674 1070 749 1118; x_wconf 75' lang='grc' dir='ltr'>καὶ</span> <span class='ocrx_word' id='word_1_95' title='bbox 793 1068 1101 1135; x_wconf 83' lang='grc' dir='ltr'>προσεδόκων</span> <span class='ocrx_word' id='word_1_96' title='bbox 1145 1068 1301 1131; x_wconf 82' lang='grc' dir='ltr'>αὐτὸν,</span> <span class='ocrx_word' id='word_1_97' title='bbox 1343 1069 1455 1120; x_wconf 86' lang='grc' dir='ltr'>ἀλλ’</span> <span class='ocrx_word' id='word_1_98' title='bbox 1499 1071 1541 1119; x_wconf 75' lang='grc' dir='ltr'>οἱ</span> <span class='ocrx_word' id='word_1_99' title='bbox 1586 1066 1707 1119; x_wconf 80' lang='grc' dir='ltr'>κατὰ</span> <span class='ocrx_word' id='word_1_100' title='bbox 1748 1071 1886 1118; x_wconf 82' lang='grc' dir='ltr'>τοῦτο</span> 
     </span>
     <span class='ocr_line' id='line_1_13' title="bbox 297 1149 1887 1218; baseline -0.001 -19"><span class='ocrx_word' id='word_1_101' title='bbox 297 1151 542 1203; x_wconf 80' lang='grc' dir='ltr'>δοκοῦντες</span> <span class='ocrx_word' id='word_1_102' title='bbox 588 1151 815 1212; x_wconf 79' lang='grc' dir='ltr'>εὐσεβεῖν,</span> <span class='ocrx_word' id='word_1_103' title='bbox 854 1151 903 1200; x_wconf 84' lang='grc' dir='ltr'>ἐν</span> <span class='ocrx_word' id='word_1_104' title='bbox 942 1150 1090 1218; x_wconf 73' lang='grc' dir='ltr'>ἀωρίᾳ</span> <span class='ocrx_word' id='word_1_105' title='bbox 1129 1149 1497 1216; x_wconf 82' lang='grc' dir='ltr'>περιεπάτησαν,</span> <span class='ocrx_word' id='word_1_106' title='bbox 1536 1150 1796 1211; x_wconf 83' lang='grc' dir='ltr'>τουτέστιν,</span> <span class='ocrx_word' id='word_1_107' title='bbox 1837 1149 1887 1198; x_wconf 87' lang='grc' dir='ltr'>ἐν</span> 
     </span>
     <span class='ocr_line' id='line_1_14' title="bbox 296 1230 1886 1300; baseline 0.001 -19"><span class='ocrx_word' id='word_1_108' title='bbox 296 1230 458 1300; x_wconf 75' lang='grc' dir='ltr'>σκότῳ</span> <span class='ocrx_word' id='word_1_109' title='bbox 494 1236 646 1294; x_wconf 89' lang='grc' dir='ltr'>βαθεῖ,</span> <span class='ocrx_word' id='word_1_110' title='bbox 672 1233 759 1299; x_wconf 82' lang='grc' dir='ltr'>οὐχ</span> <span class='ocrx_word' id='word_1_111' title='bbox 794 1233 951 1299; x_wconf 85' lang='grc' dir='ltr'>ἑτέρου</span> <span class='ocrx_word' id='word_1_112' title='bbox 985 1231 1110 1286; x_wconf 81' lang='grc' dir='ltr'>τινὸς</span> <span class='ocrx_word' id='word_1_113' title='bbox 1145 1234 1303 1286; x_wconf 82' lang='grc' dir='ltr'>αὐτοῖς</span> <span class='ocrx_word' id='word_1_114' title='bbox 1337 1231 1587 1299; x_wconf 83' lang='grc' dir='ltr'>γεγονότος</span> <span class='ocrx_word' id='word_1_115' title='bbox 1623 1232 1769 1282; x_wconf 79' lang='grc' dir='ltr'>αἰτίου</span> <span class='ocrx_word' id='word_1_116' title='bbox 1803 1236 1886 1282; x_wconf 87' lang='grc' dir='ltr'>τοῦ</span> 
     </span>
     <span class='ocr_line' id='line_1_15' title="bbox 295 1313 1887 1383; baseline 0.003 -20"><span class='ocrx_word' id='word_1_117' title='bbox 295 1317 464 1364; x_wconf 81' lang='grc' dir='ltr'>παθεῖν</span> <span class='ocrx_word' id='word_1_118' title='bbox 502 1313 585 1364; x_wconf 77' lang='grc' dir='ltr'>τὸν</span> <span class='ocrx_word' id='word_1_119' title='bbox 624 1313 909 1377; x_wconf 78' lang='grc' dir='ltr'>σκοτισμὸν,</span> <span class='ocrx_word' id='word_1_120' title='bbox 951 1313 1083 1364; x_wconf 79' lang='grc' dir='ltr'>ἀλλὰ</span> <span class='ocrx_word' id='word_1_121' title='bbox 1120 1319 1221 1368; x_wconf 88' lang='grc' dir='ltr'>ταῖς</span> <span class='ocrx_word' id='word_1_122' title='bbox 1259 1319 1405 1383; x_wconf 79' lang='grc' dir='ltr'>σφῶν</span> <span class='ocrx_word' id='word_1_123' title='bbox 1443 1316 1597 1365; x_wconf 80' lang='grc' dir='ltr'>αὐτῶν</span> <span class='ocrx_word' id='word_1_124' title='bbox 1635 1314 1887 1367; x_wconf 86' lang='grc' dir='ltr'>ἀπειθείαις</span> 
     </span>
     <span class='ocr_line' id='line_1_16' title="bbox 297 1395 1956 1464; baseline 0 -19"><span class='ocrx_word' id='word_1_125' title='bbox 297 1395 691 1446; x_wconf 84' lang='grc' dir='ltr'>αὐτεπίσπαστον</span> <span class='ocrx_word' id='word_1_126' title='bbox 718 1397 790 1463; x_wconf 83' lang='grc' dir='ltr'>ἐφ’</span> <span class='ocrx_word' id='word_1_127' title='bbox 820 1398 999 1450; x_wconf 78' lang='grc' dir='ltr'>ἑαυτοῖς</span> <span class='ocrx_word' id='word_1_128' title='bbox 1024 1395 1229 1464; x_wconf 85' lang='grc' dir='ltr'>ἐχόντων</span> <span class='ocrx_word' id='word_1_129' title='bbox 1255 1395 1340 1460; x_wconf 85' lang='grc' dir='ltr'>τὴν</span> <span class='ocrx_word' id='word_1_130' title='bbox 1368 1396 1528 1448; x_wconf 87' lang='grc' dir='ltr'>νόσον.</span> <span class='ocrx_word' id='word_1_131' title='bbox 1582 1396 1886 1462; x_wconf 86' lang='grc' dir='ltr'>παραγέγονα</span> <span class='ocrx_word' id='word_1_132' title='bbox 1910 1413 1956 1452; x_wconf 91' lang='lat'>15</span> 
     </span>
     <span class='ocr_line' id='line_1_17' title="bbox 296 1478 1886 1546; baseline 0.001 -18"><span class='ocrx_word' id='word_1_133' title='bbox 296 1479 467 1540; x_wconf 80' lang='grc' dir='ltr'>τοίνυν,</span> <span class='ocrx_word' id='word_1_134' title='bbox 487 1479 625 1546; x_wconf 75' lang='grc' dir='ltr'>φησὶ,</span> <span class='ocrx_word' id='word_1_135' title='bbox 652 1482 853 1546; x_wconf 83' lang='grc' dir='ltr'>τυφλοῖς</span> <span class='ocrx_word' id='word_1_136' title='bbox 880 1478 1128 1529; x_wconf 80' lang='grc' dir='ltr'>ἐπιδώσων</span> <span class='ocrx_word' id='word_1_137' title='bbox 1154 1478 1208 1529; x_wconf 80' lang='grc' dir='ltr'>τὸ</span> <span class='ocrx_word' id='word_1_138' title='bbox 1234 1478 1431 1540; x_wconf 80' lang='grc' dir='ltr'>βλέπειν</span> <span class='ocrx_word' id='word_1_139' title='bbox 1457 1478 1532 1529; x_wconf 77' lang='grc' dir='ltr'>διὰ</span> <span class='ocrx_word' id='word_1_140' title='bbox 1558 1481 1640 1542; x_wconf 76' lang='grc' dir='ltr'>τῆς</span> <span class='ocrx_word' id='word_1_141' title='bbox 1666 1479 1886 1539; x_wconf 82' lang='grc' dir='ltr'>πίστεως,</span> 
     </span>
     <span class='ocr_line' id='line_1_18' title="bbox 297 1559 1887 1627; baseline 0.001 -18"><span class='ocrx_word' id='word_1_142' title='bbox 297 1561 325 1623; x_wconf 88' lang='grc' dir='ltr'>ἡ</span> <span class='ocrx_word' id='word_1_143' title='bbox 359 1559 407 1610; x_wconf 79' lang='grc' dir='ltr'>δὲ</span> <span class='ocrx_word' id='word_1_144' title='bbox 443 1564 537 1610; x_wconf 79' lang='grc' dir='ltr'>τῶν</span> <span class='ocrx_word' id='word_1_145' title='bbox 563 1560 962 1626; x_wconf 81' lang='grc' dir='ltr'>ἀχειραγωγήτων</span> <span class='ocrx_word' id='word_1_146' title='bbox 988 1562 1064 1610; x_wconf 76' lang='grc' dir='ltr'>καὶ</span> <span class='ocrx_word' id='word_1_147' title='bbox 1099 1561 1438 1611; x_wconf 83' lang='grc' dir='ltr'>ἀνυποτάκτων</span> <span class='ocrx_word' id='word_1_148' title='bbox 1463 1561 1687 1627; x_wconf 75' lang='grc' dir='ltr'>ἄτεγκτος</span> <span class='ocrx_word' id='word_1_149' title='bbox 1721 1559 1887 1625; x_wconf 82' lang='grc' dir='ltr'>γνώμη</span> 
     </span>
     <span class='ocr_line' id='line_1_19' title="bbox 294 1641 1888 1712; baseline -0.001 -20"><span class='ocrx_word' id='word_1_150' title='bbox 294 1641 422 1692; x_wconf 79' lang='grc' dir='ltr'>πολὺ</span> <span class='ocrx_word' id='word_1_151' title='bbox 472 1642 726 1702; x_wconf 75' lang='grc' dir='ltr'>βλέπουσα</span> <span class='ocrx_word' id='word_1_152' title='bbox 783 1641 902 1708; x_wconf 81' lang='grc' dir='ltr'>πρὸς</span> <span class='ocrx_word' id='word_1_153' title='bbox 953 1642 1190 1692; x_wconf 85' lang='grc' dir='ltr'>ἀπείθειαν</span> <span class='ocrx_word' id='word_1_154' title='bbox 1242 1648 1301 1697; x_wconf 82' lang='grc' dir='ltr'>εἰς</span> <span class='ocrx_word' id='word_1_155' title='bbox 1352 1643 1616 1712; x_wconf 72' lang='grc' dir='ltr'>κατάκριμα</span> <span class='ocrx_word' id='word_1_156' title='bbox 1667 1642 1888 1708; x_wconf 85' lang='grc' dir='ltr'>γενέσθαι</span> 
     </span>
     <span class='ocr_line' id='line_1_20' title="bbox 252 1722 1888 1793; baseline -0.001 -18"><span class='ocrx_word' id='word_1_157' title='bbox 252 1735 279 1775; x_wconf 87' lang='lat' dir='ltr'>d</span> <span class='ocrx_word' id='word_1_158' title='bbox 296 1723 657 1789; x_wconf 78' lang='grc' dir='ltr'>παρεσκεύασεν</span> <span class='ocrx_word' id='word_1_159' title='bbox 699 1724 856 1776; x_wconf 83' lang='grc' dir='ltr'>αὐτοῖς</span> <span class='ocrx_word' id='word_1_160' title='bbox 901 1722 987 1786; x_wconf 83' lang='grc' dir='ltr'>τὴν</span> <span class='ocrx_word' id='word_1_161' title='bbox 1026 1730 1109 1774; x_wconf 79' lang='grc' dir='ltr'>τοῦ</span> <span class='ocrx_word' id='word_1_162' title='bbox 1156 1723 1439 1792; x_wconf 67' lang='grc' dir='ltr'>φωτίζοντος</span> <span class='ocrx_word' id='word_1_163' title='bbox 1480 1723 1660 1793; x_wconf 73' lang='grc' dir='ltr'>ἄφιξιν.</span> <span class='ocrx_word' id='word_1_164' title='bbox 1732 1722 1888 1788; x_wconf 83' lang='grc' dir='ltr'>ἐπειδὴ</span> 
     </span>
    </p>
   </div>
   <div class='ocr_carea' id='block_1_3' title="bbox 297 1804 1958 1875">
    <p class='ocr_par' dir='ltr' id='par_1_3' title="bbox 297 1804 1958 1875">
     <span class='ocr_line' id='line_1_21' title="bbox 297 1804 1958 1875; baseline -0.002 -19"><span class='ocrx_word' id='word_1_165' title='bbox 297 1805 391 1872; x_wconf 75' lang='grc' dir='ltr'>γὰρ</span> <span class='ocrx_word' id='word_1_166' title='bbox 418 1806 472 1856; x_wconf 83' lang='grc' dir='ltr'>οὐ</span> <span class='ocrx_word' id='word_1_167' title='bbox 500 1804 798 1866; x_wconf 84' lang='grc' dir='ltr'>πιστεύουσι,</span> <span class='ocrx_word' id='word_1_168' title='bbox 824 1805 1195 1871; x_wconf 86' lang='grc' dir='ltr'>κατακρίνονται.</span> <span class='ocrx_word' id='word_1_169' title='bbox 1239 1812 1378 1856; x_wconf 80' lang='grc' dir='ltr'>τοῦτο</span> <span class='ocrx_word' id='word_1_170' title='bbox 1405 1806 1459 1856; x_wconf 84' lang='grc' dir='ltr'>δέ</span> <span class='ocrx_word' id='word_1_171' title='bbox 1480 1829 1559 1857; x_wconf 92' lang='grc' dir='ltr'>σοι</span> <span class='ocrx_word' id='word_1_172' title='bbox 1585 1806 1889 1875; x_wconf 85' lang='grc' dir='ltr'>σαφέστερον</span> <span class='ocrx_word' id='word_1_173' title='bbox 1909 1828 1958 1853; x_wconf 90' lang='lat'>20</span> 
     </span>
    </p>
   </div>
   <div class='ocr_carea' id='block_1_4' title="bbox 72 1887 1891 2039">
    <p class='ocr_par' dir='ltr' id='par_1_4' title="bbox 72 1887 1891 2039">
     <span class='ocr_line' id='line_1_22' title="bbox 72 1887 1889 1960; baseline -0.001 -22"><span class='ocrx_word' id='word_1_174' title='bbox 72 1887 182 1960; x_wconf 47' lang='grc' dir='ltr'>ΞᾘῙῖξ</span> <span class='ocrx_word' id='word_1_175' title='bbox 298 1890 374 1939; x_wconf 78' lang='grc' dir='ltr'>καὶ</span> <span class='ocrx_word' id='word_1_176' title='bbox 415 1889 469 1937; x_wconf 81' lang='grc' dir='ltr'>δι’</span> <span class='ocrx_word' id='word_1_177' title='bbox 501 1887 668 1953; x_wconf 63' lang='grc' dir='ltr'>ἑτερων</span> <span class='ocrx_word' id='word_1_178' title='bbox 695 1887 875 1953; x_wconf 76' lang='grc' dir='ltr'>εἴρηκεν</span> <span class='ocrx_word' id='word_1_179' title='bbox 900 1887 924 1936; x_wconf 83' lang='grc' dir='ltr'><em>ὁ</em></span> <span class='ocrx_word' id='word_1_180' title='bbox 954 1887 1122 1953; x_wconf 78' lang='grc' dir='ltr'>Σωτήρ</span> <span class='ocrx_word' id='word_1_181' title='bbox 1151 1896 1176 1917; x_wconf 80' lang='grc'>“</span> <span class='ocrx_word' id='word_1_182' title='bbox 1198 1887 1355 1952; x_wconf 85' lang='grc' dir='ltr'>Ἀμὴν</span> <span class='ocrx_word' id='word_1_183' title='bbox 1390 1887 1511 1952; x_wconf 79' lang='grc' dir='ltr'>ἀμὴν</span> <span class='ocrx_word' id='word_1_184' title='bbox 1548 1888 1675 1953; x_wconf 80' lang='grc' dir='ltr'>λέγω</span> <span class='ocrx_word' id='word_1_185' title='bbox 1716 1889 1835 1951; x_wconf 85' lang='grc' dir='ltr'>ὑμῖν,</span> <span class='ocrx_word' id='word_1_186' title='bbox 1864 1888 1889 1937; x_wconf 83' lang='grc' dir='ltr'><em>ὃ</em></span> 
     </span>
     <span class='ocr_line' id='line_1_23' title="bbox 72 1967 1891 2039; baseline 0 -20"><span class='ocrx_word' id='word_1_187' title='bbox 72 1974 114 2004; x_wconf 75' lang='lat' dir='ltr'>cf.</span> <span class='ocrx_word' id='word_1_188' title='bbox 135 1973 185 2013; x_wconf 75' lang='lat'>36„</span> <span class='ocrx_word' id='word_1_189' title='bbox 297 1975 325 1997; x_wconf 72' lang='lat'>‘⁶</span> <span class='ocrx_word' id='word_1_190' title='bbox 351 1969 589 2020; x_wconf 79' lang='grc' dir='ltr'>πιστεύων</span> <span class='ocrx_word' id='word_1_191' title='bbox 625 1972 687 2022; x_wconf 83' lang='grc' dir='ltr'>εἷς</span> <span class='ocrx_word' id='word_1_192' title='bbox 722 1968 805 2019; x_wconf 80' lang='grc' dir='ltr'>τὸν</span> <span class='ocrx_word' id='word_1_193' title='bbox 831 1967 949 2020; x_wconf 81' lang='grc' dir='ltr'>Υὶὸν</span> <span class='ocrx_word' id='word_1_194' title='bbox 976 1970 1029 2020; x_wconf 82' lang='grc' dir='ltr'>οὐ</span> <span class='ocrx_word' id='word_1_195' title='bbox 1066 1971 1284 2036; x_wconf 86' lang='grc' dir='ltr'>κρίνεται,</span> <span class='ocrx_word' id='word_1_196' title='bbox 1314 1972 1338 2020; x_wconf 83' lang='grc' dir='ltr'>ὁ</span> <span class='ocrx_word' id='word_1_197' title='bbox 1375 1970 1423 2021; x_wconf 79' lang='grc' dir='ltr'>δὲ</span> <span class='ocrx_word' id='word_1_198' title='bbox 1458 1972 1664 2022; x_wconf 82' lang='grc' dir='ltr'>ἀπειθῶν</span> <span class='ocrx_word' id='word_1_199' title='bbox 1697 1974 1763 2039; x_wconf 71' lang='grc' dir='ltr'>τῷ</span> <span class='ocrx_word' id='word_1_200' title='bbox 1789 1972 1891 2038; x_wconf 75' lang='grc' dir='ltr'>Υὶῴ</span> 
     </span>
    </p>
   </div>
   <div class='ocr_carea' id='block_1_5' title="bbox 261 2050 1958 2609">
    <p class='ocr_par' dir='ltr' id='par_1_5' title="bbox 299 2050 1891 2117">
     <span class='ocr_line' id='line_1_24' title="bbox 299 2050 1891 2117; baseline -0.001 -15"><span class='ocrx_word' id='word_1_201' title='bbox 299 2059 325 2081; x_wconf 77' lang='grc'><strong>“</strong></span> <span class='ocrx_word' id='word_1_202' title='bbox 352 2050 441 2115; x_wconf 74' lang='grc' dir='ltr'>ἤδη</span> <span class='ocrx_word' id='word_1_203' title='bbox 482 2052 699 2117; x_wconf 83' lang='grc' dir='ltr'>κέκριται,</span> <span class='ocrx_word' id='word_1_204' title='bbox 733 2050 804 2101; x_wconf 78' lang='grc' dir='ltr'>ὅτι</span> <span class='ocrx_word' id='word_1_205' title='bbox 842 2050 906 2115; x_wconf 84' lang='grc' dir='ltr'>μὴ</span> <span class='ocrx_word' id='word_1_206' title='bbox 945 2051 1256 2102; x_wconf 87' lang='grc' dir='ltr'>πεπίστευκεν</span> <span class='ocrx_word' id='word_1_207' title='bbox 1287 2056 1349 2106; x_wconf 79' lang='grc' dir='ltr'>εἰς</span> <span class='ocrx_word' id='word_1_208' title='bbox 1387 2051 1441 2103; x_wconf 81' lang='grc' dir='ltr'>τὸ</span> <span class='ocrx_word' id='word_1_209' title='bbox 1480 2052 1627 2115; x_wconf 78' lang='grc' dir='ltr'>ὄνομα</span> <span class='ocrx_word' id='word_1_210' title='bbox 1665 2057 1748 2102; x_wconf 86' lang='grc' dir='ltr'>τοῦ</span> <span class='ocrx_word' id='word_1_211' title='bbox 1775 2054 1891 2102; x_wconf 82' lang='grc' dir='ltr'>Υἱοῦ</span> 
     </span>
    </p>

    <p class='ocr_par' dir='ltr' id='par_1_6' title="bbox 298 2132 1890 2200">
     <span class='ocr_line' id='line_1_25' title="bbox 298 2132 1890 2200; baseline 0 -16"><span class='ocrx_word' id='word_1_212' title='bbox 298 2141 325 2163; x_wconf 78' lang='grc'><strong>“</strong></span> <span class='ocrx_word' id='word_1_213' title='bbox 351 2139 434 2184; x_wconf 82' lang='grc' dir='ltr'>τοῦ</span> <span class='ocrx_word' id='word_1_214' title='bbox 475 2135 643 2185; x_wconf 76' lang='grc' dir='ltr'>Θεοῦ.”</span> <span class='ocrx_word' id='word_1_215' title='bbox 697 2132 952 2200; x_wconf 84' lang='grc' dir='ltr'>χαριέντως</span> <span class='ocrx_word' id='word_1_216' title='bbox 993 2140 1245 2199; x_wconf 78' lang='grc' dir='ltr'>τοιγαροῦν</span> <span class='ocrx_word' id='word_1_217' title='bbox 1284 2133 1377 2185; x_wconf 81' lang='grc' dir='ltr'>ἀπὸ</span> <span class='ocrx_word' id='word_1_218' title='bbox 1422 2140 1506 2185; x_wconf 81' lang='grc' dir='ltr'>τοῦ</span> <span class='ocrx_word' id='word_1_219' title='bbox 1549 2133 1890 2200; x_wconf 82' lang='grc' dir='ltr'>παρακειμένου</span> 
     </span>
    </p>

    <p class='ocr_par' dir='ltr' id='par_1_7' title="bbox 300 2213 1958 2282">
     <span class='ocr_line' id='line_1_26' title="bbox 300 2213 1958 2282; baseline 0.001 -17"><span class='ocrx_word' id='word_1_220' title='bbox 300 2219 374 2265; x_wconf 80' lang='grc' dir='ltr'>καὶ</span> <span class='ocrx_word' id='word_1_221' title='bbox 412 2217 460 2265; x_wconf 83' lang='grc' dir='ltr'>ἐν</span> <span class='ocrx_word' id='word_1_222' title='bbox 486 2217 653 2282; x_wconf 78' lang='grc' dir='ltr'>χερσὶν</span> <span class='ocrx_word' id='word_1_223' title='bbox 680 2214 814 2268; x_wconf 81' lang='grc' dir='ltr'>ὄντος</span> <span class='ocrx_word' id='word_1_224' title='bbox 842 2213 1114 2279; x_wconf 86' lang='grc' dir='ltr'>διαλέγεταί</span> <span class='ocrx_word' id='word_1_225' title='bbox 1133 2238 1182 2265; x_wconf 93' lang='grc' dir='ltr'>τε</span> <span class='ocrx_word' id='word_1_226' title='bbox 1209 2215 1504 2280; x_wconf 82' lang='grc' dir='ltr'>πράγματος,</span> <span class='ocrx_word' id='word_1_227' title='bbox 1533 2218 1607 2267; x_wconf 77' lang='grc' dir='ltr'>καὶ</span> <span class='ocrx_word' id='word_1_228' title='bbox 1639 2214 1693 2267; x_wconf 80' lang='grc' dir='ltr'>τὸ</span> <span class='ocrx_word' id='word_1_229' title='bbox 1727 2238 1884 2282; x_wconf 90' lang='grc' dir='ltr'>παρα·</span> <span class='ocrx_word' id='word_1_230' title='bbox 1910 2233 1958 2273; x_wconf 89' lang='lat'>25</span> 
     </span>
    </p>

    <p class='ocr_par' dir='ltr' id='par_1_8' title="bbox 261 2295 1889 2448">
     <span class='ocr_line' id='line_1_27' title="bbox 299 2295 1889 2365; baseline 0.001 -19"><span class='ocrx_word' id='word_1_231' title='bbox 299 2297 449 2364; x_wconf 73' lang='grc' dir='ltr'>δόξως</span> <span class='ocrx_word' id='word_1_232' title='bbox 476 2295 799 2347; x_wconf 76' lang='grc' dir='ltr'>ἀποτελεσθέν</span> <span class='ocrx_word' id='word_1_233' title='bbox 819 2297 892 2346; x_wconf 74' lang='grc' dir='ltr'>ἐπὶ</span> <span class='ocrx_word' id='word_1_234' title='bbox 919 2299 984 2364; x_wconf 71' lang='grc' dir='ltr'>τῷ</span> <span class='ocrx_word' id='word_1_235' title='bbox 1012 2319 1126 2347; x_wconf 91' lang='grc' dir='ltr'>ποτε</span> <span class='ocrx_word' id='word_1_236' title='bbox 1153 2299 1325 2365; x_wconf 70' lang='grc' dir='ltr'>τυφλῷ</span> <span class='ocrx_word' id='word_1_237' title='bbox 1350 2296 1479 2363; x_wconf 72' lang='grc' dir='ltr'>ῥίζαν</span> <span class='ocrx_word' id='word_1_238' title='bbox 1503 2295 1666 2363; x_wconf 77' lang='grc' dir='ltr'>ὥσπερ</span> <span class='ocrx_word' id='word_1_239' title='bbox 1692 2301 1889 2348; x_wconf 87' lang='grc' dir='ltr'>ποιεῖται</span> 
     </span>
     <span class='ocr_line' id='line_1_28' title="bbox 261 2376 1885 2448; baseline 0 -20"><span class='ocrx_word' id='word_1_240' title='bbox 261 2382 366 2448; x_wconf 52' lang='lat' dir='ltr'>erc}</span> <span class='ocrx_word' id='word_1_241' title='bbox 393 2376 544 2446; x_wconf 73' lang='grc' dir='ltr'>λόγῳ·</span> <span class='ocrx_word' id='word_1_242' title='bbox 590 2377 867 2446; x_wconf 75' lang='grc' dir='ltr'>ἀναβλέψαι</span> <span class='ocrx_word' id='word_1_243' title='bbox 899 2376 984 2440; x_wconf 74' lang='grc' dir='ltr'>μὲν</span> <span class='ocrx_word' id='word_1_244' title='bbox 1010 2377 1104 2444; x_wconf 74' lang='grc' dir='ltr'>γὰρ</span> <span class='ocrx_word' id='word_1_245' title='bbox 1136 2378 1278 2428; x_wconf 79' lang='grc' dir='ltr'>αὐτὸν</span> <span class='ocrx_word' id='word_1_246' title='bbox 1306 2379 1360 2428; x_wconf 79' lang='grc' dir='ltr'>οὐ</span> <span class='ocrx_word' id='word_1_247' title='bbox 1396 2378 1514 2429; x_wconf 74' lang='grc' dir='ltr'>κατὰ</span> <span class='ocrx_word' id='word_1_248' title='bbox 1547 2383 1689 2442; x_wconf 82' lang='grc' dir='ltr'>σῶμα</span> <span class='ocrx_word' id='word_1_249' title='bbox 1724 2378 1885 2441; x_wconf 90' lang='grc' dir='ltr'>μόνον,</span> 
     </span>
    </p>

    <p class='ocr_par' dir='ltr' id='par_1_9' title="bbox 300 2458 1889 2529">
     <span class='ocr_line' id='line_1_29' title="bbox 300 2458 1889 2529; baseline 0.001 -20"><span class='ocrx_word' id='word_1_250' title='bbox 300 2458 432 2509; x_wconf 77' lang='grc' dir='ltr'>ἀλλὰ</span> <span class='ocrx_word' id='word_1_251' title='bbox 463 2461 538 2509; x_wconf 79' lang='grc' dir='ltr'>καὶ</span> <span class='ocrx_word' id='word_1_252' title='bbox 575 2458 694 2509; x_wconf 82' lang='grc' dir='ltr'>ὅσον</span> <span class='ocrx_word' id='word_1_253' title='bbox 721 2463 782 2512; x_wconf 81' lang='grc' dir='ltr'>εὶς</span> <span class='ocrx_word' id='word_1_254' title='bbox 820 2464 928 2509; x_wconf 83' lang='grc' dir='ltr'>νοῦν</span> <span class='ocrx_word' id='word_1_255' title='bbox 956 2459 1302 2527; x_wconf 73' lang='grc' dir='ltr'>διισχυρίζεται,</span> <span class='ocrx_word' id='word_1_256' title='bbox 1328 2459 1404 2511; x_wconf 78' lang='grc' dir='ltr'>διὰ</span> <span class='ocrx_word' id='word_1_257' title='bbox 1438 2459 1491 2511; x_wconf 81' lang='grc' dir='ltr'>τὸ</span> <span class='ocrx_word' id='word_1_258' title='bbox 1528 2461 1889 2529; x_wconf 76' lang='grc' dir='ltr'>παραδέξασθαι</span> 
     </span>
    </p>

    <p class='ocr_par' dir='ltr' id='par_1_10' title="bbox 299 2540 1890 2609">
     <span class='ocr_line' id='line_1_30' title="bbox 299 2540 1890 2609; baseline 0.001 -18"><span class='ocrx_word' id='word_1_259' title='bbox 299 2540 385 2605; x_wconf 81' lang='grc' dir='ltr'>τὴν</span> <span class='ocrx_word' id='word_1_260' title='bbox 415 2542 595 2604; x_wconf 87' lang='grc' dir='ltr'>πίστιν,</span> <span class='ocrx_word' id='word_1_261' title='bbox 621 2545 789 2592; x_wconf 85' lang='grc' dir='ltr'>παθεῖν</span> <span class='ocrx_word' id='word_1_262' title='bbox 816 2541 863 2591; x_wconf 79' lang='grc' dir='ltr'>δὲ</span> <span class='ocrx_word' id='word_1_263' title='bbox 898 2540 952 2592; x_wconf 82' lang='grc' dir='ltr'>τὸ</span> <span class='ocrx_word' id='word_1_264' title='bbox 987 2543 1195 2593; x_wconf 84' lang='grc' dir='ltr'>ἐναντίον</span> <span class='ocrx_word' id='word_1_265' title='bbox 1220 2541 1326 2596; x_wconf 76' lang='grc' dir='ltr'>τοὺς</span> <span class='ocrx_word' id='word_1_266' title='bbox 1357 2543 1661 2609; x_wconf 84' lang='grc' dir='ltr'>Φαρισαίους·</span> <span class='ocrx_word' id='word_1_267' title='bbox 1710 2543 1762 2593; x_wconf 82' lang='grc' dir='ltr'>οὐ</span> <span class='ocrx_word' id='word_1_268' title='bbox 1797 2541 1890 2609; x_wconf 77' lang='grc' dir='ltr'>γὰρ</span> 
     </span>
    </p>
   </div>
   <div class='ocr_carea' id='block_1_6' title="bbox 346 2703 1889 2747">
    <p class='ocr_par' dir='ltr' id='par_1_11' title="bbox 346 2703 1889 2747">
     <span class='ocr_line' id='line_1_31' title="bbox 346 2703 1889 2747; baseline 0 -10"><span class='ocrx_word' id='word_1_269' title='bbox 346 2713 379 2747; x_wconf 82' lang='lat'>5.</span> <span class='ocrx_word' id='word_1_270' title='bbox 406 2704 614 2747; x_wconf 76' lang='grc' dir='ltr'>αὐτόκλητον</span> <span class='ocrx_word' id='word_1_271' title='bbox 639 2704 715 2738; x_wconf 71' lang='lat' dir='ltr'>Ra.</span> <span class='ocrx_word' id='word_1_272' title='bbox 744 2703 862 2737; x_wconf 76' lang='lat' dir='ltr'>Holst.</span> <span class='ocrx_word' id='word_1_273' title='bbox 888 2703 1082 2747; x_wconf 78' lang='grc' dir='ltr'>ἀπόκλητον</span> <span class='ocrx_word' id='word_1_274' title='bbox 1105 2704 1199 2738; x_wconf 87' lang='lat' dir='ltr'><strong>Aub.</strong></span> <span class='ocrx_word' id='word_1_275' title='bbox 1281 2706 1411 2740; x_wconf 80' lang='grc' dir='ltr'>ἑαυτοῖς</span> <span class='ocrx_word' id='word_1_276' title='bbox 1438 2705 1480 2740; x_wconf 87' lang='grc' dir='ltr'>Β.</span> <span class='ocrx_word' id='word_1_277' title='bbox 1505 2706 1570 2740; x_wconf 90' lang='lat' dir='ltr'>Ht.</span> <span class='ocrx_word' id='word_1_278' title='bbox 1637 2704 1760 2739; x_wconf 80' lang='lat' dir='ltr'>Statim</span> <span class='ocrx_word' id='word_1_279' title='bbox 1789 2704 1889 2738; x_wconf 83' lang='grc' dir='ltr'>καλέ-</span> 
     </span>
    </p>
   </div>
   <div class='ocr_carea' id='block_1_7' title="bbox 298 2749 1889 2936">
    <p class='ocr_par' dir='ltr' id='par_1_12' title="bbox 298 2749 1889 2936">
     <span class='ocr_line' id='line_1_32' title="bbox 299 2749 1889 2795; baseline 0 -11"><span class='ocrx_word' id='word_1_280' title='bbox 299 2765 421 2785; x_wconf 83' lang='grc' dir='ltr'>σαντες</span> <span class='ocrx_word' id='word_1_281' title='bbox 438 2762 468 2784; x_wconf 83' lang='lat' dir='ltr'>a.</span> <span class='ocrx_word' id='word_1_282' title='bbox 597 2761 649 2784; x_wconf 90' lang='lat'>10.</span> <span class='ocrx_word' id='word_1_283' title='bbox 676 2749 851 2795; x_wconf 82' lang='grc' dir='ltr'>τουτέστι]</span> <span class='ocrx_word' id='word_1_284' title='bbox 877 2755 912 2790; x_wconf 65' lang='grc'>-1-</span> <span class='ocrx_word' id='word_1_285' title='bbox 935 2752 994 2784; x_wconf 81' lang='grc' dir='ltr'>τὸν</span> <span class='ocrx_word' id='word_1_286' title='bbox 1014 2751 1076 2784; x_wconf 88' lang='lat' dir='ltr'>Ht.</span> <span class='ocrx_word' id='word_1_287' title='bbox 1097 2751 1164 2785; x_wconf 86' lang='lat' dir='ltr'>Ed.</span> <span class='ocrx_word' id='word_1_288' title='bbox 1291 2763 1343 2785; x_wconf 91' lang='grc' dir='ltr'>ΙΙ.</span> <span class='ocrx_word' id='word_1_289' title='bbox 1371 2753 1409 2786; x_wconf 86' lang='grc' dir='ltr'>τὸ</span> <span class='ocrx_word' id='word_1_290' title='bbox 1433 2752 1471 2786; x_wconf 84' lang='grc' dir='ltr'>Β.</span> <span class='ocrx_word' id='word_1_291' title='bbox 1493 2752 1556 2786; x_wconf 88' lang='lat' dir='ltr'>Ht.</span> <span class='ocrx_word' id='word_1_292' title='bbox 1575 2754 1674 2786; x_wconf 87' lang='grc' dir='ltr'>τοῦτο</span> <span class='ocrx_word' id='word_1_293' title='bbox 1691 2751 1889 2785; x_wconf 77' lang='lat' dir='ltr'>emendavit</span> 
     </span>
     <span class='ocr_line' id='line_1_33' title="bbox 300 2797 1888 2842; baseline 0.001 -13"><span class='ocrx_word' id='word_1_294' title='bbox 300 2797 395 2831; x_wconf 78' lang='lat' dir='ltr'><strong>Aub.</strong></span> <span class='ocrx_word' id='word_1_295' title='bbox 534 2808 586 2830; x_wconf 83' lang='lat'>12.</span> <span class='ocrx_word' id='word_1_296' title='bbox 612 2798 720 2841; x_wconf 83' lang='grc' dir='ltr'>μωρίᾳ</span> <span class='ocrx_word' id='word_1_297' title='bbox 741 2797 782 2831; x_wconf 83' lang='lat' dir='ltr'>B.</span> <span class='ocrx_word' id='word_1_298' title='bbox 804 2797 867 2830; x_wconf 82' lang='lat' dir='ltr'>Ht.</span> <span class='ocrx_word' id='word_1_299' title='bbox 885 2797 991 2842; x_wconf 84' lang='grc' dir='ltr'>ἀωρίᾳ</span> <span class='ocrx_word' id='word_1_300' title='bbox 1009 2798 1209 2831; x_wconf 82' lang='lat' dir='ltr'><strong>emendavit</strong></span> <span class='ocrx_word' id='word_1_301' title='bbox 1226 2804 1316 2831; x_wconf 74' lang='lat' dir='ltr'>recte</span> <span class='ocrx_word' id='word_1_302' title='bbox 1334 2805 1372 2833; x_wconf 87' lang='lat' dir='ltr'>ut</span> <span class='ocrx_word' id='word_1_303' title='bbox 1390 2799 1460 2832; x_wconf 84' lang='lat' dir='ltr'>vid.</span> <span class='ocrx_word' id='word_1_304' title='bbox 1479 2799 1572 2832; x_wconf 86' lang='lat' dir='ltr'><strong>Aub.</strong></span> <span class='ocrx_word' id='word_1_305' title='bbox 1712 2809 1764 2841; x_wconf 91' lang='lat'>15.</span> <span class='ocrx_word' id='word_1_306' title='bbox 1791 2798 1888 2831; x_wconf 81' lang='grc' dir='ltr'>ιιύτε-</span> 
     </span>
     <span class='ocr_line' id='line_1_34' title="bbox 298 2843 1888 2889; baseline 0.002 -14"><span class='ocrx_word' id='word_1_307' title='bbox 298 2843 500 2877; x_wconf 81' lang='grc' dir='ltr'>πίσπαστον</span> <span class='ocrx_word' id='word_1_308' title='bbox 521 2843 594 2878; x_wconf 65' lang='grc' dir='ltr'>Βλὶ.</span> <span class='ocrx_word' id='word_1_309' title='bbox 618 2845 681 2878; x_wconf 77' lang='lat' dir='ltr'>Ht.</span> <span class='ocrx_word' id='word_1_310' title='bbox 700 2844 979 2877; x_wconf 81' lang='grc' dir='ltr'>ἀντεπίσπαστον</span> <span class='ocrx_word' id='word_1_311' title='bbox 996 2844 1091 2878; x_wconf 84' lang='lat' dir='ltr'><strong>Aub.</strong></span> <span class='ocrx_word' id='word_1_312' title='bbox 1176 2845 1315 2880; x_wconf 77' lang='grc' dir='ltr'>ἑαυτοὺς</span> <span class='ocrx_word' id='word_1_313' title='bbox 1340 2857 1369 2879; x_wconf 86' lang='lat' dir='ltr'>a.</span> <span class='ocrx_word' id='word_1_314' title='bbox 1438 2845 1563 2879; x_wconf 80' lang='lat' dir='ltr'>Statim</span> <span class='ocrx_word' id='word_1_315' title='bbox 1590 2844 1736 2889; x_wconf 77' lang='grc' dir='ltr'>ἐχόντων</span> <span class='ocrx_word' id='word_1_316' title='bbox 1759 2844 1888 2878; x_wconf 76' lang='lat' dir='ltr'>habent</span> 
     </span>
     <span class='ocr_line' id='line_1_35' title="bbox 302 2888 1885 2936; baseline 0.001 -14"><span class='ocrx_word' id='word_1_317' title='bbox 302 2888 377 2922; x_wconf 82' lang='lat' dir='ltr'>B.a.</span> <span class='ocrx_word' id='word_1_318' title='bbox 500 2892 554 2924; x_wconf 80' lang='lat'>16.</span> <span class='ocrx_word' id='word_1_319' title='bbox 581 2889 774 2935; x_wconf 82' lang='grc' dir='ltr'>ἐπιδώσων]</span> <span class='ocrx_word' id='word_1_320' title='bbox 796 2889 847 2923; x_wconf 73' lang='grc' dir='ltr'>ἐπ’</span> <span class='ocrx_word' id='word_1_321' title='bbox 865 2889 951 2925; x_wconf 73' lang='grc' dir='ltr'>ἴσων</span> <span class='ocrx_word' id='word_1_322' title='bbox 968 2903 999 2925; x_wconf 86' lang='lat' dir='ltr'>a.</span> <span class='ocrx_word' id='word_1_323' title='bbox 1123 2899 1176 2935; x_wconf 87' lang='lat'>17.</span> <span class='ocrx_word' id='word_1_324' title='bbox 1204 2891 1238 2935; x_wconf 87' lang='grc' dir='ltr'>ἡ]</span> <span class='ocrx_word' id='word_1_325' title='bbox 1258 2892 1289 2924; x_wconf 82' lang='grc' dir='ltr'>οἱ</span> <span class='ocrx_word' id='word_1_326' title='bbox 1307 2891 1402 2926; x_wconf 86' lang='lat' dir='ltr'><strong>Aub.</strong></span> <span class='ocrx_word' id='word_1_327' title='bbox 1475 2891 1634 2936; x_wconf 74' lang='grc' dir='ltr'>ἄτεγκτος</span> <span class='ocrx_word' id='word_1_328' title='bbox 1651 2903 1669 2925; x_wconf 84' lang='lat' dir='ltr'><strong>e</strong></span> <span class='ocrx_word' id='word_1_329' title='bbox 1688 2890 1764 2925; x_wconf 81' lang='lat' dir='ltr'><strong>Cat.</strong></span> <span class='ocrx_word' id='word_1_330' title='bbox 1786 2890 1885 2925; x_wconf 82' lang='lat' dir='ltr'>Harl.</span> 
     </span>
    </p>
   </div>
   <div class='ocr_carea' id='block_1_8' title="bbox 300 2935 1405 2972">
    <p class='ocr_par' dir='ltr' id='par_1_13' title="bbox 300 2935 1405 2972">
     <span class='ocr_line' id='line_1_36' title="bbox 300 2935 1405 2972; baseline 0.004 -4"><span class='ocrx_word' id='word_1_331' title='bbox 300 2935 394 2969; x_wconf 89' lang='lat' dir='ltr'>Aub.</span> <span class='ocrx_word' id='word_1_332' title='bbox 416 2941 449 2969; x_wconf 82' lang='lat' dir='ltr'>et</span> <span class='ocrx_word' id='word_1_333' title='bbox 467 2936 513 2970; x_wconf 85' lang='lat' dir='ltr'>ita</span> <span class='ocrx_word' id='word_1_334' title='bbox 530 2949 559 2970; x_wconf 87' lang='lat' dir='ltr'>a.</span> <span class='ocrx_word' id='word_1_335' title='bbox 578 2937 727 2972; x_wconf 82' lang='grc' dir='ltr'>ἀτάκτως</span> <span class='ocrx_word' id='word_1_336' title='bbox 748 2937 786 2970; x_wconf 85' lang='lat' dir='ltr'>B.</span> <span class='ocrx_word' id='word_1_337' title='bbox 810 2936 872 2971; x_wconf 88' lang='lat' dir='ltr'>Ht.</span> <span class='ocrx_word' id='word_1_338' title='bbox 1022 2937 1073 2971; x_wconf 83' lang='lat'>18.</span> <span class='ocrx_word' id='word_1_339' title='bbox 1099 2938 1188 2971; x_wconf 81' lang='grc' dir='ltr'>πολὺ</span> <span class='ocrx_word' id='word_1_340' title='bbox 1208 2937 1304 2971; x_wconf 81' lang='lat' dir='ltr'>deest</span> <span class='ocrx_word' id='word_1_341' title='bbox 1321 2938 1356 2972; x_wconf 90' lang='lat' dir='ltr'>in</span> <span class='ocrx_word' id='word_1_342' title='bbox 1376 2950 1405 2972; x_wconf 88' lang='lat' dir='ltr'>a.</span> 
     </span>
    </p>
   </div>
   <div class='ocr_carea' id='block_1_9' title="bbox 1971 1804 2001 3261">
    <p class='ocr_par' dir='ltr' id='par_1_14' title="bbox 1971 1804 2001 3261">
     <span class='ocr_line' id='line_1_37' title="bbox 1971 1804 2001 3261; baseline 0 0"><span class='ocrx_word' id='word_1_343' title='bbox 1971 1804 2001 3261; x_wconf 95' lang='lat' dir='ltr'> </span> 
     </span>
    </p>
   </div>
  </div>
 </body>
</html>
