<?xml version="1.0" encoding="UTF-8"?>
<!DOCTYPE html PUBLIC "-//W3C//DTD XHTML 1.0 Transitional//EN"
    "http://www.w3.org/TR/xhtml1/DTD/xhtml1-transitional.dtd">
<html xmlns="http://www.w3.org/1999/xhtml" xml:lang="en" lang="en">
 <head>
  <title>
</title>
<meta http-equiv="Content-Type" content="text/html;charset=utf-8" />
  <meta name='ocr-system' content='tesseract 3.04.00' />
  <meta name='ocr-capabilities' content='ocr_page ocr_carea ocr_par ocr_line ocrx_word'/>
</head>
<body>
  <div class='ocr_page' id='page_1' title='image "./operacyrilli04cyriuoft/operacyrilli04cyriuoft_0585.png"; bbox 0 0 2022 3272; ppageno 0'>
   <div class='ocr_carea' id='block_1_1' title="bbox 79 568 102 608">
    <p class='ocr_par' dir='ltr' id='par_1_1' title="bbox 79 568 102 608">
     <span class='ocr_line' id='line_1_1' title="bbox 79 568 102 608; textangle 90"><span class='ocrx_word' id='word_1_1' title='bbox 79 568 102 608; x_wconf 56' lang='grc' dir='ltr'>(ει</span> 
     </span>
    </p>
   </div>
   <div class='ocr_carea' id='block_1_2' title="bbox 59 988 106 1014">
    <p class='ocr_par' dir='ltr' id='par_1_2' title="bbox 59 988 106 1014">
     <span class='ocr_line' id='line_1_2' title="bbox 59 988 106 1014; baseline 0.043 -2"><span class='ocrx_word' id='word_1_2' title='bbox 59 988 106 1014; x_wconf 94' lang='lat'>10</span> 
     </span>
    </p>
   </div>
   <div class='ocr_carea' id='block_1_3' title="bbox 60 1393 107 1432">
    <p class='ocr_par' dir='ltr' id='par_1_3' title="bbox 60 1393 107 1432">
     <span class='ocr_line' id='line_1_3' title="bbox 60 1393 107 1432; baseline 0 0"><span class='ocrx_word' id='word_1_3' title='bbox 60 1393 107 1432; x_wconf 81' lang='grc' dir='ltr'>Ι5</span> 
     </span>
    </p>
   </div>
   <div class='ocr_carea' id='block_1_4' title="bbox 121 111 1709 159">
    <p class='ocr_par' dir='ltr' id='par_1_4' title="bbox 121 111 1709 159">
     <span class='ocr_line' id='line_1_4' title="bbox 121 111 1709 159; baseline -0.004 -4"><span class='ocrx_word' id='word_1_4' title='bbox 121 129 271 157; x_wconf 84' lang='lat' dir='ltr'>xv.11.</span> <span class='ocrx_word' id='word_1_5' title='bbox 363 117 436 158; x_wconf 95' lang='lat' dir='ltr'>IN</span> <span class='ocrx_word' id='word_1_6' title='bbox 479 118 520 159; x_wconf 87' lang='lat' dir='ltr'>S.</span> <span class='ocrx_word' id='word_1_7' title='bbox 555 114 897 157; x_wconf 78' lang='lat' dir='ltr'><strong>JOANNEM.</strong></span> <span class='ocrx_word' id='word_1_8' title='bbox 961 113 1086 154; x_wconf 88' lang='lat' dir='ltr'>LIB.</span> <span class='ocrx_word' id='word_1_9' title='bbox 1123 113 1174 153; x_wconf 87' lang='lat' dir='ltr'>X.</span> <span class='ocrx_word' id='word_1_10' title='bbox 1237 113 1369 153; x_wconf 75' lang='lat' dir='ltr'><strong>CAP.</strong></span> <span class='ocrx_word' id='word_1_11' title='bbox 1405 113 1465 153; x_wconf 92' lang='lat' dir='ltr'>II.</span> <span class='ocrx_word' id='word_1_12' title='bbox 1626 111 1709 150; x_wconf 79' lang='lat'>573</span> 
     </span>
    </p>
   </div>
   <div class='ocr_carea' id='block_1_5' title="bbox 121 217 1711 453">
    <p class='ocr_par' dir='ltr' id='par_1_5' title="bbox 121 217 1711 453">
     <span class='ocr_line' id='line_1_5' title="bbox 121 217 1709 293; baseline -0.004 -19"><span class='ocrx_word' id='word_1_13' title='bbox 121 224 273 293; x_wconf 82' lang='grc' dir='ltr'>χαρὰν</span> <span class='ocrx_word' id='word_1_14' title='bbox 300 225 446 292; x_wconf 76' lang='grc' dir='ltr'>ἔχητε,</span> <span class='ocrx_word' id='word_1_15' title='bbox 475 225 577 289; x_wconf 75' lang='grc' dir='ltr'>ἤτοι</span> <span class='ocrx_word' id='word_1_16' title='bbox 608 224 694 288; x_wconf 85' lang='grc' dir='ltr'>τὴν</span> <span class='ocrx_word' id='word_1_17' title='bbox 730 227 792 277; x_wconf 81' lang='grc' dir='ltr'>εὶς</span> <span class='ocrx_word' id='word_1_18' title='bbox 823 222 915 286; x_wconf 77' lang='grc' dir='ltr'>ἐμέ·</span> <span class='ocrx_word' id='word_1_19' title='bbox 974 223 1095 273; x_wconf 75' lang='grc' dir='ltr'>οὕτω</span> <span class='ocrx_word' id='word_1_20' title='bbox 1134 221 1228 287; x_wconf 80' lang='grc' dir='ltr'>γὰρ</span> <span class='ocrx_word' id='word_1_21' title='bbox 1257 220 1314 271; x_wconf 77' lang='grc' dir='ltr'>ἂν</span> <span class='ocrx_word' id='word_1_22' title='bbox 1339 223 1412 271; x_wconf 75' lang='grc' dir='ltr'>καὶ</span> <span class='ocrx_word' id='word_1_23' title='bbox 1453 221 1584 270; x_wconf 77' lang='grc' dir='ltr'>αὐτοὶ</span> <span class='ocrx_word' id='word_1_24' title='bbox 1623 217 1709 282; x_wconf 83' lang='grc' dir='ltr'>τὴν</span> 
     </span>
     <span class='ocr_line' id='line_1_6' title="bbox 122 302 1710 373; baseline -0.004 -17"><span class='ocrx_word' id='word_1_25' title='bbox 122 307 241 357; x_wconf 79' lang='grc' dir='ltr'>ἰδίαν</span> <span class='ocrx_word' id='word_1_26' title='bbox 292 306 671 373; x_wconf 83' lang='grc' dir='ltr'>ἀναπληρώσητε</span> <span class='ocrx_word' id='word_1_27' title='bbox 725 305 935 368; x_wconf 90' lang='grc' dir='ltr'>δύναμιν,</span> <span class='ocrx_word' id='word_1_28' title='bbox 987 308 1082 354; x_wconf 90' lang='grc' dir='ltr'>τῶν</span> <span class='ocrx_word' id='word_1_29' title='bbox 1135 302 1466 369; x_wconf 86' lang='grc' dir='ltr'>ὑπερκοσμίων</span> <span class='ocrx_word' id='word_1_30' title='bbox 1516 303 1710 366; x_wconf 78' lang='grc' dir='ltr'>ἀγαθῶν</span> 
     </span>
     <span class='ocr_line' id='line_1_7' title="bbox 121 385 1711 453; baseline -0.003 -15"><span class='ocrx_word' id='word_1_31' title='bbox 121 390 384 443; x_wconf 79' lang='grc' dir='ltr'>ἐννοοῦντες</span> <span class='ocrx_word' id='word_1_32' title='bbox 411 388 497 453; x_wconf 85' lang='grc' dir='ltr'>τὴν</span> <span class='ocrx_word' id='word_1_33' title='bbox 531 387 748 453; x_wconf 80' lang='grc' dir='ltr'>ἀμοιβὴν,</span> <span class='ocrx_word' id='word_1_34' title='bbox 788 389 863 437; x_wconf 80' lang='grc' dir='ltr'>καὶ</span> <span class='ocrx_word' id='word_1_35' title='bbox 902 385 988 451; x_wconf 82' lang='grc' dir='ltr'>τὴν</span> <span class='ocrx_word' id='word_1_36' title='bbox 1024 386 1256 449; x_wconf 73' lang='grc' dir='ltr'>ἐσομένην</span> <span class='ocrx_word' id='word_1_37' title='bbox 1296 390 1389 438; x_wconf 86' lang='grc' dir='ltr'>τοῖς</span> <span class='ocrx_word' id='word_1_38' title='bbox 1429 385 1537 451; x_wconf 82' lang='grc' dir='ltr'>παρ’</span> <span class='ocrx_word' id='word_1_39' title='bbox 1582 385 1711 446; x_wconf 78' lang='grc' dir='ltr'>ὑμῶν</span> 
     </span>
    </p>
   </div>
   <div class='ocr_carea' id='block_1_6' title="bbox 123 465 1708 536">
    <p class='ocr_par' dir='ltr' id='par_1_6' title="bbox 123 465 1708 536">
     <span class='ocr_line' id='line_1_8' title="bbox 123 465 1708 536; baseline -0.001 -16"><span class='ocrx_word' id='word_1_40' title='bbox 123 473 317 536; x_wconf 80' lang='grc' dir='ltr'>ἱδρῶσιν</span> <span class='ocrx_word' id='word_1_41' title='bbox 354 472 608 533; x_wconf 81' lang='grc' dir='ltr'>ἀντίδοσιν,</span> <span class='ocrx_word' id='word_1_42' title='bbox 654 472 730 520; x_wconf 80' lang='grc' dir='ltr'>καὶ</span> <span class='ocrx_word' id='word_1_43' title='bbox 769 472 851 533; x_wconf 79' lang='grc' dir='ltr'>τῆς</span> <span class='ocrx_word' id='word_1_44' title='bbox 892 467 1022 535; x_wconf 76' lang='grc' dir='ltr'>παρὰ</span> <span class='ocrx_word' id='word_1_45' title='bbox 1062 472 1170 536; x_wconf 77' lang='grc' dir='ltr'>Θεῷ</span> <span class='ocrx_word' id='word_1_46' title='bbox 1213 465 1356 535; x_wconf 75' lang='grc' dir='ltr'>δόξης</span> <span class='ocrx_word' id='word_1_47' title='bbox 1396 466 1450 517; x_wconf 83' lang='grc' dir='ltr'>τὸ</span> <span class='ocrx_word' id='word_1_48' title='bbox 1493 466 1708 531; x_wconf 76' lang='grc' dir='ltr'>με’γεθος·</span> 
     </span>
    </p>
   </div>
   <div class='ocr_carea' id='block_1_7' title="bbox 123 547 1756 619">
    <p class='ocr_par' dir='ltr' id='par_1_7' title="bbox 123 547 1756 619">
     <span class='ocr_line' id='line_1_9' title="bbox 123 547 1756 619; baseline -0.006 -16"><span class='ocrx_word' id='word_1_49' title='bbox 123 552 268 617; x_wconf 74' lang='grc' dir='ltr'>ἤγουν</span> <span class='ocrx_word' id='word_1_50' title='bbox 294 552 450 619; x_wconf 80' lang='grc' dir='ltr'>ἕτερόν</span> <span class='ocrx_word' id='word_1_51' title='bbox 475 576 520 603; x_wconf 87' lang='grc' dir='ltr'>τι</span> <span class='ocrx_word' id='word_1_52' title='bbox 546 557 834 605; x_wconf 78' lang='grc' dir='ltr'>σκοποῦντες</span> <span class='ocrx_word' id='word_1_53' title='bbox 861 552 935 601; x_wconf 75' lang='grc' dir='ltr'>καὶ</span> <span class='ocrx_word' id='word_1_54' title='bbox 967 548 1275 616; x_wconf 74' lang='grc' dir='ltr'>λογιζόμενοι,</span> <span class='ocrx_word' id='word_1_55' title='bbox 1301 547 1419 614; x_wconf 80' lang='grc' dir='ltr'>πρὸς</span> <span class='ocrx_word' id='word_1_56' title='bbox 1445 547 1711 612; x_wconf 67' lang='grc' dir='ltr'>βαθυτέραν</span> <span class='ocrx_word' id='word_1_57' title='bbox 1731 554 1756 594; x_wconf 90' lang='lat' dir='ltr'>b</span> 
     </span>
    </p>
   </div>
   <div class='ocr_carea' id='block_1_8' title="bbox 123 628 1718 1523">
    <p class='ocr_par' dir='ltr' id='par_1_8' title="bbox 123 628 1718 1523">
     <span class='ocr_line' id='line_1_10' title="bbox 124 628 1712 701; baseline -0.004 -17"><span class='ocrx_word' id='word_1_58' title='bbox 124 634 236 685; x_wconf 76' lang='grc' dir='ltr'>ἰέναι</span> <span class='ocrx_word' id='word_1_59' title='bbox 276 635 473 701; x_wconf 86' lang='grc' dir='ltr'>θεωρίαν</span> <span class='ocrx_word' id='word_1_60' title='bbox 505 636 587 685; x_wconf 82' lang='grc' dir='ltr'>οὐκ</span> <span class='ocrx_word' id='word_1_61' title='bbox 627 632 976 697; x_wconf 86' lang='grc' dir='ltr'>ἀποκνησομεν.</span> <span class='ocrx_word' id='word_1_62' title='bbox 1029 635 1197 699; x_wconf 80' lang='grc' dir='ltr'>χρῆναι</span> <span class='ocrx_word' id='word_1_63' title='bbox 1224 630 1318 697; x_wconf 77' lang='grc' dir='ltr'>γὰρ</span> <span class='ocrx_word' id='word_1_64' title='bbox 1345 628 1473 694; x_wconf 75' lang='grc' dir='ltr'>οἶμαι</span> <span class='ocrx_word' id='word_1_65' title='bbox 1499 653 1574 680; x_wconf 91' lang='grc' dir='ltr'>και</span> <span class='ocrx_word' id='word_1_66' title='bbox 1601 629 1712 679; x_wconf 88' lang='grc' dir='ltr'>λίαν</span> 
     </span>
     <span class='ocr_line' id='line_1_11' title="bbox 123 710 1707 809; baseline -0.004 -42"><span class='ocrx_word' id='word_1_67' title='bbox 123 717 174 767; x_wconf 87' lang='grc' dir='ltr'>εὐ</span> <span class='ocrx_word' id='word_1_68' title='bbox 211 715 344 780; x_wconf 87' lang='grc' dir='ltr'>μάλα</span> <span class='ocrx_word' id='word_1_69' title='bbox 378 721 653 786; x_wconf 86' lang='grc' dir='ltr'>φιλοθηρεῖν</span> <span class='ocrx_word' id='word_1_70' title='bbox 692 717 901 774; x_wconf 75' lang='grc' dir='ltr'>εὐσεβῶς</span> <span class='ocrx_word' id='word_1_71' title='bbox 935 714 1125 809; x_wconf 82' lang='grc' dir='ltr'>ἁπάσης</span> <span class='ocrx_word' id='word_1_72' title='bbox 1154 714 1347 779; x_wconf 85' lang='grc' dir='ltr'>θεωριας</span> <span class='ocrx_word' id='word_1_73' title='bbox 1386 711 1468 763; x_wconf 80' lang='grc' dir='ltr'>τὸν</span> <span class='ocrx_word' id='word_1_74' title='bbox 1508 710 1707 762; x_wconf 89' lang='grc' dir='ltr'>σκοπόν.</span> 
     </span>
     <span class='ocr_line' id='line_1_12' title="bbox 124 793 1714 865; baseline -0.003 -16"><span class='ocrx_word' id='word_1_75' title='bbox 124 799 173 849; x_wconf 86' lang='grc' dir='ltr'>τί</span> <span class='ocrx_word' id='word_1_76' title='bbox 204 799 285 850; x_wconf 80' lang='grc' dir='ltr'>οὖν</span> <span class='ocrx_word' id='word_1_77' title='bbox 312 799 404 865; x_wconf 77' lang='grc' dir='ltr'>ἄρα</span> <span class='ocrx_word' id='word_1_78' title='bbox 433 801 575 863; x_wconf 88' lang='grc' dir='ltr'>δηλοῖ</span> <span class='ocrx_word' id='word_1_79' title='bbox 608 797 662 849; x_wconf 87' lang='grc' dir='ltr'>τό</span> <span class='ocrx_word' id='word_1_80' title='bbox 699 796 791 848; x_wconf 75' lang='grc' dir='ltr'>Ινα.</span> <span class='ocrx_word' id='word_1_81' title='bbox 828 799 849 857; x_wconf 74' lang='grc' dir='ltr'>ἦ</span> <span class='ocrx_word' id='word_1_82' title='bbox 880 820 1008 865; x_wconf 62' lang='grc' dir='ltr'>χαρά</span> <span class='ocrx_word' id='word_1_83' title='bbox 1035 799 1055 857; x_wconf 67' lang='grc' dir='ltr'><em>ἦ</em></span> <span class='ocrx_word' id='word_1_84' title='bbox 1084 820 1163 863; x_wconf 64' lang='lat' dir='ltr'>spen</span> <span class='ocrx_word' id='word_1_85' title='bbox 1197 794 1217 852; x_wconf 78' lang='grc' dir='ltr'>ἠ</span> <span class='ocrx_word' id='word_1_86' title='bbox 1255 797 1292 847; x_wconf 78' lang='grc' dir='ltr'>ἐν</span> <span class='ocrx_word' id='word_1_87' title='bbox 1318 798 1443 862; x_wconf 67' lang='grc' dir='ltr'>ὑμινς</span> <span class='ocrx_word' id='word_1_88' title='bbox 1487 793 1516 859; x_wconf 74' lang='grc' dir='ltr'>ἢ</span> <span class='ocrx_word' id='word_1_89' title='bbox 1553 817 1606 845; x_wconf 92' lang='grc' dir='ltr'>το</span> <span class='ocrx_word' id='word_1_90' title='bbox 1644 816 1714 844; x_wconf 88' lang='grc' dir='ltr'>οτι</span> 
     </span>
     <span class='ocr_line' id='line_1_13' title="bbox 125 876 1716 947; baseline -0.004 -17"><span class='ocrx_word' id='word_1_91' title='bbox 125 903 289 947; x_wconf 86' lang='grc' dir='ltr'>γεγονε</span> <span class='ocrx_word' id='word_1_92' title='bbox 329 883 435 932; x_wconf 90' lang='grc' dir='ltr'>καθ’</span> <span class='ocrx_word' id='word_1_93' title='bbox 479 881 600 945; x_wconf 81' lang='grc' dir='ltr'>ημᾶς</span> <span class='ocrx_word' id='word_1_94' title='bbox 640 881 664 930; x_wconf 84' lang='grc' dir='ltr'><strong>ὁ</strong></span> <span class='ocrx_word' id='word_1_95' title='bbox 706 876 997 944; x_wconf 85' lang='grc' dir='ltr'>Μονογενης,</span> <span class='ocrx_word' id='word_1_96' title='bbox 1025 900 1280 939; x_wconf 86' lang='grc' dir='ltr'>τουτεστιν,</span> <span class='ocrx_word' id='word_1_97' title='bbox 1320 877 1567 942; x_wconf 75' lang='grc' dir='ltr'>ἅνθρωπος</span> <span class='ocrx_word' id='word_1_98' title='bbox 1607 878 1716 943; x_wconf 82' lang='grc' dir='ltr'>δίχα</span> 
     </span>
     <span class='ocr_line' id='line_1_14' title="bbox 125 958 1717 1029; baseline -0.003 -16"><span class='ocrx_word' id='word_1_99' title='bbox 125 961 272 1028; x_wconf 89' lang='grc' dir='ltr'>μόνης</span> <span class='ocrx_word' id='word_1_100' title='bbox 299 963 541 1029; x_wconf 84' lang='grc' dir='ltr'>ἁμαρτίας,</span> <span class='ocrx_word' id='word_1_101' title='bbox 568 962 725 1014; x_wconf 88' lang='grc' dir='ltr'>πάντα</span> <span class='ocrx_word' id='word_1_102' title='bbox 760 960 980 1027; x_wconf 81' lang='grc' dir='ltr'>κεκρικὼς</span> <span class='ocrx_word' id='word_1_103' title='bbox 1016 962 1260 1025; x_wconf 85' lang='grc' dir='ltr'>ὑπομεῖναι</span> <span class='ocrx_word' id='word_1_104' title='bbox 1290 962 1365 1010; x_wconf 77' lang='grc' dir='ltr'>καὶ</span> <span class='ocrx_word' id='word_1_105' title='bbox 1391 963 1558 1011; x_wconf 79' lang='grc' dir='ltr'>παθεῖν</span> <span class='ocrx_word' id='word_1_106' title='bbox 1586 958 1717 1009; x_wconf 79' lang='grc' dir='ltr'>ὅσων</span> 
     </span>
     <span class='ocr_line' id='line_1_15' title="bbox 125 1041 1714 1111; baseline -0.004 -15"><span class='ocrx_word' id='word_1_107' title='bbox 125 1044 304 1111; x_wconf 74' lang='grc' dir='ltr'>ἤγαγεν</span> <span class='ocrx_word' id='word_1_108' title='bbox 329 1049 392 1098; x_wconf 80' lang='grc' dir='ltr'>εἰς</span> <span class='ocrx_word' id='word_1_109' title='bbox 414 1050 579 1110; x_wconf 88' lang='grc' dir='ltr'>πεῖραν</span> <span class='ocrx_word' id='word_1_110' title='bbox 611 1043 753 1094; x_wconf 80' lang='grc' dir='ltr'>αὐτὸν</span> <span class='ocrx_word' id='word_1_111' title='bbox 779 1044 806 1107; x_wconf 82' lang='grc' dir='ltr'>ἡ</span> <span class='ocrx_word' id='word_1_112' title='bbox 836 1042 1066 1109; x_wconf 77' lang='grc' dir='ltr'>ἐπάρατος</span> <span class='ocrx_word' id='word_1_113' title='bbox 1101 1047 1195 1093; x_wconf 92' lang='grc' dir='ltr'>τῶν</span> <span class='ocrx_word' id='word_1_114' title='bbox 1220 1041 1459 1092; x_wconf 81' lang='grc' dir='ltr'>Ἰουδαίων</span> <span class='ocrx_word' id='word_1_115' title='bbox 1486 1041 1714 1101; x_wconf 85' lang='grc' dir='ltr'>ἀπόνοια;</span> 
     </span>
     <span class='ocr_line' id='line_1_16' title="bbox 126 1122 1715 1193; baseline -0.002 -15"><span class='ocrx_word' id='word_1_116' title='bbox 126 1127 387 1193; x_wconf 82' lang='grc' dir='ltr'>εὑρήσομεν</span> <span class='ocrx_word' id='word_1_117' title='bbox 425 1126 518 1193; x_wconf 77' lang='grc' dir='ltr'>γὰρ</span> <span class='ocrx_word' id='word_1_118' title='bbox 558 1125 844 1192; x_wconf 77' lang='grc' dir='ltr'>ὑβρισθέντα</span> <span class='ocrx_word' id='word_1_119' title='bbox 884 1148 932 1176; x_wconf 91' lang='grc' dir='ltr'>τε</span> <span class='ocrx_word' id='word_1_120' title='bbox 973 1127 1049 1175; x_wconf 81' lang='grc' dir='ltr'>καὶ</span> <span class='ocrx_word' id='word_1_121' title='bbox 1092 1122 1371 1188; x_wconf 84' lang='grc' dir='ltr'>διωκόμενον</span> <span class='ocrx_word' id='word_1_122' title='bbox 1414 1125 1490 1174; x_wconf 75' lang='grc' dir='ltr'>καὶ</span> <span class='ocrx_word' id='word_1_123' title='bbox 1533 1128 1715 1189; x_wconf 79' lang='grc' dir='ltr'>πικροῖς</span> 
     </span>
     <span class='ocr_line' id='line_1_17' title="bbox 127 1206 1715 1275; baseline -0.003 -16"><span class='ocrx_word' id='word_1_124' title='bbox 127 1209 326 1260; x_wconf 85' lang='grc' dir='ltr'>ὀνείδεσι</span> <span class='ocrx_word' id='word_1_125' title='bbox 369 1207 800 1275; x_wconf 74' lang='grc' dir='ltr'>διακεκρουσμένον,</span> <span class='ocrx_word' id='word_1_126' title='bbox 844 1206 1174 1271; x_wconf 74' lang='grc' dir='ltr'>ἐμπτυσθέντα</span> <span class='ocrx_word' id='word_1_127' title='bbox 1217 1229 1266 1257; x_wconf 93' lang='grc' dir='ltr'>τε</span> <span class='ocrx_word' id='word_1_128' title='bbox 1308 1208 1383 1257; x_wconf 76' lang='grc' dir='ltr'>καὶ</span> <span class='ocrx_word' id='word_1_129' title='bbox 1421 1206 1715 1273; x_wconf 74' lang='grc' dir='ltr'>ῥαπισθέντα</span> 
     </span>
     <span class='ocr_line' id='line_1_18' title="bbox 128 1287 1711 1356; baseline -0.003 -15"><span class='ocrx_word' id='word_1_130' title='bbox 128 1292 204 1341; x_wconf 81' lang='grc' dir='ltr'>καὶ</span> <span class='ocrx_word' id='word_1_131' title='bbox 242 1293 325 1354; x_wconf 83' lang='grc' dir='ltr'>τῆς</span> <span class='ocrx_word' id='word_1_132' title='bbox 367 1290 443 1341; x_wconf 80' lang='grc' dir='ltr'>διὰ</span> <span class='ocrx_word' id='word_1_133' title='bbox 480 1290 730 1356; x_wconf 84' lang='grc' dir='ltr'>μαστίγων</span> <span class='ocrx_word' id='word_1_134' title='bbox 757 1290 907 1343; x_wconf 77' lang='grc' dir='ltr'>αἰκίας</span> <span class='ocrx_word' id='word_1_135' title='bbox 942 1290 1025 1340; x_wconf 81' lang='grc' dir='ltr'>οὐκ</span> <span class='ocrx_word' id='word_1_136' title='bbox 1058 1287 1408 1355; x_wconf 86' lang='grc' dir='ltr'>ἀμοιρήσαντα,</span> <span class='ocrx_word' id='word_1_137' title='bbox 1440 1289 1515 1338; x_wconf 75' lang='grc' dir='ltr'>καὶ</span> <span class='ocrx_word' id='word_1_138' title='bbox 1550 1294 1711 1338; x_wconf 90' lang='grc' dir='ltr'>τελευ-</span> 
     </span>
     <span class='ocr_line' id='line_1_19' title="bbox 128 1368 1718 1441; baseline -0.002 -19"><span class='ocrx_word' id='word_1_139' title='bbox 128 1377 259 1423; x_wconf 85' lang='grc' dir='ltr'>ταῖον</span> <span class='ocrx_word' id='word_1_140' title='bbox 284 1374 357 1423; x_wconf 81' lang='grc' dir='ltr'>ἐπὶ</span> <span class='ocrx_word' id='word_1_141' title='bbox 384 1372 564 1426; x_wconf 84' lang='grc' dir='ltr'>τούτοις</span> <span class='ocrx_word' id='word_1_142' title='bbox 595 1376 660 1441; x_wconf 73' lang='grc' dir='ltr'>τῷ</span> <span class='ocrx_word' id='word_1_143' title='bbox 696 1373 750 1422; x_wconf 83' lang='grc' dir='ltr'>δι’</span> <span class='ocrx_word' id='word_1_144' title='bbox 780 1372 899 1435; x_wconf 82' lang='grc' dir='ltr'>ἡμᾶς</span> <span class='ocrx_word' id='word_1_145' title='bbox 933 1373 1008 1422; x_wconf 76' lang='grc' dir='ltr'>καὶ</span> <span class='ocrx_word' id='word_1_146' title='bbox 1043 1370 1157 1436; x_wconf 76' lang='grc' dir='ltr'>ὑπὲρ</span> <span class='ocrx_word' id='word_1_147' title='bbox 1184 1370 1314 1434; x_wconf 77' lang='grc' dir='ltr'>ἡμῶν</span> <span class='ocrx_word' id='word_1_148' title='bbox 1340 1368 1718 1435; x_wconf 76' lang='grc' dir='ltr'>προσηλωθέντα</span> 
     </span>
     <span class='ocr_line' id='line_1_20' title="bbox 128 1451 1714 1523; baseline -0.002 -19"><span class='ocrx_word' id='word_1_149' title='bbox 128 1458 336 1523; x_wconf 75' lang='grc' dir='ltr'>σταυρῷ.</span> <span class='ocrx_word' id='word_1_150' title='bbox 387 1456 461 1506; x_wconf 80' lang='grc' dir='ltr'>ἐπὶ</span> <span class='ocrx_word' id='word_1_151' title='bbox 493 1455 539 1506; x_wconf 81' lang='grc' dir='ltr'>δὲ</span> <span class='ocrx_word' id='word_1_152' title='bbox 575 1454 755 1508; x_wconf 85' lang='grc' dir='ltr'>τούτοις</span> <span class='ocrx_word' id='word_1_153' title='bbox 794 1451 948 1504; x_wconf 82' lang='grc' dir='ltr'>ἅπασι</span> <span class='ocrx_word' id='word_1_154' title='bbox 986 1458 1082 1506; x_wconf 87' lang='grc' dir='ltr'>τοῖς</span> <span class='ocrx_word' id='word_1_155' title='bbox 1123 1454 1245 1503; x_wconf 77' lang='grc' dir='ltr'>οὕτω</span> <span class='ocrx_word' id='word_1_156' title='bbox 1285 1455 1466 1514; x_wconf 84' lang='grc' dir='ltr'>δεινοῖς,</span> <span class='ocrx_word' id='word_1_157' title='bbox 1497 1452 1550 1502; x_wconf 84' lang='grc' dir='ltr'>οὐ</span> <span class='ocrx_word' id='word_1_158' title='bbox 1577 1474 1714 1502; x_wconf 79' lang='grc' dir='ltr'>κατε·</span> 
     </span>
    </p>
   </div>
   <div class='ocr_carea' id='block_1_9' title="bbox 67 1535 1719 1603">
    <p class='ocr_par' dir='ltr' id='par_1_9' title="bbox 67 1535 1719 1603">
     <span class='ocr_line' id='line_1_21' title="bbox 67 1535 1719 1603; baseline -0.002 -16"><span class='ocrx_word' id='word_1_159' title='bbox 67 1570 77 1573; x_wconf 63' lang='lat'><strong><em>„</em></strong></span> <span class='ocrx_word' id='word_1_160' title='bbox 129 1535 333 1601; x_wconf 85' lang='grc' dir='ltr'>σπάσθη</span> <span class='ocrx_word' id='word_1_161' title='bbox 359 1535 477 1603; x_wconf 78' lang='grc' dir='ltr'>πρὸς</span> <span class='ocrx_word' id='word_1_162' title='bbox 504 1537 678 1599; x_wconf 84' lang='grc' dir='ltr'>λύπην,</span> <span class='ocrx_word' id='word_1_163' title='bbox 708 1535 838 1600; x_wconf 83' lang='grc' dir='ltr'>πλὴν</span> <span class='ocrx_word' id='word_1_164' title='bbox 864 1535 982 1586; x_wconf 78' lang='grc' dir='ltr'>ὅσον</span> <span class='ocrx_word' id='word_1_165' title='bbox 1008 1541 1090 1586; x_wconf 82' lang='grc' dir='ltr'>τοῦ</span> <span class='ocrx_word' id='word_1_166' title='bbox 1115 1539 1280 1586; x_wconf 80' lang='grc' dir='ltr'>παθεῖν</span> <span class='ocrx_word' id='word_1_167' title='bbox 1307 1538 1608 1597; x_wconf 75' lang='grc' dir='ltr'>οἰκονομικῶς</span> <span class='ocrx_word' id='word_1_168' title='bbox 1635 1535 1719 1584; x_wconf 77' lang='grc' dir='ltr'>οὐκ</span> 
     </span>
    </p>
   </div>
   <div class='ocr_carea' id='block_1_10' title="bbox 129 1616 1720 1768">
    <p class='ocr_par' dir='ltr' id='par_1_10' title="bbox 129 1616 1720 1768">
     <span class='ocr_line' id='line_1_22' title="bbox 129 1616 1720 1688; baseline -0.001 -19"><span class='ocrx_word' id='word_1_169' title='bbox 129 1619 361 1687; x_wconf 76' lang='grc' dir='ltr'>ἀπέφριξε</span> <span class='ocrx_word' id='word_1_170' title='bbox 399 1618 485 1682; x_wconf 86' lang='grc' dir='ltr'>τὴν</span> <span class='ocrx_word' id='word_1_171' title='bbox 509 1619 716 1688; x_wconf 76' lang='grc' dir='ltr'>ἀδοξίαν,</span> <span class='ocrx_word' id='word_1_172' title='bbox 743 1617 875 1668; x_wconf 80' lang='grc' dir='ltr'>ἀλλὰ</span> <span class='ocrx_word' id='word_1_173' title='bbox 914 1621 996 1682; x_wconf 84' lang='grc' dir='ltr'>τῆς</span> <span class='ocrx_word' id='word_1_174' title='bbox 1034 1616 1307 1684; x_wconf 86' lang='grc' dir='ltr'>πρεπούσης</span> <span class='ocrx_word' id='word_1_175' title='bbox 1335 1617 1562 1681; x_wconf 86' lang='grc' dir='ltr'>θυμηδίας</span> <span class='ocrx_word' id='word_1_176' title='bbox 1594 1618 1720 1686; x_wconf 72' lang='grc' dir='ltr'>αὐτῷ</span> 
     </span>
     <span class='ocr_line' id='line_1_23' title="bbox 131 1698 1716 1768; baseline -0.001 -17"><span class='ocrx_word' id='word_1_177' title='bbox 131 1703 207 1751; x_wconf 79' lang='grc' dir='ltr'>καὶ</span> <span class='ocrx_word' id='word_1_178' title='bbox 245 1706 395 1768; x_wconf 79' lang='grc' dir='ltr'>χαρᾶς</span> <span class='ocrx_word' id='word_1_179' title='bbox 432 1700 680 1754; x_wconf 86' lang='grc' dir='ltr'>ἀνάπλεως</span> <span class='ocrx_word' id='word_1_180' title='bbox 719 1699 789 1764; x_wconf 80' lang='grc' dir='ltr'>ἧν,</span> <span class='ocrx_word' id='word_1_181' title='bbox 817 1701 1004 1767; x_wconf 87' lang='grc' dir='ltr'>ἐπείπερ</span> <span class='ocrx_word' id='word_1_182' title='bbox 1043 1698 1273 1751; x_wconf 84' lang='grc' dir='ltr'>ἐθεάσατο</span> <span class='ocrx_word' id='word_1_183' title='bbox 1305 1698 1389 1762; x_wconf 85' lang='grc' dir='ltr'>τὴν</span> <span class='ocrx_word' id='word_1_184' title='bbox 1428 1703 1522 1750; x_wconf 86' lang='grc' dir='ltr'>τῶν</span> <span class='ocrx_word' id='word_1_185' title='bbox 1561 1699 1716 1765; x_wconf 74' lang='grc' dir='ltr'>σωζο-</span> 
     </span>
    </p>
   </div>
   <div class='ocr_carea' id='block_1_11' title="bbox 63 1781 1721 1849">
    <p class='ocr_par' dir='ltr' id='par_1_11' title="bbox 63 1781 1721 1849">
     <span class='ocr_line' id='line_1_24' title="bbox 63 1781 1721 1849; baseline -0.002 -15"><span class='ocrx_word' id='word_1_186' title='bbox 63 1811 113 1835; x_wconf 79' lang='lat'>20</span> <span class='ocrx_word' id='word_1_187' title='bbox 131 1783 282 1847; x_wconf 78' lang='grc' dir='ltr'>με’νων</span> <span class='ocrx_word' id='word_1_188' title='bbox 327 1782 530 1847; x_wconf 76' lang='grc' dir='ltr'>πληθὺν,</span> <span class='ocrx_word' id='word_1_189' title='bbox 574 1781 904 1849; x_wconf 78' lang='grc' dir='ltr'>πληρούμενον</span> <span class='ocrx_word' id='word_1_190' title='bbox 943 1804 992 1833; x_wconf 91' lang='grc' dir='ltr'>τε</span> <span class='ocrx_word' id='word_1_191' title='bbox 1033 1782 1086 1833; x_wconf 80' lang='grc' dir='ltr'>τὸ</span> <span class='ocrx_word' id='word_1_192' title='bbox 1123 1781 1309 1845; x_wconf 81' lang='grc' dir='ltr'>θέλημα</span> <span class='ocrx_word' id='word_1_193' title='bbox 1351 1786 1435 1831; x_wconf 87' lang='grc' dir='ltr'>τοῦ</span> <span class='ocrx_word' id='word_1_194' title='bbox 1477 1784 1603 1832; x_wconf 79' lang='grc' dir='ltr'>Θεοῦ</span> <span class='ocrx_word' id='word_1_195' title='bbox 1645 1782 1721 1831; x_wconf 83' lang='grc' dir='ltr'>καὶ</span> 
     </span>
    </p>
   </div>
   <div class='ocr_carea' id='block_1_12' title="bbox 67 2201 161 2243">
    <p class='ocr_par' dir='ltr' id='par_1_12' title="bbox 67 2201 161 2243">
     <span class='ocr_line' id='line_1_25' title="bbox 67 2201 161 2243; baseline -0.011 -20"><span class='ocrx_word' id='word_1_196' title='bbox 67 2204 114 2243; x_wconf 82' lang='lat'>25</span> <span class='ocrx_word' id='word_1_197' title='bbox 136 2201 161 2223; x_wconf 75' lang='lat'>&lt;6</span> 
     </span>
    </p>
   </div>
   <div class='ocr_carea' id='block_1_13' title="bbox 132 1862 1726 2586">
    <p class='ocr_par' dir='ltr' id='par_1_13' title="bbox 132 1862 1726 2586">
     <span class='ocr_line' id='line_1_26' title="bbox 134 1862 1722 1932; baseline -0.003 -16"><span class='ocrx_word' id='word_1_198' title='bbox 134 1864 339 1931; x_wconf 83' lang='grc' dir='ltr'>Πατρός.</span> <span class='ocrx_word' id='word_1_199' title='bbox 400 1864 476 1915; x_wconf 79' lang='grc' dir='ltr'>διὰ</span> <span class='ocrx_word' id='word_1_200' title='bbox 520 1870 658 1915; x_wconf 85' lang='grc' dir='ltr'>τοῦτο</span> <span class='ocrx_word' id='word_1_201' title='bbox 703 1863 857 1932; x_wconf 78' lang='grc' dir='ltr'>χαρὰν</span> <span class='ocrx_word' id='word_1_202' title='bbox 908 1866 1104 1915; x_wconf 85' lang='grc' dir='ltr'>ἐποιεῖτο</span> <span class='ocrx_word' id='word_1_203' title='bbox 1153 1863 1239 1927; x_wconf 82' lang='grc' dir='ltr'>τὴν</span> <span class='ocrx_word' id='word_1_204' title='bbox 1290 1864 1490 1926; x_wconf 79' lang='grc' dir='ltr'>ἀτιμίαν,</span> <span class='ocrx_word' id='word_1_205' title='bbox 1536 1862 1722 1930; x_wconf 85' lang='grc' dir='ltr'>τρυφὴν</span> 
     </span>
     <span class='ocr_line' id='line_1_27' title="bbox 133 1944 1720 2013; baseline -0.002 -15"><span class='ocrx_word' id='word_1_206' title='bbox 133 1947 368 2013; x_wconf 72' lang='grc' dir='ltr'>ἐλογίζετο</span> <span class='ocrx_word' id='word_1_207' title='bbox 407 1945 513 2000; x_wconf 76' lang='grc' dir='ltr'>τοὺς</span> <span class='ocrx_word' id='word_1_208' title='bbox 550 1945 738 2000; x_wconf 85' lang='grc' dir='ltr'>πόνους.</span> <span class='ocrx_word' id='word_1_209' title='bbox 793 1947 943 1997; x_wconf 85' lang='grc' dir='ltr'>καίτοι</span> <span class='ocrx_word' id='word_1_210' title='bbox 982 1945 1074 2012; x_wconf 79' lang='grc' dir='ltr'>γὰρ</span> <span class='ocrx_word' id='word_1_211' title='bbox 1105 1949 1307 1997; x_wconf 88' lang='grc' dir='ltr'>πολλῶν</span> <span class='ocrx_word' id='word_1_212' title='bbox 1334 1947 1408 1996; x_wconf 79' lang='grc' dir='ltr'>καὶ</span> <span class='ocrx_word' id='word_1_213' title='bbox 1447 1944 1720 2013; x_wconf 75' lang='grc' dir='ltr'>ἀπηχεστά-</span> 
     </span>
     <span class='ocr_line' id='line_1_28' title="bbox 132 2026 1721 2094; baseline -0.001 -14"><span class='ocrx_word' id='word_1_214' title='bbox 132 2051 228 2080; x_wconf 91' lang='grc' dir='ltr'>των</span> <span class='ocrx_word' id='word_1_215' title='bbox 271 2030 369 2080; x_wconf 86' lang='grc' dir='ltr'>κατ’</span> <span class='ocrx_word' id='word_1_216' title='bbox 414 2030 556 2080; x_wconf 78' lang='grc' dir='ltr'>αὐτοῦ</span> <span class='ocrx_word' id='word_1_217' title='bbox 600 2029 934 2092; x_wconf 78' lang='grc' dir='ltr'>τολμωμένων,</span> <span class='ocrx_word' id='word_1_218' title='bbox 980 2027 1306 2094; x_wconf 68' lang='grc' dir='ltr'>γεγραμμένον</span> <span class='ocrx_word' id='word_1_219' title='bbox 1350 2026 1609 2094; x_wconf 82' lang='grc' dir='ltr'>εὑρήσομεν</span> <span class='ocrx_word' id='word_1_220' title='bbox 1651 2026 1721 2078; x_wconf 75' lang='grc' dir='ltr'>ὅτι</span> 
     </span>
     <span class='ocr_line' id='line_1_29' title="bbox 133 2107 1722 2180; baseline -0.001 -19"><span class='ocrx_word' id='word_1_221' title='bbox 133 2109 239 2161; x_wconf 86' lang='grc' dir='ltr'>τότε</span> <span class='ocrx_word' id='word_1_222' title='bbox 266 2112 290 2161; x_wconf 86' lang='grc' dir='ltr'>ὁ</span> <span class='ocrx_word' id='word_1_223' title='bbox 324 2111 511 2175; x_wconf 81' lang='grc' dir='ltr'>Ἰησοῦς</span> <span class='ocrx_word' id='word_1_224' title='bbox 538 2117 563 2140; x_wconf 81' lang='grc'><strong>“</strong></span> <span class='ocrx_word' id='word_1_225' title='bbox 581 2110 918 2177; x_wconf 80' lang='grc' dir='ltr'>ἠγαλλιάσατο</span> <span class='ocrx_word' id='word_1_226' title='bbox 959 2115 1026 2180; x_wconf 74' lang='grc' dir='ltr'>τῷ</span> <span class='ocrx_word' id='word_1_227' title='bbox 1064 2109 1295 2174; x_wconf 89' lang='grc' dir='ltr'>πνεύματι</span> <span class='ocrx_word' id='word_1_228' title='bbox 1322 2111 1398 2160; x_wconf 80' lang='grc' dir='ltr'>καὶ</span> <span class='ocrx_word' id='word_1_229' title='bbox 1431 2107 1556 2161; x_wconf 77' lang='grc' dir='ltr'>εἶπεν</span> <span class='ocrx_word' id='word_1_230' title='bbox 1581 2110 1722 2178; x_wconf 74' lang='grc' dir='ltr'>Ἐξο-</span> 
     </span>
     <span class='ocr_line' id='line_1_30' title="bbox 186 2191 1723 2259; baseline -0.001 -15"><span class='ocrx_word' id='word_1_231' title='bbox 186 2193 489 2259; x_wconf 82' lang='grc' dir='ltr'>μολογοῦμαί</span> <span class='ocrx_word' id='word_1_232' title='bbox 518 2216 597 2244; x_wconf 88' lang='grc' dir='ltr'>σοι</span> <span class='ocrx_word' id='word_1_233' title='bbox 626 2192 788 2259; x_wconf 81' lang='grc' dir='ltr'>Πάτερ</span> <span class='ocrx_word' id='word_1_234' title='bbox 821 2192 948 2258; x_wconf 87' lang='grc' dir='ltr'>κύριε</span> <span class='ocrx_word' id='word_1_235' title='bbox 975 2198 1059 2243; x_wconf 85' lang='grc' dir='ltr'>τοῦ</span> <span class='ocrx_word' id='word_1_236' title='bbox 1087 2193 1286 2259; x_wconf 82' lang='grc' dir='ltr'>οὐρανοῦ</span> <span class='ocrx_word' id='word_1_237' title='bbox 1312 2193 1388 2242; x_wconf 83' lang='grc' dir='ltr'>καὶ</span> <span class='ocrx_word' id='word_1_238' title='bbox 1414 2195 1495 2256; x_wconf 79' lang='grc' dir='ltr'>τῆς</span> <span class='ocrx_word' id='word_1_239' title='bbox 1523 2195 1623 2258; x_wconf 77' lang='grc' dir='ltr'>γῆς,</span> <span class='ocrx_word' id='word_1_240' title='bbox 1652 2191 1723 2243; x_wconf 77' lang='grc' dir='ltr'>ὅτι</span> 
     </span>
     <span class='ocr_line' id='line_1_31' title="bbox 134 2272 1718 2344; baseline -0.001 -18"><span class='ocrx_word' id='word_1_241' title='bbox 134 2283 162 2305; x_wconf 86' lang='grc'><strong>“</strong></span> <span class='ocrx_word' id='word_1_242' title='bbox 189 2275 468 2344; x_wconf 74' lang='grc' dir='ltr'>ἀπέκρυψας</span> <span class='ocrx_word' id='word_1_243' title='bbox 506 2280 654 2326; x_wconf 85' lang='grc' dir='ltr'>ταῦτα</span> <span class='ocrx_word' id='word_1_244' title='bbox 686 2274 779 2325; x_wconf 83' lang='grc' dir='ltr'>ἀπὸ</span> <span class='ocrx_word' id='word_1_245' title='bbox 806 2278 977 2343; x_wconf 83' lang='grc' dir='ltr'>σοφῶν</span> <span class='ocrx_word' id='word_1_246' title='bbox 1002 2276 1077 2324; x_wconf 75' lang='grc' dir='ltr'>καὶ</span> <span class='ocrx_word' id='word_1_247' title='bbox 1115 2277 1337 2336; x_wconf 86' lang='grc' dir='ltr'>συνετῶν,</span> <span class='ocrx_word' id='word_1_248' title='bbox 1366 2276 1440 2324; x_wconf 76' lang='grc' dir='ltr'>καὶ</span> <span class='ocrx_word' id='word_1_249' title='bbox 1477 2272 1718 2325; x_wconf 86' lang='grc' dir='ltr'>ἀπεκάλυ-</span> 
     </span>
     <span class='ocr_line' id='line_1_32' title="bbox 136 2355 1725 2425; baseline -0.001 -18"><span class='ocrx_word' id='word_1_250' title='bbox 136 2365 163 2388; x_wconf 85' lang='grc'><strong>“</strong></span> <span class='ocrx_word' id='word_1_251' title='bbox 189 2361 291 2425; x_wconf 81' lang='grc' dir='ltr'>ψας</span> <span class='ocrx_word' id='word_1_252' title='bbox 316 2356 433 2408; x_wconf 81' lang='grc' dir='ltr'>αὐτὰ</span> <span class='ocrx_word' id='word_1_253' title='bbox 459 2357 652 2421; x_wconf 83' lang='grc' dir='ltr'>νηπίοις·</span> <span class='ocrx_word' id='word_1_254' title='bbox 696 2358 770 2407; x_wconf 77' lang='grc' dir='ltr'>ναὶ</span> <span class='ocrx_word' id='word_1_255' title='bbox 798 2357 822 2406; x_wconf 83' lang='grc' dir='ltr'>ὁ</span> <span class='ocrx_word' id='word_1_256' title='bbox 852 2356 1035 2422; x_wconf 86' lang='grc' dir='ltr'>Πατὴρ,</span> <span class='ocrx_word' id='word_1_257' title='bbox 1063 2355 1134 2407; x_wconf 79' lang='grc' dir='ltr'>ὅτι</span> <span class='ocrx_word' id='word_1_258' title='bbox 1161 2357 1308 2410; x_wconf 80' lang='grc' dir='ltr'>οὕτως</span> <span class='ocrx_word' id='word_1_259' title='bbox 1335 2356 1517 2407; x_wconf 82' lang='grc' dir='ltr'>εὐδοκία</span> <span class='ocrx_word' id='word_1_260' title='bbox 1544 2355 1725 2422; x_wconf 66' lang='grc' dir='ltr'>ἐγένετο</span> 
     </span>
     <span class='ocr_line' id='line_1_33' title="bbox 137 2437 1726 2506; baseline 0.001 -16"><span class='ocrx_word' id='word_1_261' title='bbox 137 2447 164 2469; x_wconf 88' lang='grc'><strong>“</strong></span> <span class='ocrx_word' id='word_1_262' title='bbox 191 2438 461 2506; x_wconf 64' lang='grc' dir='ltr'>ἔμπροσθέν</span> <span class='ocrx_word' id='word_1_263' title='bbox 488 2439 625 2489; x_wconf 87' lang='grc' dir='ltr'>σου.”</span> <span class='ocrx_word' id='word_1_264' title='bbox 679 2437 871 2501; x_wconf 83' lang='grc' dir='ltr'>ἀκούεις,</span> <span class='ocrx_word' id='word_1_265' title='bbox 899 2437 970 2489; x_wconf 78' lang='grc' dir='ltr'>ὅτι</span> <span class='ocrx_word' id='word_1_266' title='bbox 996 2438 1183 2504; x_wconf 83' lang='grc' dir='ltr'>ἐπείπερ</span> <span class='ocrx_word' id='word_1_267' title='bbox 1209 2439 1369 2488; x_wconf 84' lang='grc' dir='ltr'>ε’θεᾶτο</span> <span class='ocrx_word' id='word_1_268' title='bbox 1399 2438 1726 2506; x_wconf 76' lang='grc' dir='ltr'>σοφουμένους</span> 
     </span>
     <span class='ocr_line' id='line_1_34' title="bbox 137 2518 1723 2586; baseline -0.003 -14"><span class='ocrx_word' id='word_1_269' title='bbox 137 2520 244 2575; x_wconf 73' lang='grc' dir='ltr'>τοὺς</span> <span class='ocrx_word' id='word_1_270' title='bbox 284 2521 476 2584; x_wconf 85' lang='grc' dir='ltr'>νηπίους</span> <span class='ocrx_word' id='word_1_271' title='bbox 513 2542 563 2570; x_wconf 88' lang='grc' dir='ltr'>τε</span> <span class='ocrx_word' id='word_1_272' title='bbox 605 2518 743 2573; x_wconf 77' lang='grc' dir='ltr'>ὄντας</span> <span class='ocrx_word' id='word_1_273' title='bbox 787 2522 862 2570; x_wconf 79' lang='grc' dir='ltr'>καὶ</span> <span class='ocrx_word' id='word_1_274' title='bbox 907 2518 1133 2583; x_wconf 85' lang='grc' dir='ltr'>ἀνοήτους</span> <span class='ocrx_word' id='word_1_275' title='bbox 1171 2518 1300 2580; x_wconf 78' lang='grc' dir='ltr'>ποτὲ,</span> <span class='ocrx_word' id='word_1_276' title='bbox 1335 2520 1484 2586; x_wconf 85' lang='grc' dir='ltr'>χαίρει</span> <span class='ocrx_word' id='word_1_277' title='bbox 1525 2518 1610 2582; x_wconf 81' lang='grc' dir='ltr'>μὲν</span> <span class='ocrx_word' id='word_1_278' title='bbox 1649 2520 1723 2568; x_wconf 76' lang='grc' dir='ltr'>καὶ</span> 
     </span>
    </p>
   </div>
   <div class='ocr_carea' id='block_1_14' title="bbox 70 2598 1726 2669">
    <p class='ocr_par' dir='ltr' id='par_1_14' title="bbox 70 2598 1726 2669">
     <span class='ocr_line' id='line_1_35' title="bbox 70 2598 1726 2669; baseline -0.003 -14"><span class='ocrx_word' id='word_1_279' title='bbox 70 2619 120 2655; x_wconf 87' lang='lat'>30</span> <span class='ocrx_word' id='word_1_280' title='bbox 139 2604 429 2669; x_wconf 83' lang='grc' dir='ltr'>ἀγαλλιᾶται</span> <span class='ocrx_word' id='word_1_281' title='bbox 468 2600 543 2652; x_wconf 78' lang='grc' dir='ltr'>διὰ</span> <span class='ocrx_word' id='word_1_282' title='bbox 577 2606 661 2652; x_wconf 81' lang='grc' dir='ltr'>τοῦ</span> <span class='ocrx_word' id='word_1_283' title='bbox 689 2600 979 2664; x_wconf 88' lang='grc' dir='ltr'>Πνεύματος,</span> <span class='ocrx_word' id='word_1_284' title='bbox 1007 2600 1146 2668; x_wconf 82' lang='grc' dir='ltr'>χάριν</span> <span class='ocrx_word' id='word_1_285' title='bbox 1170 2599 1217 2650; x_wconf 78' lang='grc' dir='ltr'>δὲ</span> <span class='ocrx_word' id='word_1_286' title='bbox 1251 2598 1414 2665; x_wconf 79' lang='grc' dir='ltr'>ὥσπερ</span> <span class='ocrx_word' id='word_1_287' title='bbox 1447 2599 1562 2666; x_wconf 70' lang='grc' dir='ltr'>ὑπὲρ</span> <span class='ocrx_word' id='word_1_288' title='bbox 1592 2600 1726 2663; x_wconf 82' lang='grc' dir='ltr'>ἡμῶν</span> 
     </span>
    </p>
   </div>
   <div class='ocr_carea' id='block_1_15' title="bbox 139 2680 1726 2752">
    <p class='ocr_par' dir='ltr' id='par_1_15' title="bbox 139 2680 1726 2752">
     <span class='ocr_line' id='line_1_36' title="bbox 139 2680 1726 2752; baseline -0.003 -16"><span class='ocrx_word' id='word_1_289' title='bbox 139 2687 350 2736; x_wconf 86' lang='grc' dir='ltr'>ἀνατιθεῖ</span> <span class='ocrx_word' id='word_1_290' title='bbox 395 2687 462 2752; x_wconf 75' lang='grc' dir='ltr'>τῷ</span> <span class='ocrx_word' id='word_1_291' title='bbox 512 2680 789 2747; x_wconf 75' lang='grc' dir='ltr'>διασώζοντι</span> <span class='ocrx_word' id='word_1_292' title='bbox 837 2683 1009 2748; x_wconf 88' lang='grc' dir='ltr'>Πατρί·</span> <span class='ocrx_word' id='word_1_293' title='bbox 1080 2680 1211 2732; x_wconf 80' lang='grc' dir='ltr'>ἀλλὰ</span> <span class='ocrx_word' id='word_1_294' title='bbox 1254 2683 1330 2732; x_wconf 77' lang='grc' dir='ltr'>καὶ</span> <span class='ocrx_word' id='word_1_295' title='bbox 1381 2680 1456 2732; x_wconf 80' lang='grc' dir='ltr'>ὅτε</span> <span class='ocrx_word' id='word_1_296' title='bbox 1506 2680 1592 2745; x_wconf 85' lang='grc' dir='ltr'>τὴν</span> <span class='ocrx_word' id='word_1_297' title='bbox 1631 2685 1726 2732; x_wconf 88' lang='grc' dir='ltr'>τῶν</span> 
     </span>
    </p>
   </div>
   <div class='ocr_carea' id='block_1_16' title="bbox 145 2867 1728 2964">
    <p class='ocr_par' dir='ltr' id='par_1_16' title="bbox 145 2867 1728 2964">
     <span class='ocr_line' id='line_1_37' title="bbox 192 2867 1728 2914; baseline -0.003 -8"><span class='ocrx_word' id='word_1_298' title='bbox 192 2884 223 2906; x_wconf 84' lang='lat'>1.</span> <span class='ocrx_word' id='word_1_299' title='bbox 249 2871 289 2906; x_wconf 86' lang='grc' dir='ltr'>ἂν</span> <span class='ocrx_word' id='word_1_300' title='bbox 307 2883 375 2905; x_wconf 90' lang='lat' dir='ltr'>om.</span> <span class='ocrx_word' id='word_1_301' title='bbox 394 2870 436 2905; x_wconf 87' lang='lat' dir='ltr'>E.</span> <span class='ocrx_word' id='word_1_302' title='bbox 691 2881 722 2904; x_wconf 85' lang='lat'>2.</span> <span class='ocrx_word' id='word_1_303' title='bbox 749 2868 888 2911; x_wconf 81' lang='grc' dir='ltr'>δύναμιν</span> <span class='ocrx_word' id='word_1_304' title='bbox 906 2875 1127 2914; x_wconf 81' lang='lat' dir='ltr'>assumptum</span> <span class='ocrx_word' id='word_1_305' title='bbox 1147 2881 1188 2903; x_wconf 83' lang='lat' dir='ltr'>ex</span> <span class='ocrx_word' id='word_1_306' title='bbox 1207 2869 1248 2903; x_wconf 93' lang='lat' dir='ltr'>E.</span> <span class='ocrx_word' id='word_1_307' title='bbox 1504 2879 1557 2904; x_wconf 91' lang='lat'>10.</span> <span class='ocrx_word' id='word_1_308' title='bbox 1583 2867 1668 2903; x_wconf 87' lang='grc' dir='ltr'>ὅσον</span> <span class='ocrx_word' id='word_1_309' title='bbox 1685 2867 1728 2902; x_wconf 88' lang='grc' dir='ltr'>Ε.</span> 
     </span>
     <span class='ocr_line' id='line_1_38' title="bbox 145 2915 1446 2964; baseline -0.002 -11"><span class='ocrx_word' id='word_1_310' title='bbox 145 2928 199 2964; x_wconf 89' lang='lat'>17.</span> <span class='ocrx_word' id='word_1_311' title='bbox 226 2919 284 2953; x_wconf 82' lang='grc' dir='ltr'>οὐκ</span> <span class='ocrx_word' id='word_1_312' title='bbox 302 2917 472 2963; x_wconf 81' lang='grc' dir='ltr'>ἀπέφριξε</span> <span class='ocrx_word' id='word_1_313' title='bbox 493 2917 533 2951; x_wconf 85' lang='grc' dir='ltr'>Ε.</span> <span class='ocrx_word' id='word_1_314' title='bbox 553 2917 592 2950; x_wconf 76' lang='grc' dir='ltr'>οὐ</span> <span class='ocrx_word' id='word_1_315' title='bbox 610 2916 794 2961; x_wconf 78' lang='grc' dir='ltr'>κατέφριξε</span> <span class='ocrx_word' id='word_1_316' title='bbox 814 2916 881 2951; x_wconf 89' lang='lat' dir='ltr'>Ed.</span> <span class='ocrx_word' id='word_1_317' title='bbox 1082 2916 1137 2951; x_wconf 83' lang='lat'>28.</span> <span class='ocrx_word' id='word_1_318' title='bbox 1164 2915 1386 2961; x_wconf 73' lang='grc' dir='ltr'>σοφωμένους</span> <span class='ocrx_word' id='word_1_319' title='bbox 1405 2915 1446 2951; x_wconf 84' lang='grc' dir='ltr'>Ε.</span> 
     </span>
    </p>
   </div>
   <div class='ocr_carea' id='block_1_17' title="bbox 1741 1954 1768 1995">
    <p class='ocr_par' dir='ltr' id='par_1_17' title="bbox 1741 1954 1768 1995">
     <span class='ocr_line' id='line_1_39' title="bbox 1741 1954 1768 1995; baseline 0 0"><span class='ocrx_word' id='word_1_320' title='bbox 1741 1954 1768 1995; x_wconf 83' lang='lat' dir='ltr'>d</span> 
     </span>
    </p>
   </div>
   <div class='ocr_carea' id='block_1_18' title="bbox 1784 2098 1914 2173">
    <p class='ocr_par' dir='ltr' id='par_1_18' title="bbox 1784 2098 1914 2173">
     <span class='ocr_line' id='line_1_40' title="bbox 1785 2098 1914 2129; baseline -0.008 0"><span class='ocrx_word' id='word_1_321' title='bbox 1785 2098 1817 2129; x_wconf 87' lang='lat' dir='ltr'>S.</span> <span class='ocrx_word' id='word_1_322' title='bbox 1832 2098 1914 2129; x_wconf 83' lang='lat' dir='ltr'><strong>Luc.</strong></span> 
     </span>
     <span class='ocr_line' id='line_1_41' title="bbox 1784 2150 1884 2173; baseline 0.01 -1"><span class='ocrx_word' id='word_1_323' title='bbox 1784 2152 1816 2173; x_wconf 81' lang='lat' dir='ltr'>x.</span> <span class='ocrx_word' id='word_1_324' title='bbox 1835 2150 1884 2173; x_wconf 80' lang='lat'>21.</span> 
     </span>
    </p>
   </div>
   <div class='ocr_carea' id='block_1_19' title="bbox 1744 2539 1765 2566">
    <p class='ocr_par' dir='ltr' id='par_1_19' title="bbox 1744 2539 1765 2566">
     <span class='ocr_line' id='line_1_42' title="bbox 1744 2539 1765 2566; baseline 0 0"><span class='ocrx_word' id='word_1_325' title='bbox 1744 2539 1765 2566; x_wconf 80' lang='grc' dir='ltr'>θ</span> 
     </span>
    </p>
   </div>
  </div>
 </body>
</html>
