2022 3272
86 138 259 194 xiii.35.
472 139 543 180 IN
587 139 629 180 S.
663 136 1000 178 JOANNEM.
1065 136 1186 176 12113.
1224 136 1300 176 IX.
1592 134 1674 175 387

85 249 167 310 τῆς
218 248 385 301 οἰκείας
435 247 551 314 ζωῆς
602 245 657 297 τὸ
708 247 890 311 ἑτέρους
940 244 1180 310 σώζεσθαι
1234 242 1558 308 λογισάμενοι,
1602 243 1676 290 καὶ

84 327 241 379 πάντα
266 329 352 391 μὲν
377 328 666 382 ἀνατλάντες
695 327 856 390 πόνον,
883 328 932 377 ἐν
960 327 1008 377 δὲ
1043 331 1140 379 τοῖς
1176 324 1397 393 ἐσχάτοις
1432 322 1677 389 γεγονότες

86 415 257 473 κακοῖς,
283 412 358 462 ἵνα
393 411 477 465 τάς
511 415 606 461 τῶν
637 410 986 473 ἀπολλυμένων
1017 409 1338 474 περισώσειαν
1373 405 1548 474 ψυχάς.
1603 406 1678 455 καὶ
1699 430 1719 455 ο

1749 501 1754 519 1
1777 492 1849 520 (Ἀπ’.

1742 545 1795 564 xv.
1816 543 1866 571 .'›¹·

85 498 202 558 γοῦν
240 494 265 543 ὁ
309 492 505 547 Παῦλός
544 497 682 561 φησι,
722 491 836 543 ποτὲ
875 490 974 555 μὲν,
1011 490 1082 540 ὅτι
1117 497 1144 519 “
1168 491 1292 540 Καθ’
1336 488 1513 553 ἡμέραν
1552 488 1668 537 ἀπο-

44 585 67 623 5
87 580 114 602 “
141 573 375 638 θνήσκω,”
403 575 519 626 ποτὲ
554 574 602 626 δὲ
638 573 788 626 πάλιν
815 581 842 603 “
865 574 952 626 Τίς
989 574 1190 632 ἀσθενεῖ,
1222 573 1299 621 καὶ
1337 571 1418 620 οὐκ
1455 571 1674 630 ἀσθενῶ,
1745 578 1849 650 {3025-

88 662 115 684 ‘⁶
140 656 210 710 τίς
236 656 614 723 σκανδαλίζεται,
642 658 718 707 καὶ
745 657 829 706 οὐκ
867 655 959 721 ἐγὼ
993 660 1230 721 πυροῦμαι
1254 652 1297 715 ;”
1324 650 1454 719 ῥίζαν
1481 651 1563 701 οὖν
1590 650 1682 716 ἄρα
1744 645 1752 650 ’
1782 646 1786 651 ’
1813 634 1859 660 “²¹

87 740 170 801 τῆς
211 737 508 804 τελειοτάτης
550 742 613 792 εἷς
653 737 777 789 Θεὸν
815 737 1059 798 εὐσεβείας
1100 735 1186 800 τὴν
1226 734 1341 801 ὑπὲρ
1381 733 1524 797 νόμον
1564 734 1683 797 ἀγα-

87 843 238 885 πησιν
269 820 553 885 ἐπιτηδεύειν
585 821 708 884 ἡμᾶς
748 821 773 870 ὁ
807 818 975 885 Σωτὴρ
1011 816 1362 869 διεκελεύσατο·
1405 816 1553 882 ταύτῃ
1590 836 1681 875 τοι,

89 904 166 953 καὶ
189 903 276 970 οὐχ
307 903 473 969 ἑτέρως
507 902 638 956 εἰδὼς
674 899 1022 966 δοκιμωτάτους
1056 899 1255 950 ἔσεσθαι
1290 897 1421 964 παρὰ
1456 900 1522 965 τῷ
1551 899 1679 964 Θεῷ,

0 977 71 1026 ’10
89 985 166 1035 καὶ
216 987 300 1049 τῆς
350 985 462 1051 παρ’
510 984 655 1035 αὐτοῦ
706 981 1059 1052 πεφυτευμένης
1110 985 1173 1034 εἷς
1223 981 1345 1044 ἡμᾶς
1395 977 1685 1045 ἀγαπήσεως

90 1070 463 1134 ἱχνηλατοῦντας
493 1066 547 1118 τὸ
581 1065 778 1129 κάλλος,
806 1068 855 1116 ἐν
880 1063 1107 1131 μεγάλοις
1141 1063 1343 1114 ε”σεσθαι
1377 1063 1454 1112 καὶ
1489 1060 1684 1113 τελείοις

91 1151 300 1216 ἀγαθοῖς.
1864 1183 1879 1201 <2

1703 1226 1725 1250 a
1760 1217 1843 1253 ‘752
1859 1217 1909 1251 A.

163 1270 240 1313 Ἐν
278 1272 418 1326 τούτῳ
453 1270 691 1318 Γνώσονται
728 1271 888 1312 Πάντες
926 1270 991 1311 ὅτι
1028 1269 1122 1318 ἐμοὶ
1159 1267 1346 1317 mommo(
1381 1268 1491 1318 ἐστε,
1530 1265 1604 1308 ἐὰν
1707 1277 1756 1317 35

660 1354 856 1402 &sancire
894 1353 1128 1394 ἀλλήλους.

26 1463 72 1499 15
168 1450 441 1517 Γνώρισμα,
494 1452 660 1520 φησὶν,
711 1449 900 1519 ἄμαχόν
955 1473 1005 1501 τε
1061 1451 1139 1500 καὶ
1195 1448 1533 1516 ἀναμφίλογον
1586 1451 1687 1500 ταῖς

92 1535 270 1585 ἑαυτῶν
307 1532 598 1602 ἐπιγράψετε
637 1537 871 1603 κεφαλαῖς
908 1531 963 1584 τὸ
1001 1534 1388 1596 μεμαθητεῦσθαι
1425 1529 1534 1596 παρ’
1563 1530 1684 1592 ἐμοὶ,

93 1618 132 1665 εἰ
176 1616 275 1666 κατ’
316 1615 446 1683 ἴχνος
482 1616 663 1677 βαίνειν
701 1618 785 1679 τῆς
828 1616 942 1678 ε’μῆς
983 1614 1229 1680 ἐπείγεσθε
1273 1611 1530 1673 πολιτείας,
1570 1611 1690 1661 κατά

94 1719 149 1763 γε
186 1695 240 1747 τὸ
277 1698 519 1765 ἐγχωροῦν
551 1701 609 1765 τῇ
644 1697 842 1765 ὑμετέρᾳ
881 1696 1027 1765 φύσει
1065 1697 1141 1746 καὶ
1175 1700 1272 1748 τοῖς
1310 1697 1393 1758 τῆς
1431 1691 1685 1759 ἀνθρωπό-

95 1801 235 1843 τητος
281 1779 479 1846 με’τροις,
531 1781 592 1833 ὡς
643 1779 980 1830 ἀδιάσπαστον
1031 1777 1152 1845 ἔχειν
1196 1780 1280 1841 τῆς
1331 1779 1395 1830 εἷς
1444 1774 1690 1840 ἀλλήλους

28 1889 78 1914 20
97 1860 284 1927 ἀγάπης
337 1861 421 1912 τὸν
481 1860 767 1925 σύνδεσμον,
820 1863 896 1911 καὶ
954 1862 1002 1910 ἐν
1059 1859 1296 1923 ἀλλήλοις
1355 1857 1690 1924 συνηρμόσθαι

97 1948 270 2006 καλῶς,
297 1942 418 1994 κατά
451 1966 505 2009 γε
539 1942 622 1994 τὸν
647 1945 731 2006 τῆς
766 1942 1101 2011 φιλαλληλίας
1138 1940 1288 2007 λόγον
1320 1942 1396 1991 καὶ
1432 1939 1486 1990 τὸ
1522 1940 1572 1990 ἐκ
1606 1941 1688 2002 τῆς
1707 1949 1734 1989 b

99 2026 448 2093 φιλοστοργίας
475 2024 764 2091 ἀσύγκριτον
790 2022 1024 2091 καύχημα·
1061 2028 1202 2073 τοῦτο
1228 2021 1323 2088 γὰρ
1349 2021 1458 2085 ἡμῖν
1485 2022 1692 2087 ἀκριβῶς

97 2112 404 2176 χαρακτηριεῖ
423 2112 508 2158 τοῦ
533 2104 829 2157 διδασκάλου
856 2105 943 2169 τὴν
970 2104 1130 2173 δόξαν.
1184 2105 1295 2154 ἀλλ’
1325 2101 1457 2167 οἶμαί
1477 2125 1545 2155 τις
1572 2100 1691 2168 πρὸς

99 2197 238 2242 τοῦτο
276 2192 379 2257 ἐρεῖ,
413 2192 490 2241 καὶ
528 2189 749 2259 ἀφίξεται
787 2188 946 2256 τυχὸν,
986 2191 1130 2240 ἐκεῖνο
1169 2191 1402 2254 διερωτῶν
1430 2186 1576 2237 Διατί
1608 2189 1690 2250 τῆς

33 2296 81 2335 25
101 2272 191 2325 ὑπὸ
217 2276 420 2341 Χριστῷ
444 2274 699 2337 μαθητειάς
725 2271 753 2334 ἡ
780 2268 944 2336 ἀγάπη
968 2270 1022 2321 τὸ
1050 2270 1315 2338 γνώρισμα,
1338 2271 1412 2320 καὶ
1438 2268 1493 2320 τὸ
1519 2273 1693 2319 πασῶν

101 2354 221 2409 εἶδος
261 2356 440 2421 ἀρετῶν
477 2356 526 2405 ἐν
563 2354 690 2423 αὐτῷ
732 2353 1010 2421 διεφαίνετο,
1051 2354 1134 2403 οὐκ
1175 2352 1232 2421 ἐξ
1266 2351 1506 2404 ἐπιεικείας
1545 2373 1692 2402 πεπο-

100 2436 339 2504 ρισμένον,
359 2436 470 2486 ἀλλ’
499 2434 603 2487 οὐδὲ
628 2434 760 2504 πόνῳ
787 2436 862 2484 καὶ
887 2438 1125 2501 προσοχῇ,
1147 2433 1359 2499 καθάπερ
1385 2434 1432 2483 ἐν
1458 2431 1692 2501 ἀνθρώπῳ

101 2517 489 2582 συνειλημμένον,
510 2517 621 2568 ἀλλ’
644 2519 707 2571 ὡς
731 2520 790 2584 τῇ
816 2517 959 2567 αὐτοῦ
984 2513 1329 2583 προσπεφυκὸς
1356 2514 1500 2582 φύσει
1519 2535 1531 2576 3
1568 2514 1692 2566 θείας

102 2600 198 2668 γὰρ
222 2599 439 2664 μάλιστα
465 2599 656 2668 φύσεως
680 2597 787 2659 ἰ’δια,
815 2599 890 2646 καὶ
918 2598 1035 2664 αὐτῇ
1059 2595 1305 2662 προσόντα
1336 2595 1502 2661 κυρίως
1533 2617 1582 2644 τε
1613 2594 1688 2644 καὶ
1707 2615 1729 2641 ο

35 2712 86 2749 30
104 2685 296 2748 ἀληθῶς
320 2679 380 2732 τά
404 2678 581 2732 παντὸς
608 2678 815 2730 ε’πέκεινα
842 2677 1094 2742 θαύματος.

152 2806 187 2840 3.
211 2792 455 2837 ἀπολλυμένων
470 2792 695 2836 περισώσειεν
713 2789 754 2824 Ε,
940 2796 970 2832 7.
996 2788 1172 2829 εὐσεβείας
1191 2788 1233 2822 Ε.
1253 2787 1320 2822 Ed.
1339 2799 1412 2832 mg.
1432 2786 1607 2827 εὐσέβειαν
1626 2785 1693 2820 lid.

110 2852 164 2884 14.
189 2841 341 2886 ἀγαπᾶτε
365 2837 556 2883 ἀλλήλους]
577 2837 745 2882 “ἀγάπην
770 2836 869 2881 ἔχητε
894 2835 930 2868 ἐν
955 2834 1121 2878 ἀλλήλοις
1146 2836 1182 2869 in
1205 2835 1249 2868 al.
1269 2834 1416 2868 codice”
1436 2833 1580 2866 adnotat
1598 2832 1692 2866 Aub.

111 2888 166 2922 16.
192 2887 274 2932 ἐμοῦ
292 2886 334 2921 Ε.
587 2892 640 2928 17.
665 2883 795 2923 βαίνειν
812 2889 1036 2926 assumptum
1054 2894 1095 2915 ex
1115 2882 1155 2915 E.
1410 2882 1460 2914 18.
1489 2879 1631 2922 ἡμετέρα
1653 2879 1692 2912 E.

112 2945 166 2979 ²3·
192 2935 276 2978 πρὸς
295 2934 395 2968 τοῦτο
414 2932 481 2976 ἐρεῖ
498 2931 564 2966 hoc
583 2930 704 2965 ordine
723 2929 763 2964 Ε,
911 2939 964 2968 24.
992 2927 1096 2973 διότι]
1118 2929 1171 2962 διά
1189 2943 1223 2961 τε
1244 2928 1284 2962 E.

847 2995 968 3037 3D2
