2022 3272
138 131 220 174 xiv.
247 145 307 172 ῐῐ.
386 131 453 171 ΙΝ
496 131 538 170 S.
572 128 913 170 JOANNEM.
977 128 1101 168 LIB.
1136 128 1213 168 IX.
1278 129 1412 169 ΟΜ).
1448 128 1482 168 Ι.
1646 126 1727 164 «Ηῦ

139 240 305 294 αὐτοῦς
355 242 431 291 καὶ
473 239 556 290 τὸν
597 243 692 290 τῶν
734 238 880 303 ἁγίων
924 236 1216 288 ἀποστόλων
1258 239 1579 304 συκοφαντεῖν
1623 233 1724 284 ε’θέ-

139 329 314 376 λοντας
354 327 479 384 νοῦν,
519 322 594 372 καὶ
632 324 695 375 εἷς
733 320 787 371 τὸ
827 324 995 371 δοκοῦν
1034 321 1189 373 αὐτοῖς
1228 318 1533 378 ἀβουλότατα
1574 338 1730 381 παρα-

139 405 399 471 τρέποντας
449 404 509 454 τά
560 405 670 454 λίαν
718 404 870 468 ὀρθῶς
921 403 1150 467 εἰρημένα·
1218 400 1454 468 Ἀθήνῃσι
1504 399 1588 463 μὲν
1639 397 1733 463 γὰρ

140 485 348 552 γεγονὼς
388 486 413 536 ὁ
451 485 680 551 μακάριος
717 488 929 547 Παῦλος,
960 482 1058 535 εἶτα
1096 482 1222 535 πολὺ
1261 482 1371 533 λίαν
1402 486 1464 536 εὶς
1499 481 1735 533 πολύθεον

99 567 332 632 ὅπλάνην
356 567 728 631 ἀνεπτοημένους
755 567 891 633 ὁρῶν,
921 567 1070 617 καίτοι
1105 563 1290 634 σοφοὺς
1324 563 1439 615 εἶναι
1473 585 1732 615 πεπιστευ-

140 650 306 715 μένους
336 648 445 703 τοὺς
475 651 625 700 ἐκεῖσε
659 649 817 711 λαοὺς,
845 648 1175 715 παρακομίζειν
1201 645 1369 701 αὐτοὺς
1404 648 1619 712 ἐπειρᾶτο
1655 647 1738 708 τῆς

142 734 341 800 ἀρχαίας
380 731 564 796 ἀπάτης
601 736 698 785 τοῖς
737 735 799 784 εἰς
838 731 1081 791 εὐσέβειαν
1119 735 1372 797 λογισμοῖς
1415 730 1627 792 μεταθεὶς
1665 728 1737 778 εὑ-

144 819 275 884 φυῶς
314 819 377 868 εἰς
415 813 469 865 τὸ
508 817 677 881 χρῆναι
716 812 888 865 λοιπὸν
920 813 1000 863 ἕνα
1035 836 1084 864 τε
1118 815 1194 864 καὶ
1223 811 1369 876 μόνον
1396 811 1562 862 εἰδέναι
1589 809 1734 873 Θεὸν,

144 903 241 950 τοῖς
265 897 374 963 παρ’
404 897 546 947 αὐτοῦ
584 895 810 961 γεγονόσι
844 896 920 945 καὶ
955 894 1010 945 τὸ
1047 898 1276 945 κινεῖσθαι
1304 896 1379 944 καὶ
1407 894 1495 960 ζῆν
1522 896 1598 942 καὶ
1624 890 1740 942 εἶναι

80 994 126 1019 10
145 979 460 1045 δωρούμενον.
531 977 755 1044 ζωογονεῖ
800 975 894 1043 γὰρ
943 976 1004 1027 τὰ
1053 975 1226 1039 πάντα,
1275 975 1366 1041 ζωὴ
1418 974 1539 1026 κατὰ
1590 973 1741 1043 φύσιν

146 1059 372 1128 ὑπάρχων
398 1061 422 1111 ὁ
457 1058 648 1112 πάντων
675 1057 992 1125 Δημιουργὸς,
1018 1061 1102 1122 τῆς
1138 1059 1255 1112 ἰδίας
1292 1057 1520 1122 ἰδιότητος
1552 1057 1741 1109 ἐντιθεὶς

147 1143 361 1211 ἀῤῥήτως
387 1144 541 1196 αὐτοῖς
566 1141 652 1206 τὴν
678 1141 891 1205 δύναμιν.
947 1141 1001 1191 οὐ
1027 1141 1119 1207 γὰρ
1145 1139 1203 1205 ἦν
1230 1140 1394 1207 ἑτέρως
1421 1138 1741 1205 διασώζεσθαι

147 1224 266 1292 πρὸς
304 1225 359 1276 τὸ
394 1223 507 1275 εἶναι
545 1223 915 1289 διακρατούμενα
950 1222 1009 1274 τὰ
1043 1226 1093 1274 ἐκ
1129 1229 1212 1274 τοῦ
1250 1223 1316 1287 μὴ
1355 1222 1489 1276 ὄντος
1527 1222 1742 1289 λαχόντα

148 1307 234 1371 τὴν
265 1308 468 1373 γε’νεσιν·
527 1305 556 1371 ἦ
597 1305 691 1373 γὰρ
733 1305 790 1357 ἂν
829 1304 963 1359 εὐθὺς
1008 1310 1069 1360 εἰς
1108 1305 1194 1370 τὴν
1233 1306 1404 1356 οἰκείαν
1444 1303 1742 1367 ὑπενόστησε

84 1402 131 1441 15
152 1389 317 1458 φύσιν·
375 1392 498 1459 φημὶ
536 1390 584 1440 δὲ
621 1387 740 1455 πρὸς
777 1387 832 1440 τὸ
870 1388 935 1453 μὴ
974 1386 1087 1439 εἶναι
1124 1387 1288 1440 πάλιν·
1347 1392 1384 1438 εὶ
1422 1385 1487 1451 μὴ
1527 1391 1584 1454 τῇ
1622 1385 1741 1453 πρὸς

151 1470 235 1522 τὸν
260 1470 374 1523 ὄντα
397 1470 565 1539 σχέσει
591 1474 674 1535 τῆς
698 1471 868 1525 οἰκείας
893 1470 1124 1536 γενέσεως
1149 1471 1334 1534 ἐνίκησε
1360 1469 1445 1534 τὴν
1471 1469 1737 1520 ἀσθένειαν.
1760 1486 1782 1513 e

153 1554 243 1622 ε”φη
289 1560 540 1621 τοιγαροῦν
587 1554 612 1604 ὁ
657 1553 911 1607 θεσπέσιος
958 1557 1155 1606 Παῦλος
1201 1553 1352 1619 ὀρθῶς
1394 1575 1443 1603 τε
1490 1553 1566 1603 καὶ
1610 1549 1744 1615 μάλα

154 1641 326 1699 καλῶς,
367 1635 488 1703 ζωὴν
525 1640 620 1687 τῶν
661 1635 788 1686 ὅλων
826 1634 1081 1688 ἐπιδεικνὺς
1127 1633 1210 1686 τὸν
1245 1633 1383 1697 Θεὸν,
1424 1637 1486 1687 ὡς
1530 1635 1579 1684 ἐν
1617 1634 1743 1701 αὐτῷ

154 1718 302 1785 ζῶμεν
337 1721 413 1770 καὶ
448 1718 699 1782 κινούμεθα
738 1719 813 1768 καὶ
852 1718 1012 1781 ἐσμέν·
1063 1718 1147 1768 οὐκ
1180 1718 1324 1768 ἐκεῖνο
1361 1716 1549 1769 πάντως
1585 1719 1744 1779 δηλῶν

86 1817 136 1843 20
156 1801 270 1867 ὅπερ
306 1802 450 1863 αὐτοὶ,
476 1800 562 1864 τὴν
595 1805 690 1851 τῶν
723 1803 857 1866 ἱερῶν
887 1799 1179 1866 γραμμάτων
1209 1797 1443 1865 ὀρθότητα
1475 1798 1742 1866 παραφθεί-

154 1906 329 1950 ροντες,
376 1882 700 1934 διεπλάσαντο
751 1882 849 1932 κατ’
898 1885 1063 1932 οἰκεῖον
1111 1881 1310 1943 σκοπὸν,
1363 1882 1474 1932 ἀλλ’
1521 1880 1637 1947 ὅπερ
1687 1879 1745 1944 ἧν

156 1965 342 2029 ἀληθὲς,
393 1966 469 2016 καὶ
519 1969 616 2018 τοῖς
665 1964 771 2029 ἄρτι
820 1963 1284 2028 παιδαγωγουμένοις
1335 1967 1397 2016 εἷς
1452 1963 1746 2028 θεογνωσίαν

157 2047 545 2116 ὠφελιμώτατον·
587 2047 662 2097 καὶ
689 2050 726 2096 εὶ
753 2049 824 2096 δεῖ
845 2044 1149 2113 σαφέστερον
1176 2048 1331 2107 εἰπεῖν,
1359 2044 1507 2095 οὐκέτι
1536 2047 1746 2109 σημῆναι

1805 1632 1893 1662 Acta
1909 1631 1966 1663 SS.

1805 1677 1872 1716 Ap.
1889 1676 1967 1706 xvii.

1809 1719 1858 1750 28.

156 2129 463 2193 βεβούληται,
504 2128 576 2179 ὅτι
621 2128 860 2194 ἄνθρωποι
903 2126 989 2191 τὴν
1030 2127 1180 2194 φύσιν
1223 2126 1549 2194 τυγχάνοντες,
1593 2128 1642 2177 ἐν
1685 2129 1785 2193 τῇιι
1813 2138 1968 2176 794A.

89 2222 137 2260 25
158 2211 298 2280 οὐσίᾳ
323 2216 406 2262 τοῦ
434 2209 626 2276 Πατρὸς
661 2208 850 2273 κείμεθά
884 2231 934 2259 τε
971 2210 1046 2259 καὶ
1082 2211 1144 2263 ὡς
1180 2208 1309 2263 ὅντες
1343 2210 1391 2259 ἐν
1418 2209 1544 2278 αὐτῷ
1571 2207 1740 2276 φαινό-

147 2296 290 2356 μεθα,
317 2293 427 2343 ἀλλ’
459 2291 530 2343 ὅτι
565 2294 641 2342 καὶ
676 2292 825 2359 ζῶμεν
856 2292 931 2342 καὶ
968 2290 1219 2354 κινούμεθα
1256 2294 1332 2343 καὶ
1365 2289 1509 2355 ἐσμὲν
1539 2293 1588 2342 ἐν
1615 2294 1743 2360 Θεῷ,

158 2373 261 2438 ἤτοι
289 2373 660 2437 συνεστήκαμεν.

235 2455 379 2508 Σύνες
416 2454 508 2521 γὰρ
550 2457 611 2508 ὡς
649 2456 737 2522 οὐχ
768 2455 934 2509 ἁπλῶς
970 2478 1020 2506 τε
1055 2455 1131 2506 καὶ
1165 2455 1412 2519 ἀνειμένως
1446 2455 1537 2522 ἔφη
1573 2453 1641 2516 τὸ,
1675 2453 1747 2504 ὅτι

160 2536 305 2600 μόνον
330 2537 473 2600 ε’σμὲν
505 2538 552 2587 ἐν
577 2540 697 2605 Θεῷ,
724 2535 800 2586 διὰ
835 2536 919 2599 τὴν
946 2536 1040 2601 σὴν
1071 2539 1133 2590 ὡς
1169 2536 1286 2590 εἰκὸς
1322 2538 1541 2598 ἀμαθίαν,
1568 2533 1605 2585 ῶ
1639 2539 1742 2595 τᾶν,

92 2637 141 2674 30
161 2617 292 2669 ἀλλὰ
337 2617 588 2686 διαφόρως,
631 2617 745 2683 ὅπερ
787 2617 1025 2681 ἠθέλησεν
1069 2622 1211 2669 εἰπεῖν
1255 2616 1532 2683 ἑρμηνεύων,
1572 2618 1648 2666 καὶ
1693 2616 1746 2667 τό

164 2704 330 2764 Ζῶμεν
370 2699 626 2768 προτάξας,
669 2698 924 2765 ἐπαγαγὼν
965 2698 1013 2750 δὲ
1051 2699 1203 2768 τούτῳ
1244 2701 1320 2749 καὶ
1359 2698 1412 2749 τὸ
1454 2697 1742 2761 Κινούμεθα,

214 2895 244 2918 Ι.
271 2883 449 2919 ἐθέλοντας
468 2883 551 2918 E.F.
570 2883 637 2917 Ed.
657 2895 728 2927 mg.
748 2882 908 2917 ἐθέλοντα
926 2882 993 2917 Ed.
1085 2894 1137 2927 13.
1164 2882 1259 2917 ὄντος
1278 2882 1361 2916 EF.
1381 2882 1447 2916 Ed.
1467 2894 1540 2927 mg.
1558 2881 1661 2918 ὅντως
1679 2881 1747 2916 Ed.

166 2941 221 2965 20.
247 2931 403 2975 ὀρθότητι
423 2931 463 2964 Ε.
607 2941 662 2964 21.
690 2931 899 2965 διεπλιὶσατο
919 2930 960 2963 Ε.
1106 2941 1160 2974 23.
1188 2930 1216 2963 εἷ
1234 2942 1303 2964 om.
1323 2929 1364 2964 E.
