2022 3272
1688 307 1709 327 a
1744 295 1829 329 842
1843 293 1894 327 A.

659 622 978 670 ΚΕΦΑΛΗ
1037 623 1094 670 Α.

79 796 173 838 “On
205 796 286 837 κατ’
317 796 430 837 οὐδὲν
461 796 635 838 ἐλάττων
667 798 776 838 ἐστὶν
807 800 826 839 ὁ
859 798 952 841 ’Υἱὸς
982 803 1049 840 τοῦ
1082 801 1187 839 Θεοῦ
1220 798 1282 838 καὶ
1314 796 1483 849 Πατρὸς,
1517 799 1599 839 ’ίσος
1632 795 1671 836 δὲ

463 881 618 927 μᾶλλον
650 879 711 918 καὶ
742 879 872 928 ὅμοιος
904 880 999 918 κατὰ
1029 879 1151 931 φύσιν
1182 878 1294 933 αὐτῷ.

113 1040 158 1083 Εἰ
196 1042 388 1089 εἰΓαΠᾱτέ
425 1057 489 1093 με,
526 1042 707 1098 ἐχάρΗτε
745 1040 795 1083 ἂν
835 1043 899 1083 ὅτι
937 1044 1175 1098 Πορεύομαι
1212 1043 1319 1098 Πρὸς
1357 1042 1429 1083 τὸν
1467 1042 1652 1098 Πατέρα,

45 1125 66 1163 5
251 1158 259 1164 ,
432 1127 497 1167 ὅτι
535 1125 557 1168 ὁ
593 1126 740 1183 Πατήρ
778 1140 858 1173 μου
896 1124 1046 1182 μείζων
1084 1141 1163 1173 μου
1201 1125 1329 1169 ἐστίν.

155 1258 763 1309 ἈΝΤΙΠΕΡΙΤΡΕΠΕΙ
785 1260 868 1322 τῆς
895 1257 1048 1322 λύπης
1075 1258 1160 1322 τὴν
1184 1257 1407 1326 ἀφορμὴν
1434 1261 1496 1311 εἷς
1528 1262 1673 1321 θυμη-
1692 1264 1719 1304 b

90 1341 190 1395 δίας
235 1340 475 1403 ὑπόθεσιν,
521 1342 596 1391 καὶ
647 1339 718 1390 ὅτι
767 1338 832 1404 μὴ
882 1341 1102 1407 χαίρουσι
1151 1345 1341 1404 μᾶλλον
1386 1341 1458 1407 ἐφ’
1506 1337 1542 1409 ᾧ
1594 1344 1676 1390 νῦν

90 1422 417 1491 ἀσχάλλουσι,
469 1426 758 1473 καταιτιᾶται
808 1427 996 1491 σαφῶς·
1061 1425 1109 1473 ἐν
1158 1424 1313 1492 ταύτῷ
1364 1422 1414 1472 δὲ
1463 1426 1677 1487 πειρᾶται

91 1505 342 1568 διδάσκειν,
395 1504 466 1556 ὅτι
516 1503 624 1559 τοὺς
675 1504 1004 1568 ἀκαπήλευτόν
1048 1528 1097 1556 τε
1149 1507 1225 1556 καὶ
1277 1507 1434 1569 ἀληθῆ
1485 1503 1572 1569 τὴν
1616 1508 1679 1558 εἷς

24 1588 271 1654 ιοὲτέρους
322 1587 512 1654 ἀγάπην
562 1588 916 1651 ἐπιτηδεύοντας
967 1587 1116 1653 ζητεῖν
1166 1589 1422 1654 ἀναγκαῖον
1468 1588 1571 1655 οὐχὶ
1623 1585 1680 1650 δὴ

91 1669 279 1723 πάντως
323 1669 468 1734 μόνον
507 1669 561 1721 τὸ
602 1670 780 1738 σφίσιν
818 1671 973 1724 αὐτοῖς
1013 1669 1100 1735 ἡδύ
1140 1693 1189 1721 τε
1232 1672 1306 1720 καὶ
1350 1670 1510 1739 φίλον,
1550 1668 1682 1720 ἀλλὰ

92 1755 169 1802 καὶ
213 1756 311 1807 τοῖς
361 1752 684 1818 ἀγαπωμένοις
730 1751 990 1815 λυσιτελὲς,
1035 1758 1196 1819 καιροῦ
1247 1754 1322 1803 καὶ
1374 1757 1513 1803 τοῦτο
1564 1755 1681 1817 δρᾶν

93 1836 440 1888 ἀναπείθοντος.
496 1833 571 1885 διὰ
608 1840 747 1885 τοῦτο
785 1836 861 1885 καὶ
900 1836 924 1886 ὁ
962 1839 1158 1888 Παῦλος
1196 1835 1495 1886 ἐπιστέλλων
1528 1836 1680 1903 φησίν

94 1924 122 1946 “
147 1917 212 1967 Ἱ-Ι
241 1915 403 1982 ἀγάπη
439 1918 492 1967 οὐ
526 1916 870 1982 περπερεύεται,
896 1918 949 1967 οὐ
985 1923 1254 1985 φυσιοῦται,
1280 1917 1362 1967 οὐκ
1397 1919 1674 1984 ἀσχημονεῖ,
1739 1952 1805 1983 xiii
1825 1932 1855 1992 42
1871 1960 1899 1992 5-

28 2016 76 2054 15
97 2004 122 2028 “
148 1999 202 2049 οὐ
240 1998 367 2065 ζητεῖ
398 1998 458 2049 τὰ
496 1999 704 2062 ἑαυτῆς·”
746 1998 872 2064 λέγει
907 1999 956 2050 δὲ
989 1999 1108 2063 πρός
1141 2023 1269 2052 τινας
1302 1998 1367 2063 μὴ
1405 1997 1464 2049 τὰ
1501 2000 1719 2054 ἑαυτῶνο
1741 2023 1902 2065 Ib.x.24.

95 2081 351 2147 ζητοῦντες,
397 2080 529 2131 ἀλλὰ
572 2083 648 2132 καὶ
693 2080 751 2133 τὰ
796 2080 977 2147 ἑτέρων.
1044 2081 1232 2147 ἀγάπης
1276 2080 1381 2148 γὰρ’
1415 2081 1553 2148 ἔργον
1596 2083 1678 2144 τῆς

96 2166 330 2229 ἀκριβοῦς,
359 2164 462 2231 οὐχὶ
497 2162 647 2227 δήπου
680 2162 868 2217 πάντως
906 2162 960 2215 τὸ
998 2162 1143 2227 μόνον
1178 2165 1297 2227 ἡμᾶς
1338 2168 1554 2230 προνοεῖν
1587 2167 1681 2214 τῶν

97 2247 224 2296 ἰδίων
266 2248 471 2312 ἀγαθῶν,
514 2245 646 2296 ἀλλὰ
694 2248 769 2297 καὶ
814 2251 880 2315 τῷ
923 2247 1135 2311 πλησίον
1174 2249 1575 2313 περισκέπτεσθαι
1627 2246 1681 2297 τὸ

97 2327 349 2394 χρήσιμον·
400 2333 539 2379 τοῦτο
569 2327 664 2394 γὰρ
695 2332 886 2397 φρονεῖν
912 2330 1150 2380 ἀναπείθει
1183 2329 1291 2383 τοὺς
1324 2330 1488 2380 ἑαυτοῦ
1522 2332 1675 2392 μαθη-

31 2436 80 2461 20
98 2409 181 2463 τὰς
216 2409 292 2461 διὰ
324 2415 419 2461 τῶν
443 2410 760 2477 προκειμένων
786 2412 811 2461 ὁ
847 2410 1031 2477 Σωτήρ.
1087 2414 1162 2462 καὶ
1199 2411 1310 2480 φέρε
1344 2410 1400 2475 δὴ
1433 2411 1581 2463 πάλιν
1606 2412 1678 2480 ἐφ’

99 2492 207 2556 ἡμῖν
236 2493 392 2546 αὐτοῖς
430 2491 640 2558 καθάπερ
677 2494 751 2543 ἐπὶ
789 2493 960 2556 πίνακι,
988 2495 1285 2560 λεπτοτέροις
1320 2495 1562 2561 γραφείοις
1595 2491 1681 2556 τὴν

98 2581 182 2626 τοῦ
234 2574 531 2640 θεωρήματος
581 2576 923 2629 ἀνατυποῦντες
974 2577 1182 2640 δύναμιν,
1229 2577 1557 2638 ἀναβαίνωμεν
1603 2577 1677 2626 ἐν-

99 2661 259 2708 τεῦθεν
290 2658 364 2707 ἐπὶ
402 2655 456 2707 τὸ
491 2660 708 2723 Χριστοῦ
745 2657 1019 2722 μυστήριον.
1070 2657 1292 2726 προξενεῖ
1319 2656 1413 2722 γὰρ
1444 2656 1681 2710 πολλάκις

101 2741 126 2790 ὁ
164 2741 212 2790 ἐν
246 2744 342 2793 τοῖς
380 2737 605 2790 ἐλάττοσι
642 2738 786 2792 τύπος
824 2738 878 2790 τὸ
917 2740 1163 2807 ἐφικέσθαι
1202 2740 1434 2790 δύνασθαι
1473 2741 1548 2791 καὶ
1585 2744 1724 2794 τῶνε]

34 2836 82 2874 25
101 2821 396 2887 ἀσυγκρίτως
445 2820 566 2888 ε”χειν
614 2821 1011 2885 πεπιστευμένων.
1081 2823 1246 2872 οὐκοῦν
1295 2821 1379 2885 ἡδὺ
1428 2821 1526 2887 μὲν,
1571 2823 1680 2892 φέρε

293 2968 356 3002 1-3
375 2968 444 2991 om.
464 2956 505 2991 E.
731 2957 762 2990 8.
791 2959 911 3003 σοφῶς
930 2957 1020 2993 Catt.
1250 2968 1300 3003 17.
1327 2960 1435 3001 μόνων
1454 2958 1495 2992 Ε.

159 3023 251 3052 voL.
276 3025 322 3052 Π.
861 3027 884 3067 3
909 3027 933 3053 ι’
