1971 3272
88 137 171 178 viii.
194 151 259 192 23.
333 137 407 177 IN
451 137 492 178 S.
526 136 863 177 JOANNEM.
926 135 1126 175 L113.V.
1189 136 1324 175 CAl'.
1360 135 1436 174 IV.
1622 134 1673 172 13

88 249 238 310 συνῆν
265 248 421 300 ἀϊδίως
447 250 513 315 τῷ
540 247 638 315 ἰδίῳ
665 244 925 311 γεννήτορι.
981 242 1046 295 ὧν
1072 243 1165 310 γάρ
1197 246 1328 294 ἐστιν
1354 241 1517 308 ὥσπερ
1545 245 1619 292 καὶ
1647 243 1671 291 ὁ

90 329 273 395 Πατήρ·
319 330 344 379 ὁ
383 327 430 380 δὲ
470 328 547 390 ὧν,
575 328 650 378 καὶ
689 330 755 396 τῷ
793 326 892 378 ὄντι
930 327 1090 378 συνὼν
1122 326 1292 387 ἀϊδίως,
1319 324 1438 375 κατὰ
1473 324 1576 374 τίνα
1615 323 1671 386 δὴ

88 410 265 478 τρόπον
291 412 373 462 οὐκ
400 410 470 475 ἧν,
497 411 524 474 ἡ
552 414 645 460 τῶν
672 409 1068 478 ἑτεροδοξούντων
1094 408 1273 473 λεγέτω
1300 408 1466 473 μωρία.

161 495 303 544 Ἀλλ’
331 493 448 547 ἴσως
486 494 595 557 ἡμῖν
628 490 1038 556 ἀνταναστήσεται
1080 490 1234 557 λε’γων
1267 491 1292 540 ὁ
1331 492 1411 553 τῆς
1452 489 1672 552 ἀληθείας

48 588 70 626 5
89 575 255 643 ἐχθρός
279 616 306 638 ,,
328 576 432 626 Οὐκ
466 574 742 639 ἀδιακρίτως
776 572 953 639 ε’ίρηκεν
979 573 1003 622 ὁ
1031 571 1243 638 Χριστός
1271 575 1373 622 Οὐκ
1405 576 1491 639 εἰμὶ
1527 571 1576 621 ἐκ
1604 572 1675 620 τοῦ

89 697 116 719 ,,
147 657 327 725 κόσμου,
355 658 582 723 προσθεὶς
621 655 668 706 δὲ
708 653 762 705 τό
797 654 966 717 Τούτου,
999 654 1198 722 δέδειχεν
1233 656 1451 720 ἀκριβῶς,
1485 653 1556 703 ὅτι
1597 654 1672 703 καὶ
1692 676 1714 703 c

90 778 116 802 ,‚
145 739 298 806 ἕτερός
324 741 427 790 ἐστι
454 738 634 802 κόσμος
661 739 685 788 ὁ
713 736 877 801 νοητὸς
903 736 985 805 ἀφ’
1014 737 1158 802 οὗπερ
1185 733 1299 786 εἶναι
1326 735 1563 785 δυ’ναται.”

166 823 353 872 Οὐκοῦν
378 823 425 872 ἐν
456 820 717 885 ποιήμασιν
754 821 779 870 ὁ
811 818 940 873 Υἱός·
994 825 1133 870 τοῦτο
1171 817 1266 884 γὰρ
1305 818 1413 881 ἡμῖν
1449 819 1473 868 ὁ
1509 817 1611 880 σὸς,
1638 814 1674 867 ὦ

91 903 240 966 οὗτος,
268 902 723 969 διαπραγματεύεται
748 900 906 968 λόγος·
947 901 1190 969 τετάξεται
1217 899 1265 950 δὲ
1291 899 1480 953 πάντως
1506 901 1554 949 ἐν
1580 904 1675 953 τοῖς

25 1003 76 1030 10
92 985 290 1052 γενητὴν
314 985 477 1053 ε”χουσι
514 984 599 1049 τὴν
626 984 776 1053 φύσιν
803 986 827 1035 ὁ
856 982 1170 1050 Δημιουργὸς,
1197 981 1451 1048 ἀγγελικὸν
1478 981 1525 1033 δὲ
1561 982 1676 1035 ἰ’σως

92 1069 217 1136 αὐτῷ
255 1070 331 1118 καὶ
367 1066 685 1133 δουλοπρεπὲς
717 1066 904 1135 ἀξίωμα
935 1067 1136 1131 περιθεὶς
1168 1069 1262 1116 τῶν
1288 1067 1370 1128 τῆς
1403 1064 1678 1133 δυσφημίας

93 1148 405 1215 ἐγκλημάτων
431 1148 596 1200 ἑαυτὸν
623 1147 935 1216 ἀπηλλάχθαι
971 1146 1181 1213 νομίζεις.
1225 1145 1253 1211 ὴ
1289 1145 1382 1212 γὰρ
1419 1147 1502 1196 οὐκ
1537 1143 1679 1196 οἶσθα

92 1231 241 1283 πάλιν
268 1231 337 1282 ὅτι
372 1230 459 1282 κᾶν
490 1230 576 1295 τὴν
610 1229 833 1281 ἀνωτάτω
870 1228 1049 1281 στάσιν
1081 1252 1130 1280 τε
1167 1230 1242 1279 καὶ
1281 1231 1466 1295 ἵδρυσιν
1492 1229 1680 1296 ἀποδῷς

93 1315 219 1383 αὐτῷ
244 1313 363 1380 ἥπερ
391 1312 448 1363 ἂν
470 1317 620 1364 νοοῖτο
645 1312 776 1378 παρὰ
801 1317 896 1366 τοῖς
924 1313 1074 1378 ἁγίοις
1100 1310 1337 1377 ἀγγέλοις,
1354 1309 1441 1360 κᾶν
1465 1308 1678 1376 ὑπεράνω

28 1415 75 1454 15
94 1395 254 1459 πάσης
290 1397 437 1462 ἀρχῆς
471 1396 545 1445 καὶ
583 1394 802 1462 ἐξουσίας
840 1395 915 1444 καὶ
954 1393 1135 1459 θρόνων
1169 1394 1416 1457 ὁμολογεῖς
1455 1391 1726 1458 ὑπάρχεινᾱ

94 1477 249 1540 αὑτὸν,
277 1477 473 1543 γενητὸν
500 1477 542 1528 δ’
571 1477 652 1527 οὖν
687 1475 813 1540 ὅμως
838 1475 1116 1543 πιστεύσῃς,
1142 1473 1275 1525 οὐδὲν
1301 1474 1442 1539 ἧττον
1474 1475 1645 1538 ὑβριεῖς
1668 1495 1677 1532 ;

95 1558 240 1625 λόγος
267 1558 361 1626 γὰρ
387 1559 511 1612 ὅλως
539 1559 685 1612 οὐδεὶς
707 1562 770 1612 εἷς
796 1557 934 1627 ἀξίαν
954 1561 1020 1626 τῷ
1042 1561 1312 1622 Μονογενεῖ
1332 1559 1414 1619 τῆς
1441 1554 1561 1606 κατὰ
1586 1559 1682 1605 τῶν

95 1642 262 1692 ἄλλων
287 1643 532 1708 ὑπεροχῆς,
560 1642 656 1692 ἐστ’
687 1639 745 1691 ἂν
771 1639 896 1693 ὅλως
930 1642 1091 1704 νοῆται
1117 1638 1445 1703 πεποιημένος.
1502 1639 1554 1688 οὐ
1589 1637 1682 1703 γὰρ

95 1725 144 1774 ἐν
181 1727 248 1793 τῷ
286 1723 604 1791 προτετάχθαι
641 1727 782 1774 τινῶν
817 1723 911 1790 ἔχει
951 1719 1037 1786 τὴν
1077 1720 1238 1790 δόξαν,
1277 1721 1388 1771 ἀλλ’
1430 1721 1476 1770 ἐν
1515 1724 1580 1789 τῷ
1618 1719 1683 1783 μὴ

27 1829 77 1854 20
96 1803 210 1857 εἶναι
261 1805 469 1871 γενητὸς,
514 1805 742 1872 ὑπάρχειν
787 1803 835 1856 δὲ
884 1809 1076 1868 μᾶλλον
1121 1802 1244 1857 Θεὸς
1294 1804 1345 1853 ἐκ
1391 1806 1515 1853 Θεοῦ
1566 1800 1685 1852 κατὰ

97 1887 260 1956 φύσιν.
313 1885 378 1938 σὺ
417 1886 464 1938 δὲ
502 1885 651 1938 πάλιν
685 1887 794 1951 ἡμῖν
829 1886 911 1937 τὸν
945 1887 994 1936 ἐκ
1031 1889 1156 1936 Θεοῦ
1194 1883 1455 1952 πεφηνότα,
1492 1885 1568 1934 καὶ
1609 1882 1686 1932 διὰ

96 1975 235 2020 τοῦτο
263 1968 401 2031 Θεὸν,
426 1974 522 2022 τοῖς
548 1973 758 2035 γενητοῖς
789 1970 1156 2035 ἐγκαταριθμεῖς,
1183 1969 1260 2017 καὶ
1286 1965 1426 2031 μέρος
1452 1963 1566 2016 εἶναι
1601 1969 1685 2015 τοῦ

97 2051 281 2115 κόσμου
320 2050 499 2119 λογίζῃ,
537 2052 613 2101 καὶ
652 2053 689 2100 εἶ
727 2049 792 2115 μὴ
831 2050 999 2101 τούτου
1037 2048 1194 2117 τυχὸν,
1236 2049 1346 2098 ἀλλ’
1389 2048 1470 2098 οὖν
1509 2047 1682 2112 ἑτέρου·

98 2133 262 2184 διοίσει
289 2132 382 2200 γὰρ
410 2132 534 2186 ὅλως
560 2131 747 2186 οὐδενὸς
773 2132 891 2184 ὅσον
918 2135 981 2186 εἷς
1007 2130 1088 2182 τὸν
1115 2135 1198 2182 τοῦ
1223 2132 1511 2193 πεποιῆσθαι
1538 2128 1687 2193 λόγον
1705 2146 1725 2172 e

30 2215 126 2280 25η
165 2216 389 2279 νοουμένη
427 2219 522 2266 τῶν
554 2215 750 2279 κόσμων
779 2212 1000 2283 διαφορά·
1047 2211 1145 2264 εἶτα
1184 2211 1267 2263 τὸν
1298 2214 1364 2281 τῷ
1403 2209 1688 2277 γεννήσαντι

99 2297 439 2364 συνεδρεύοντα
460 2296 635 2362 Λόγον,
656 2301 752 2350 τοῖς
779 2295 1059 2364 δορυφόροις
1085 2297 1161 2346 καὶ
1187 2293 1515 2360 παραστάταις
1541 2295 1684 2357 ἐγκα-

99 2379 316 2444 ταλέγων
343 2380 425 2430 οὐκ
459 2380 673 2447 ἐρυθριᾷς
696 2400 708 2441 ;
752 2381 789 2429 εἷ
815 2377 908 2445 γὰρ
936 2379 1019 2428 οὐκ
1043 2377 1222 2430 ἀκούεις
1249 2381 1331 2427 τοῦ
1357 2374 1442 2439 μὲν
1468 2372 1688 2441 Γαβριὴλ

100 2460 324 2527 λε’γοντος
357 2458 476 2527 πρὸς
512 2460 595 2511 τὸν
624 2460 867 2528 Ζαχαρίαν
895 2467 922 2490 “
940 2458 1070 2525 Ἐγώ
1105 2462 1196 2523 εἰμι
1223 2457 1445 2524 Γαβριὴλ
1478 2457 1502 2507 ὁ
1536 2478 1682 2521 παρε-
1750 2459 1909 2543 ζωαὶ-

151 2627 182 2650 1.
207 2616 321 2652 ἀϊδίως
337 2616 534 2651 emendavit
552 2628 570 2651 e
588 2616 664 2651 Cat.
684 2622 724 2651 ut
741 2615 886 2650 adnotat
903 2616 978 2660 ipse
995 2615 1090 2650 Aub.
1105 2621 1137 2649 et
1154 2616 1202 2650 ita
1219 2626 1248 2648 a.
1266 2613 1375 2649 Cord„
1393 2613 1488 2659 ἀϊδίῳ
1508 2612 1550 2646 Β.
1566 2611 1685 2645 Holst.

104 2662 232 2697 Statim
248 2666 295 2708 τῷ
313 2663 385 2707 ἰδίῳ
404 2669 624 2697 accesserunt
641 2675 682 2697 ex
701 2675 731 2696 a.
752 2662 830 2696 Cat.
851 2662 950 2696 Harl.
1124 2673 1156 2695 2.
1182 2663 1228 2707 τῷ
1247 2660 1318 2694 ὅντι
1336 2660 1448 2693 συνὼν
1465 2670 1495 2692 a.
1516 2659 1549 2703 (e
1568 2658 1636 2701 sil.)
1657 2669 1687 2691 c.

105 2708 213 2743 Cord.
227 2709 322 2742 Aub.
341 2721 358 2742 e
378 2708 454 2742 Cat.
475 2709 575 2742 Harl.
593 2711 640 2755 τῷ
659 2711 795 2743 συνόντι
812 2709 858 2743 ὣν
876 2709 918 2742 B.
940 2708 1004 2742 Ht.
1068 2708 1108 2751 δὴ
1127 2709 1254 2751 τρόπον
1271 2706 1338 2740 hoc
1356 2705 1478 2739 ordine
1496 2716 1560 2738 a.c.
1580 2704 1687 2738 Cord.

103 2756 137 2790 8.
163 2757 263 2789 τοῦτο
280 2756 345 2800 γὰρ
363 2754 440 2797 ἡμῖν
457 2761 679 2799 assumptum
696 2767 738 2788 ex
757 2755 800 2788 B.
968 2765 1021 2788 11.
1048 2754 1138 2799 αὐτῷ
1156 2752 1209 2788 καὶ
1227 2752 1458 2795 δουλοπρεπὲς
1477 2751 1519 2785 Β.
1539 2752 1592 2784 καὶ
1610 2752 1687 2785 δου-

103 2802 275 2843 λοπρεπὲς
291 2802 329 2835 τὸ
349 2801 416 2835 Ed.
489 2801 638 2845 περιθεὶς
654 2804 720 2835 τῶν
739 2801 781 2835 Β.
798 2799 994 2844 περιθήσων
1012 2800 1079 2833 Ed.
1255 2809 1307 2833 12.
1334 2799 1554 2844 ἐγκλημάτων
1571 2799 1690 2832 ἑαυτὸν

106 2848 148 2882 Β.
168 2849 319 2893 ἔγκλημα
336 2851 402 2882 τῶν
419 2848 545 2881 ἑαυτῶν
563 2847 630 2881 Ed.
697 2847 823 2881 Statim
841 2846 1062 2890 ἀπαλλάχθαι
1082 2846 1123 2880 Β.
1295 2856 1348 2890 13.
1374 2843 1509 2889 ἵδρυσιν
1526 2844 1690 2878 emendat

106 2894 238 2940 Heyse.
256 2894 391 2939 ὕδρισιν
410 2894 451 2928 Β.
472 2893 539 2928 Ed.
654 2905 706 2937 14.
732 2895 817 2939 ἤπερ
835 2892 969 2927 correxi
986 2898 1065 2937 post
1084 2892 1218 2938 Migne.
1235 2892 1320 2937 ἥπερ
1339 2891 1406 2926 Ed.
1523 2900 1576 2936 17.
1601 2891 1689 2927 ὅλως

105 2940 269 2976 emendat
289 2941 418 2986 Heyse.
437 2940 518 2976 ὅλος
537 2941 578 2975 Β.
599 2939 666 2975 Ed.
803 2949 858 2985 ²5·
883 2940 922 2973 τὸ
939 2938 1148 2984 γεννήσαντα
1167 2939 1208 2973 Β.
1230 2937 1427 2973 emendavit
1447 2938 1510 2972 Ht.
