<?xml version="1.0" encoding="UTF-8"?>
<!DOCTYPE html PUBLIC "-//W3C//DTD XHTML 1.0 Transitional//EN"
    "http://www.w3.org/TR/xhtml1/DTD/xhtml1-transitional.dtd">
<html xmlns="http://www.w3.org/1999/xhtml" xml:lang="en" lang="en">
 <head>
  <title>
</title>
<meta http-equiv="Content-Type" content="text/html;charset=utf-8" />
  <meta name='ocr-system' content='tesseract 3.04.00' />
  <meta name='ocr-capabilities' content='ocr_page ocr_carea ocr_par ocr_line ocrx_word'/>
</head>
<body>
  <div class='ocr_page' id='page_1' title='image "./operacyrilli04cyriuoft/operacyrilli04cyriuoft_0541.png"; bbox 0 0 2022 3272; ppageno 0'>
   <div class='ocr_carea' id='block_1_1' title="bbox 156 148 1741 204">
    <p class='ocr_par' dir='ltr' id='par_1_1' title="bbox 156 148 1741 204">
     <span class='ocr_line' id='line_1_1' title="bbox 156 148 1741 204; baseline 0.007 -16"><span class='ocrx_word' id='word_1_1' title='bbox 156 148 405 204; x_wconf 80' lang='lat' dir='ltr'>xiv.30,31.</span> <span class='ocrx_word' id='word_1_2' title='bbox 473 153 547 193; x_wconf 95' lang='lat' dir='ltr'>IN</span> <span class='ocrx_word' id='word_1_3' title='bbox 589 154 631 196; x_wconf 87' lang='lat' dir='ltr'>S.</span> <span class='ocrx_word' id='word_1_4' title='bbox 664 154 1006 198; x_wconf 81' lang='lat' dir='ltr'><strong>JOANNEM.</strong></span> <span class='ocrx_word' id='word_1_5' title='bbox 1070 158 1195 199; x_wconf 79' lang='lat' dir='ltr'>Llss.</span> <span class='ocrx_word' id='word_1_6' title='bbox 1234 160 1283 200; x_wconf 87' lang='lat' dir='ltr'>X.</span> <span class='ocrx_word' id='word_1_7' title='bbox 1345 161 1476 201; x_wconf 78' lang='lat' dir='ltr'><strong>CAP.</strong></span> <span class='ocrx_word' id='word_1_8' title='bbox 1515 162 1546 202; x_wconf 89' lang='lat' dir='ltr'>I.</span> <span class='ocrx_word' id='word_1_9' title='bbox 1658 163 1741 201; x_wconf 74' lang='lat'>529</span> 
     </span>
    </p>
   </div>
   <div class='ocr_carea' id='block_1_2' title="bbox 59 258 1947 2911">
    <p class='ocr_par' dir='ltr' id='par_1_2' title="bbox 59 258 1947 2911">
     <span class='ocr_line' id='line_1_2' title="bbox 154 258 1740 335; baseline 0.008 -27"><span class='ocrx_word' id='word_1_10' title='bbox 154 258 387 324; x_wconf 81' lang='grc' dir='ltr'>ἐπήγοντο</span> <span class='ocrx_word' id='word_1_11' title='bbox 425 264 625 329; x_wconf 77' lang='grc' dir='ltr'>σπείρας</span> <span class='ocrx_word' id='word_1_12' title='bbox 663 266 738 314; x_wconf 77' lang='grc' dir='ltr'>καὶ</span> <span class='ocrx_word' id='word_1_13' title='bbox 776 271 859 316; x_wconf 87' lang='grc' dir='ltr'>τοῦ</span> <span class='ocrx_word' id='word_1_14' title='bbox 898 266 1069 330; x_wconf 79' lang='grc' dir='ltr'>ταύτης</span> <span class='ocrx_word' id='word_1_15' title='bbox 1108 268 1352 335; x_wconf 74' lang='grc' dir='ltr'>ἄρχοντος,</span> <span class='ocrx_word' id='word_1_16' title='bbox 1386 268 1436 323; x_wconf 66' lang='grc' dir='ltr'>ὃς</span> <span class='ocrx_word' id='word_1_17' title='bbox 1476 272 1550 320; x_wconf 76' lang='grc' dir='ltr'>καὶ</span> <span class='ocrx_word' id='word_1_18' title='bbox 1588 293 1740 335; x_wconf 87' lang='grc' dir='ltr'>παρα-</span> 
     </span>
     <span class='ocr_line' id='line_1_3' title="bbox 154 341 1738 417; baseline 0.008 -26"><span class='ocrx_word' id='word_1_19' title='bbox 154 341 325 393; x_wconf 81' lang='grc' dir='ltr'>δώσειν</span> <span class='ocrx_word' id='word_1_20' title='bbox 351 343 492 395; x_wconf 82' lang='grc' dir='ltr'>αὐτὸν</span> <span class='ocrx_word' id='word_1_21' title='bbox 518 347 850 412; x_wconf 81' lang='grc' dir='ltr'>ἐπηγγείλατο,</span> <span class='ocrx_word' id='word_1_22' title='bbox 879 351 1270 417; x_wconf 63' lang='grc' dir='ltr'>συλληψομένων</span> <span class='ocrx_word' id='word_1_23' title='bbox 1301 374 1348 401; x_wconf 91' lang='grc' dir='ltr'>τε</span> <span class='ocrx_word' id='word_1_24' title='bbox 1383 353 1471 415; x_wconf 73' lang='grc' dir='ltr'>ἤδη</span> <span class='ocrx_word' id='word_1_25' title='bbox 1508 355 1582 402; x_wconf 75' lang='grc' dir='ltr'>καὶ</span> <span class='ocrx_word' id='word_1_26' title='bbox 1618 353 1738 415; x_wconf 85' lang='grc' dir='ltr'>μέλ-</span> 
     </span>
     <span class='ocr_line' id='line_1_4' title="bbox 153 421 1741 503; baseline 0.008 -30"><span class='ocrx_word' id='word_1_27' title='bbox 153 421 336 475; x_wconf 87' lang='grc' dir='ltr'>λόντων</span> <span class='ocrx_word' id='word_1_28' title='bbox 367 427 582 478; x_wconf 81' lang='grc' dir='ltr'>ἀποίσειν</span> <span class='ocrx_word' id='word_1_29' title='bbox 614 430 695 479; x_wconf 83' lang='grc' dir='ltr'>οὐκ</span> <span class='ocrx_word' id='word_1_30' title='bbox 731 433 792 483; x_wconf 83' lang='grc' dir='ltr'>εἷς</span> <span class='ocrx_word' id='word_1_31' title='bbox 824 430 1010 496; x_wconf 76' lang='grc' dir='ltr'>μακρὰν</span> <span class='ocrx_word' id='word_1_32' title='bbox 1036 436 1098 485; x_wconf 82' lang='grc' dir='ltr'>εἰς</span> <span class='ocrx_word' id='word_1_33' title='bbox 1133 431 1192 482; x_wconf 77' lang='grc' dir='ltr'>τὰ</span> <span class='ocrx_word' id='word_1_34' title='bbox 1227 435 1300 483; x_wconf 82' lang='grc' dir='ltr'>ἐπὶ</span> <span class='ocrx_word' id='word_1_35' title='bbox 1335 438 1401 502; x_wconf 68' lang='grc' dir='ltr'>τῷ</span> <span class='ocrx_word' id='word_1_36' title='bbox 1435 439 1627 503; x_wconf 67' lang='grc' dir='ltr'>σταυρῷ</span> <span class='ocrx_word' id='word_1_37' title='bbox 1666 438 1741 486; x_wconf 82' lang='grc' dir='ltr'>καὶ</span> 
     </span>
     <span class='ocr_line' id='line_1_5' title="bbox 151 504 1742 582; baseline 0.009 -27"><span class='ocrx_word' id='word_1_38' title='bbox 151 504 244 571; x_wconf 80' lang='grc' dir='ltr'>πρὸ</span> <span class='ocrx_word' id='word_1_39' title='bbox 283 512 367 557; x_wconf 84' lang='grc' dir='ltr'>τοῦ</span> <span class='ocrx_word' id='word_1_40' title='bbox 405 516 614 576; x_wconf 82' lang='grc' dir='ltr'>σταυροῦ</span> <span class='ocrx_word' id='word_1_41' title='bbox 653 509 796 576; x_wconf 86' lang='grc' dir='ltr'>πάθη,</span> <span class='ocrx_word' id='word_1_42' title='bbox 837 513 1122 582; x_wconf 74' lang='grc' dir='ltr'>καταλήξειν</span> <span class='ocrx_word' id='word_1_43' title='bbox 1160 515 1249 579; x_wconf 77' lang='grc' dir='ltr'>ἤδη</span> <span class='ocrx_word' id='word_1_44' title='bbox 1290 522 1373 566; x_wconf 82' lang='grc' dir='ltr'>τοῦ</span> <span class='ocrx_word' id='word_1_45' title='bbox 1412 515 1530 582; x_wconf 72' lang='grc' dir='ltr'>πρὸς</span> <span class='ocrx_word' id='word_1_46' title='bbox 1576 517 1742 570; x_wconf 75' lang='grc' dir='ltr'>αὐτοὺς</span> 
     </span>
     <span class='ocr_line' id='line_1_6' title="bbox 107 588 1741 667; baseline 0.007 -29"><span class='ocrx_word' id='word_1_47' title='bbox 107 588 242 656; x_wconf 73' lang='grc' dir='ltr'>δέφη</span> <span class='ocrx_word' id='word_1_48' title='bbox 294 590 459 656; x_wconf 86' lang='grc' dir='ltr'>λόγου.</span> <span class='ocrx_word' id='word_1_49' title='bbox 529 593 857 645; x_wconf 77' lang='grc' dir='ltr'>συνεστάλθαι</span> <span class='ocrx_word' id='word_1_50' title='bbox 907 596 999 661; x_wconf 85' lang='grc' dir='ltr'>γάρ</span> <span class='ocrx_word' id='word_1_51' title='bbox 1055 600 1131 647; x_wconf 85' lang='grc' dir='ltr'>καὶ</span> <span class='ocrx_word' id='word_1_52' title='bbox 1183 602 1243 651; x_wconf 80' lang='grc' dir='ltr'>εἱς</span> <span class='ocrx_word' id='word_1_53' title='bbox 1294 598 1348 648; x_wconf 83' lang='grc' dir='ltr'>τὸ</span> <span class='ocrx_word' id='word_1_54' title='bbox 1399 599 1543 663; x_wconf 85' lang='grc' dir='ltr'>μηδέν</span> <span class='ocrx_word' id='word_1_55' title='bbox 1589 606 1741 667; x_wconf 77' lang='grc' dir='ltr'>φησιν</span> 
     </span>
     <span class='ocr_line' id='line_1_7' title="bbox 149 669 1741 750; baseline 0.008 -30"><span class='ocrx_word' id='word_1_56' title='bbox 149 669 320 722; x_wconf 77' lang='grc' dir='ltr'>ἐλάσαι</span> <span class='ocrx_word' id='word_1_57' title='bbox 359 672 441 724; x_wconf 85' lang='grc' dir='ltr'>τὸν</span> <span class='ocrx_word' id='word_1_58' title='bbox 479 674 657 741; x_wconf 89' lang='grc' dir='ltr'>καιρόν·</span> <span class='ocrx_word' id='word_1_59' title='bbox 714 680 796 741; x_wconf 75' lang='grc' dir='ltr'>τῆς</span> <span class='ocrx_word' id='word_1_60' title='bbox 835 676 928 744; x_wconf 79' lang='grc' dir='ltr'>γὰρ</span> <span class='ocrx_word' id='word_1_61' title='bbox 963 680 1201 731; x_wconf 84' lang='grc' dir='ltr'>Ἰουδαίων</span> <span class='ocrx_word' id='word_1_62' title='bbox 1235 683 1506 750; x_wconf 79' lang='grc' dir='ltr'>μιαιφονίας</span> <span class='ocrx_word' id='word_1_63' title='bbox 1545 683 1741 746; x_wconf 74' lang='grc' dir='ltr'>ήβώσης</span> 
     </span>
     <span class='ocr_line' id='line_1_8' title="bbox 149 755 1739 830; baseline 0.008 -27"><span class='ocrx_word' id='word_1_64' title='bbox 149 775 198 803; x_wconf 85' lang='grc' dir='ltr'>τε</span> <span class='ocrx_word' id='word_1_65' title='bbox 249 755 359 805; x_wconf 87' lang='grc' dir='ltr'>λίαν</span> <span class='ocrx_word' id='word_1_66' title='bbox 402 756 470 807; x_wconf 87' lang='grc' dir='ltr'>ἐπ’</span> <span class='ocrx_word' id='word_1_67' title='bbox 517 758 631 821; x_wconf 78' lang='grc' dir='ltr'>ἐμοὶ,</span> <span class='ocrx_word' id='word_1_68' title='bbox 677 762 752 810; x_wconf 78' lang='grc' dir='ltr'>καὶ</span> <span class='ocrx_word' id='word_1_69' title='bbox 803 765 958 826; x_wconf 83' lang='grc' dir='ltr'>θυρῶν</span> <span class='ocrx_word' id='word_1_70' title='bbox 1003 762 1116 813; x_wconf 75' lang='grc' dir='ltr'>ε’ίσω</span> <span class='ocrx_word' id='word_1_71' title='bbox 1169 762 1340 814; x_wconf 78' lang='grc' dir='ltr'>λοιπὸν</span> <span class='ocrx_word' id='word_1_72' title='bbox 1385 765 1636 830; x_wconf 84' lang='grc' dir='ltr'>ὁρωμένης,</span> <span class='ocrx_word' id='word_1_73' title='bbox 1685 767 1739 816; x_wconf 83' lang='grc' dir='ltr'>οὐ</span> 
     </span>
     <span class='ocr_line' id='line_1_9' title="bbox 146 834 1777 907; baseline 0.008 -22"><span class='ocrx_word' id='word_1_74' title='bbox 146 834 369 901; x_wconf 78' lang='grc' dir='ltr'>ῥημάτων</span> <span class='ocrx_word' id='word_1_75' title='bbox 408 839 473 889; x_wconf 79' lang='grc' dir='ltr'>ε”τι</span> <span class='ocrx_word' id='word_1_76' title='bbox 512 844 606 890; x_wconf 88' lang='grc' dir='ltr'>τῶν</span> <span class='ocrx_word' id='word_1_77' title='bbox 643 841 762 907; x_wconf 77' lang='grc' dir='ltr'>πρὸς</span> <span class='ocrx_word' id='word_1_78' title='bbox 807 844 937 905; x_wconf 82' lang='grc' dir='ltr'>ὑμᾶς,</span> <span class='ocrx_word' id='word_1_79' title='bbox 977 845 1087 894; x_wconf 84' lang='grc' dir='ltr'>ἀλλ’</span> <span class='ocrx_word' id='word_1_80' title='bbox 1129 846 1271 896; x_wconf 85' lang='grc' dir='ltr'>αὐτοῦ</span> <span class='ocrx_word' id='word_1_81' title='bbox 1313 852 1396 896; x_wconf 83' lang='grc' dir='ltr'>τοῦ</span> <span class='ocrx_word' id='word_1_82' title='bbox 1437 851 1604 898; x_wconf 82' lang='grc' dir='ltr'>παθεῖν</span> <span class='ocrx_word' id='word_1_83' title='bbox 1642 847 1777 898; x_wconf 77' lang='grc' dir='ltr'>ε’νε’-0</span> 
     </span>
     <span class='ocr_line' id='line_1_10' title="bbox 145 921 1734 998; baseline 0.009 -31"><span class='ocrx_word' id='word_1_84' title='bbox 145 940 321 982; x_wconf 88' lang='grc' dir='ltr'>στηκεν</span> <span class='ocrx_word' id='word_1_85' title='bbox 357 921 382 970; x_wconf 87' lang='grc' dir='ltr'><em>ὁ</em></span> <span class='ocrx_word' id='word_1_86' title='bbox 421 921 591 988; x_wconf 87' lang='grc' dir='ltr'>καιρός·</span> <span class='ocrx_word' id='word_1_87' title='bbox 631 922 762 987; x_wconf 81' lang='grc' dir='ltr'>πλὴν</span> <span class='ocrx_word' id='word_1_88' title='bbox 789 925 897 989; x_wconf 80' lang='grc' dir='ltr'>ἥκει,</span> <span class='ocrx_word' id='word_1_89' title='bbox 927 929 1092 995; x_wconf 77' lang='grc' dir='ltr'>φησὶν,</span> <span class='ocrx_word' id='word_1_90' title='bbox 1121 934 1138 979; x_wconf 85' lang='lat' dir='ltr'>o‘</span> <span class='ocrx_word' id='word_1_91' title='bbox 1175 930 1247 979; x_wconf 66' lang='grc' dir='ltr'>τοῦ</span> <span class='ocrx_word' id='word_1_92' title='bbox 1284 929 1450 996; x_wconf 72' lang='grc' dir='ltr'>κόσμου</span> <span class='ocrx_word' id='word_1_93' title='bbox 1482 928 1628 998; x_wconf 61' lang='grc' dir='ltr'>ἄρχων</span> <span class='ocrx_word' id='word_1_94' title='bbox 1658 936 1734 981; x_wconf 67' lang='grc' dir='ltr'>καὶ</span> 
     </span>
     <span class='ocr_line' id='line_1_11' title="bbox 78 1001 1736 1075; baseline 0.007 -25"><span class='ocrx_word' id='word_1_95' title='bbox 78 1015 126 1041; x_wconf 93' lang='lat'>10</span> <span class='ocrx_word' id='word_1_96' title='bbox 147 1001 184 1051; x_wconf 76' lang='grc' dir='ltr'>ἐν</span> <span class='ocrx_word' id='word_1_97' title='bbox 209 1001 301 1069; x_wconf 70' lang='grc' dir='ltr'>ἐμοὶ</span> <span class='ocrx_word' id='word_1_98' title='bbox 330 1002 420 1066; x_wconf 77' lang='grc' dir='ltr'>ἔχει</span> <span class='ocrx_word' id='word_1_99' title='bbox 450 1003 577 1057; x_wconf 51' lang='grc' dir='ltr'>οὐδέν.</span> <span class='ocrx_word' id='word_1_100' title='bbox 635 1006 917 1075; x_wconf 73' lang='grc' dir='ltr'>τεθνήξομαι</span> <span class='ocrx_word' id='word_1_101' title='bbox 953 1009 1000 1059; x_wconf 77' lang='grc' dir='ltr'>δὲ</span> <span class='ocrx_word' id='word_1_102' title='bbox 1036 1011 1111 1060; x_wconf 75' lang='grc' dir='ltr'>καὶ</span> <span class='ocrx_word' id='word_1_103' title='bbox 1148 1009 1258 1060; x_wconf 88' lang='grc' dir='ltr'>λίαν</span> <span class='ocrx_word' id='word_1_104' title='bbox 1288 1010 1506 1074; x_wconf 82' lang='grc' dir='ltr'>ἀσμένως</span> <span class='ocrx_word' id='word_1_105' title='bbox 1543 1014 1618 1062; x_wconf 80' lang='grc' dir='ltr'>καὶ</span> <span class='ocrx_word' id='word_1_106' title='bbox 1654 1011 1736 1063; x_wconf 82' lang='grc' dir='ltr'>τὸν</span> 
     </span>
     <span class='ocr_line' id='line_1_12' title="bbox 145 1082 1733 1163; baseline 0.008 -31"><span class='ocrx_word' id='word_1_107' title='bbox 145 1082 260 1149; x_wconf 73' lang='grc' dir='ltr'>ὑπὲρ</span> <span class='ocrx_word' id='word_1_108' title='bbox 311 1088 392 1148; x_wconf 81' lang='grc' dir='ltr'>τῆς</span> <span class='ocrx_word' id='word_1_109' title='bbox 437 1087 660 1139; x_wconf 82' lang='grc' dir='ltr'>ἁπάντων</span> <span class='ocrx_word' id='word_1_110' title='bbox 705 1089 821 1155; x_wconf 71' lang='grc' dir='ltr'>ζωῆς</span> <span class='ocrx_word' id='word_1_111' title='bbox 867 1091 1203 1155; x_wconf 81' lang='grc' dir='ltr'>ὑποστήσομαι</span> <span class='ocrx_word' id='word_1_112' title='bbox 1249 1092 1468 1152; x_wconf 86' lang='grc' dir='ltr'>θάνατον,</span> <span class='ocrx_word' id='word_1_113' title='bbox 1512 1096 1637 1145; x_wconf 79' lang='grc' dir='ltr'>αἰδοῖ</span> <span class='ocrx_word' id='word_1_114' title='bbox 1676 1099 1733 1163; x_wconf 82' lang='grc' dir='ltr'>τῇ</span> 
     </span>
     <span class='ocr_line' id='line_1_13' title="bbox 142 1164 1733 1242; baseline 0.008 -27"><span class='ocrx_word' id='word_1_115' title='bbox 142 1164 261 1230; x_wconf 81' lang='grc' dir='ltr'>πρὸς</span> <span class='ocrx_word' id='word_1_116' title='bbox 298 1164 381 1217; x_wconf 81' lang='grc' dir='ltr'>τὸν</span> <span class='ocrx_word' id='word_1_117' title='bbox 418 1169 676 1237; x_wconf 90' lang='grc' dir='ltr'>γεννήτορα</span> <span class='ocrx_word' id='word_1_118' title='bbox 715 1172 789 1221; x_wconf 76' lang='grc' dir='ltr'>καὶ</span> <span class='ocrx_word' id='word_1_119' title='bbox 835 1170 997 1240; x_wconf 80' lang='grc' dir='ltr'>ἀγάπῃ</span> <span class='ocrx_word' id='word_1_120' title='bbox 1043 1177 1101 1241; x_wconf 81' lang='grc' dir='ltr'>τῇ</span> <span class='ocrx_word' id='word_1_121' title='bbox 1146 1174 1264 1239; x_wconf 86' lang='grc' dir='ltr'>πρὸς</span> <span class='ocrx_word' id='word_1_122' title='bbox 1302 1174 1445 1226; x_wconf 80' lang='grc' dir='ltr'>αὐτὸν</span> <span class='ocrx_word' id='word_1_123' title='bbox 1484 1177 1733 1242; x_wconf 83' lang='grc' dir='ltr'>ἐθελοντὴς</span> 
     </span>
     <span class='ocr_line' id='line_1_14' title="bbox 142 1247 1732 1324; baseline 0.009 -28"><span class='ocrx_word' id='word_1_124' title='bbox 142 1247 380 1312; x_wconf 84' lang='grc' dir='ltr'>ὁμιλήσας</span> <span class='ocrx_word' id='word_1_125' title='bbox 419 1252 494 1301; x_wconf 81' lang='grc' dir='ltr'>καὶ</span> <span class='ocrx_word' id='word_1_126' title='bbox 533 1258 629 1306; x_wconf 88' lang='grc' dir='ltr'>τοῖς</span> <span class='ocrx_word' id='word_1_127' title='bbox 668 1253 798 1318; x_wconf 80' lang='grc' dir='ltr'>παρὰ</span> <span class='ocrx_word' id='word_1_128' title='bbox 835 1254 1043 1319; x_wconf 82' lang='grc' dir='ltr'>γνώμην,</span> <span class='ocrx_word' id='word_1_129' title='bbox 1075 1256 1150 1306; x_wconf 78' lang='grc' dir='ltr'>ἵνα</span> <span class='ocrx_word' id='word_1_130' title='bbox 1189 1256 1273 1320; x_wconf 82' lang='grc' dir='ltr'>τὴν</span> <span class='ocrx_word' id='word_1_131' title='bbox 1309 1259 1450 1321; x_wconf 78' lang='grc' dir='ltr'>αὐτῆς</span> <span class='ocrx_word' id='word_1_132' title='bbox 1485 1260 1732 1324; x_wconf 83' lang='grc' dir='ltr'>πληρώσω</span> 
     </span>
     <span class='ocr_line' id='line_1_15' title="bbox 141 1329 1732 1405; baseline 0.009 -26"><span class='ocrx_word' id='word_1_133' title='bbox 141 1329 397 1394; x_wconf 80' lang='grc' dir='ltr'>βούλησιν.</span> <span class='ocrx_word' id='word_1_134' title='bbox 455 1335 480 1384; x_wconf 85' lang='grc' dir='ltr'>ὁ</span> <span class='ocrx_word' id='word_1_135' title='bbox 514 1333 599 1398; x_wconf 74' lang='grc' dir='ltr'>μὲν</span> <span class='ocrx_word' id='word_1_136' title='bbox 629 1336 710 1386; x_wconf 73' lang='grc' dir='ltr'>οὖν</span> <span class='ocrx_word' id='word_1_137' title='bbox 735 1341 818 1386; x_wconf 84' lang='grc' dir='ltr'>τοῦ</span> <span class='ocrx_word' id='word_1_138' title='bbox 853 1338 1158 1403; x_wconf 87' lang='grc' dir='ltr'>προκειμένου</span> <span class='ocrx_word' id='word_1_139' title='bbox 1191 1337 1372 1393; x_wconf 80' lang='grc' dir='ltr'>σκοπὸς</span> <span class='ocrx_word' id='word_1_140' title='bbox 1404 1341 1568 1405; x_wconf 86' lang='grc' dir='ltr'>γένοιτ’</span> <span class='ocrx_word' id='word_1_141' title='bbox 1598 1340 1656 1392; x_wconf 76' lang='grc' dir='ltr'>ἂν</span> <span class='ocrx_word' id='word_1_142' title='bbox 1683 1342 1732 1393; x_wconf 78' lang='grc' dir='ltr'>εὖ</span> 
     </span>
     <span class='ocr_line' id='line_1_16' title="bbox 73 1411 1726 1492; baseline 0.008 -31"><span class='ocrx_word' id='word_1_143' title='bbox 73 1424 120 1462; x_wconf 89' lang='lat'>15</span> <span class='ocrx_word' id='word_1_144' title='bbox 141 1411 274 1474; x_wconf 87' lang='grc' dir='ltr'>μάλα</span> <span class='ocrx_word' id='word_1_145' title='bbox 308 1414 357 1463; x_wconf 84' lang='grc' dir='ltr'>ἐν</span> <span class='ocrx_word' id='word_1_146' title='bbox 381 1414 561 1470; x_wconf 78' lang='grc' dir='ltr'>τούτοις</span> <span class='ocrx_word' id='word_1_147' title='bbox 597 1417 840 1486; x_wconf 84' lang='grc' dir='ltr'>διαφανής·</span> <span class='ocrx_word' id='word_1_148' title='bbox 894 1418 1172 1487; x_wconf 77' lang='grc' dir='ltr'>ἰσχνότερον</span> <span class='ocrx_word' id='word_1_149' title='bbox 1204 1420 1251 1472; x_wconf 80' lang='grc' dir='ltr'>δὲ</span> <span class='ocrx_word' id='word_1_150' title='bbox 1288 1421 1347 1472; x_wconf 80' lang='grc' dir='ltr'>τὰ</span> <span class='ocrx_word' id='word_1_151' title='bbox 1385 1424 1432 1472; x_wconf 82' lang='grc' dir='ltr'>ἐν</span> <span class='ocrx_word' id='word_1_152' title='bbox 1463 1424 1589 1492; x_wconf 69' lang='grc' dir='ltr'>αὐτῷ</span> <span class='ocrx_word' id='word_1_153' title='bbox 1625 1427 1726 1474; x_wconf 87' lang='grc' dir='ltr'>δια-</span> 
     </span>
     <span class='ocr_line' id='line_1_17' title="bbox 139 1493 1731 1570; baseline 0.009 -26"><span class='ocrx_word' id='word_1_154' title='bbox 139 1493 453 1560; x_wconf 88' lang='grc' dir='ltr'>πτύσσοντες,</span> <span class='ocrx_word' id='word_1_155' title='bbox 496 1499 639 1550; x_wconf 85' lang='grc' dir='ltr'>ἐκεῖνό</span> <span class='ocrx_word' id='word_1_156' title='bbox 685 1504 842 1569; x_wconf 84' lang='grc' dir='ltr'>φαμεν</span> <span class='ocrx_word' id='word_1_157' title='bbox 880 1501 942 1552; x_wconf 77' lang='lat' dir='ltr'>‘O</span> <span class='ocrx_word' id='word_1_158' title='bbox 987 1500 1071 1565; x_wconf 74' lang='grc' dir='ltr'>μὲν</span> <span class='ocrx_word' id='word_1_159' title='bbox 1115 1503 1209 1570; x_wconf 79' lang='grc' dir='ltr'>γὰρ</span> <span class='ocrx_word' id='word_1_160' title='bbox 1255 1509 1337 1554; x_wconf 86' lang='grc' dir='ltr'>τοῦ</span> <span class='ocrx_word' id='word_1_161' title='bbox 1387 1505 1550 1570; x_wconf 88' lang='grc' dir='ltr'>γένους</span> <span class='ocrx_word' id='word_1_162' title='bbox 1598 1507 1731 1570; x_wconf 82' lang='grc' dir='ltr'>ἡμῶν</span> 
     </span>
     <span class='ocr_line' id='line_1_18' title="bbox 139 1576 1730 1651; baseline 0.009 -27"><span class='ocrx_word' id='word_1_163' title='bbox 139 1576 403 1644; x_wconf 80' lang='grc' dir='ltr'>ἀρχηγέτης</span> <span class='ocrx_word' id='word_1_164' title='bbox 429 1580 586 1645; x_wconf 79' lang='grc' dir='ltr'>Ἀδὰμ</span> <span class='ocrx_word' id='word_1_165' title='bbox 616 1583 698 1633; x_wconf 81' lang='grc' dir='ltr'>τὸν</span> <span class='ocrx_word' id='word_1_166' title='bbox 726 1585 776 1634; x_wconf 85' lang='grc' dir='ltr'>ἐκ</span> <span class='ocrx_word' id='word_1_167' title='bbox 802 1586 886 1647; x_wconf 77' lang='grc' dir='ltr'>τῆς</span> <span class='ocrx_word' id='word_1_168' title='bbox 917 1584 1042 1638; x_wconf 82' lang='grc' dir='ltr'>θείας</span> <span class='ocrx_word' id='word_1_169' title='bbox 1074 1587 1189 1651; x_wconf 82' lang='grc' dir='ltr'>ἀρᾶς</span> <span class='ocrx_word' id='word_1_170' title='bbox 1225 1585 1365 1638; x_wconf 85' lang='grc' dir='ltr'>ὑπέδυ</span> <span class='ocrx_word' id='word_1_171' title='bbox 1400 1586 1622 1650; x_wconf 89' lang='grc' dir='ltr'>θάνατον,</span> <span class='ocrx_word' id='word_1_172' title='bbox 1654 1588 1730 1639; x_wconf 78' lang='grc' dir='ltr'>διὰ</span> 
     </span>
     <span class='ocr_line' id='line_1_19' title="bbox 138 1663 1726 1737; baseline 0.009 -29"><span class='ocrx_word' id='word_1_173' title='bbox 138 1664 222 1709; x_wconf 85' lang='grc' dir='ltr'>τοῦ</span> <span class='ocrx_word' id='word_1_174' title='bbox 259 1668 537 1726; x_wconf 83' lang='grc' dir='ltr'>παραλῦσαι</span> <span class='ocrx_word' id='word_1_175' title='bbox 575 1663 661 1728; x_wconf 84' lang='grc' dir='ltr'>τὴν</span> <span class='ocrx_word' id='word_1_176' title='bbox 693 1668 914 1717; x_wconf 89' lang='grc' dir='ltr'>δοθεῖσαν</span> <span class='ocrx_word' id='word_1_177' title='bbox 944 1666 1151 1731; x_wconf 87' lang='grc' dir='ltr'>ἐντολὴν,</span> <span class='ocrx_word' id='word_1_178' title='bbox 1185 1667 1324 1722; x_wconf 80' lang='grc' dir='ltr'>αὐτός</span> <span class='ocrx_word' id='word_1_179' title='bbox 1363 1691 1412 1719; x_wconf 94' lang='grc' dir='ltr'>τε</span> <span class='ocrx_word' id='word_1_180' title='bbox 1448 1671 1525 1737; x_wconf 85' lang='grc' dir='ltr'>ὑφ’</span> <span class='ocrx_word' id='word_1_181' title='bbox 1561 1672 1726 1722; x_wconf 86' lang='grc' dir='ltr'>ἑαυτοῦ</span> 
     </span>
     <span class='ocr_line' id='line_1_20' title="bbox 136 1742 1947 1818; baseline 0.009 -28"><span class='ocrx_word' id='word_1_182' title='bbox 136 1742 212 1791; x_wconf 76' lang='grc' dir='ltr'>καὶ</span> <span class='ocrx_word' id='word_1_183' title='bbox 261 1748 345 1793; x_wconf 85' lang='grc' dir='ltr'>τοῦ</span> <span class='ocrx_word' id='word_1_184' title='bbox 396 1745 625 1806; x_wconf 78' lang='grc' dir='ltr'>διαβόλου</span> <span class='ocrx_word' id='word_1_185' title='bbox 681 1748 1101 1815; x_wconf 85' lang='grc' dir='ltr'>κατηγορούμενος.</span> <span class='ocrx_word' id='word_1_186' title='bbox 1183 1751 1397 1818; x_wconf 83' lang='grc' dir='ltr'>φαίνεται</span> <span class='ocrx_word' id='word_1_187' title='bbox 1454 1751 1604 1817; x_wconf 87' lang='grc' dir='ltr'>γεμὴν</span> <span class='ocrx_word' id='word_1_188' title='bbox 1654 1754 1762 1804; x_wconf 76' lang='grc' dir='ltr'>ε’πά</span> <span class='ocrx_word' id='word_1_189' title='bbox 1793 1764 1881 1798; x_wconf 83' lang='grc'>854</span> <span class='ocrx_word' id='word_1_190' title='bbox 1896 1765 1947 1798; x_wconf 87' lang='lat' dir='ltr'>A·</span> 
     </span>
     <span class='ocr_line' id='line_1_21' title="bbox 68 1822 1725 1900; baseline 0.01 -29"><span class='ocrx_word' id='word_1_191' title='bbox 68 1840 118 1865; x_wconf 91' lang='lat'>20</span> <span class='ocrx_word' id='word_1_192' title='bbox 137 1822 351 1889; x_wconf 82' lang='grc' dir='ltr'>εὐλόγοις</span> <span class='ocrx_word' id='word_1_193' title='bbox 385 1832 523 1878; x_wconf 87' lang='grc' dir='ltr'>τοῦτο</span> <span class='ocrx_word' id='word_1_194' title='bbox 558 1828 725 1880; x_wconf 81' lang='grc' dir='ltr'>παθὼν</span> <span class='ocrx_word' id='word_1_195' title='bbox 759 1830 939 1884; x_wconf 78' lang='grc' dir='ltr'>αἰτίαις·</span> <span class='ocrx_word' id='word_1_196' title='bbox 982 1831 1148 1900; x_wconf 79' lang='grc' dir='ltr'>ἕψεται</span> <span class='ocrx_word' id='word_1_197' title='bbox 1181 1832 1274 1899; x_wconf 76' lang='grc' dir='ltr'>γὰρ</span> <span class='ocrx_word' id='word_1_198' title='bbox 1309 1834 1391 1884; x_wconf 80' lang='grc' dir='ltr'>οὐκ</span> <span class='ocrx_word' id='word_1_199' title='bbox 1427 1835 1596 1887; x_wconf 86' lang='grc' dir='ltr'>ἀδίκως</span> <span class='ocrx_word' id='word_1_200' title='bbox 1629 1839 1725 1888; x_wconf 82' lang='grc' dir='ltr'>τοῖς</span> 
     </span>
     <span class='ocr_line' id='line_1_22' title="bbox 136 1905 1725 1982; baseline 0.008 -27"><span class='ocrx_word' id='word_1_201' title='bbox 136 1905 186 1955; x_wconf 84' lang='grc' dir='ltr'>ἐκ</span> <span class='ocrx_word' id='word_1_202' title='bbox 215 1907 446 1974; x_wconf 77' lang='grc' dir='ltr'>ῥᾳθυμίας</span> <span class='ocrx_word' id='word_1_203' title='bbox 478 1910 775 1976; x_wconf 83' lang='grc' dir='ltr'>ἡμαρτηκόσι</span> <span class='ocrx_word' id='word_1_204' title='bbox 809 1911 863 1963; x_wconf 83' lang='grc' dir='ltr'>τὸ</span> <span class='ocrx_word' id='word_1_205' title='bbox 899 1913 1184 1980; x_wconf 73' lang='grc' dir='ltr'>κολάζεσθαι</span> <span class='ocrx_word' id='word_1_206' title='bbox 1219 1918 1325 1965; x_wconf 84' lang='grc' dir='ltr'>δεῖν·</span> <span class='ocrx_word' id='word_1_207' title='bbox 1366 1916 1390 1965; x_wconf 83' lang='grc' dir='ltr'>ὁ</span> <span class='ocrx_word' id='word_1_208' title='bbox 1428 1915 1475 1966; x_wconf 77' lang='grc' dir='ltr'>δὲ</span> <span class='ocrx_word' id='word_1_209' title='bbox 1514 1916 1725 1982; x_wconf 87' lang='grc' dir='ltr'>δεύτερος</span> 
     </span>
     <span class='ocr_line' id='line_1_23' title="bbox 135 1986 1720 2063; baseline 0.008 -26"><span class='ocrx_word' id='word_1_210' title='bbox 135 1986 306 2052; x_wconf 75' lang='grc' dir='ltr'>Ἀδὰμ,</span> <span class='ocrx_word' id='word_1_211' title='bbox 345 1991 602 2053; x_wconf 88' lang='grc' dir='ltr'>τουτέστιν,</span> <span class='ocrx_word' id='word_1_212' title='bbox 643 1993 668 2042; x_wconf 82' lang='grc' dir='ltr'>ὁ</span> <span class='ocrx_word' id='word_1_213' title='bbox 710 1994 885 2060; x_wconf 86' lang='grc' dir='ltr'>Κύριος</span> <span class='ocrx_word' id='word_1_214' title='bbox 929 1995 1062 2059; x_wconf 84' lang='grc' dir='ltr'>ἡμῶν</span> <span class='ocrx_word' id='word_1_215' title='bbox 1099 1995 1288 2061; x_wconf 83' lang='grc' dir='ltr'>Ἰησοῦς</span> <span class='ocrx_word' id='word_1_216' title='bbox 1328 1999 1353 2048; x_wconf 85' lang='grc' dir='ltr'>ὁ</span> <span class='ocrx_word' id='word_1_217' title='bbox 1390 1998 1605 2063; x_wconf 80' lang='grc' dir='ltr'>Χριστὸς</span> <span class='ocrx_word' id='word_1_218' title='bbox 1650 1999 1720 2050; x_wconf 84' lang='grc' dir='ltr'>ἐπ’</span> 
     </span>
     <span class='ocr_line' id='line_1_24' title="bbox 134 2069 1938 2153; baseline 0.008 -34"><span class='ocrx_word' id='word_1_219' title='bbox 134 2070 281 2121; x_wconf 78' lang='grc' dir='ltr'>οὐδενὶ</span> <span class='ocrx_word' id='word_1_220' title='bbox 316 2069 370 2121; x_wconf 82' lang='grc' dir='ltr'>τὸ</span> <span class='ocrx_word' id='word_1_221' title='bbox 405 2072 603 2135; x_wconf 89' lang='grc' dir='ltr'>σύμπαν</span> <span class='ocrx_word' id='word_1_222' title='bbox 635 2081 998 2143; x_wconf 77' lang='grc' dir='ltr'>κατηγορεῖσθαι</span> <span class='ocrx_word' id='word_1_223' title='bbox 1035 2078 1298 2141; x_wconf 86' lang='grc' dir='ltr'>δυνάμενος·</span> <span class='ocrx_word' id='word_1_224' title='bbox 1341 2080 1395 2129; x_wconf 81' lang='grc' dir='ltr'>οὐ</span> <span class='ocrx_word' id='word_1_225' title='bbox 1429 2078 1522 2145; x_wconf 77' lang='grc' dir='ltr'>γὰρ</span> <span class='ocrx_word' id='word_1_226' title='bbox 1550 2081 1717 2131; x_wconf 83' lang='grc' dir='ltr'>“ε’ποί-</span> <span class='ocrx_word' id='word_1_227' title='bbox 1779 2078 1938 2153; x_wconf 48' lang='grc' dir='ltr'>ὲξῖθῖ·</span> 
     </span>
     <span class='ocr_line' id='line_1_25' title="bbox 133 2154 1715 2230; baseline 0.007 -28"><span class='ocrx_word' id='word_1_228' title='bbox 133 2158 163 2180; x_wconf 84' lang='grc'><strong>“</strong></span> <span class='ocrx_word' id='word_1_229' title='bbox 187 2175 305 2216; x_wconf 91' lang='grc' dir='ltr'>ησεν</span> <span class='ocrx_word' id='word_1_230' title='bbox 333 2154 578 2220; x_wconf 82' lang='grc' dir='ltr'>ἁμαρτίαν,</span> <span class='ocrx_word' id='word_1_231' title='bbox 606 2156 710 2207; x_wconf 78' lang='grc' dir='ltr'>οὐδὲ</span> <span class='ocrx_word' id='word_1_232' title='bbox 744 2158 907 2223; x_wconf 83' lang='grc' dir='ltr'>εὑρέθη</span> <span class='ocrx_word' id='word_1_233' title='bbox 944 2158 1084 2214; x_wconf 85' lang='grc' dir='ltr'>δόλος</span> <span class='ocrx_word' id='word_1_234' title='bbox 1118 2161 1166 2211; x_wconf 85' lang='grc' dir='ltr'>ἐν</span> <span class='ocrx_word' id='word_1_235' title='bbox 1191 2165 1258 2230; x_wconf 76' lang='grc' dir='ltr'>τῷ</span> <span class='ocrx_word' id='word_1_236' title='bbox 1290 2161 1494 2225; x_wconf 87' lang='grc' dir='ltr'>στόματι</span> <span class='ocrx_word' id='word_1_237' title='bbox 1526 2163 1715 2213; x_wconf 81' lang='grc' dir='ltr'>αὐτοῦ·”</span> 
     </span>
     <span class='ocr_line' id='line_1_26' title="bbox 64 2232 1716 2312; baseline 0.007 -28"><span class='ocrx_word' id='word_1_238' title='bbox 64 2245 112 2284; x_wconf 83' lang='grc'>25</span> <span class='ocrx_word' id='word_1_239' title='bbox 133 2232 186 2285; x_wconf 82' lang='grc' dir='ltr'>τὸ</span> <span class='ocrx_word' id='word_1_240' title='bbox 226 2234 340 2301; x_wconf 72' lang='grc' dir='ltr'>ὑπὲρ</span> <span class='ocrx_word' id='word_1_241' title='bbox 378 2236 510 2300; x_wconf 81' lang='grc' dir='ltr'>ἡμῶν</span> <span class='ocrx_word' id='word_1_242' title='bbox 545 2238 725 2303; x_wconf 84' lang='grc' dir='ltr'>ὑπέστη</span> <span class='ocrx_word' id='word_1_243' title='bbox 763 2238 927 2302; x_wconf 86' lang='grc' dir='ltr'>πάθος,</span> <span class='ocrx_word' id='word_1_244' title='bbox 967 2243 1238 2297; x_wconf 86' lang='grc' dir='ltr'>ἀνυπαίτιος</span> <span class='ocrx_word' id='word_1_245' title='bbox 1275 2243 1360 2307; x_wconf 77' lang='grc' dir='ltr'>μὲν</span> <span class='ocrx_word' id='word_1_246' title='bbox 1399 2242 1623 2312; x_wconf 86' lang='grc' dir='ltr'>ὑπάρχων</span> <span class='ocrx_word' id='word_1_247' title='bbox 1662 2246 1716 2296; x_wconf 87' lang='grc' dir='ltr'>δι’</span> 
     </span>
     <span class='ocr_line' id='line_1_27' title="bbox 131 2316 1719 2392; baseline 0.008 -27"><span class='ocrx_word' id='word_1_248' title='bbox 131 2316 296 2377; x_wconf 78' lang='grc' dir='ltr'>ἑαυτὸν</span> <span class='ocrx_word' id='word_1_249' title='bbox 328 2323 586 2382; x_wconf 80' lang='grc' dir='ltr'>παντελῶς,</span> <span class='ocrx_word' id='word_1_250' title='bbox 622 2322 903 2388; x_wconf 86' lang='grc' dir='ltr'>ἀντίλυτρον</span> <span class='ocrx_word' id='word_1_251' title='bbox 937 2323 985 2374; x_wconf 77' lang='grc' dir='ltr'>δὲ</span> <span class='ocrx_word' id='word_1_252' title='bbox 1023 2326 1106 2388; x_wconf 84' lang='grc' dir='ltr'>τῆς</span> <span class='ocrx_word' id='word_1_253' title='bbox 1145 2324 1368 2376; x_wconf 80' lang='grc' dir='ltr'>ἁπάντων</span> <span class='ocrx_word' id='word_1_254' title='bbox 1399 2326 1515 2392; x_wconf 73' lang='grc' dir='ltr'>ζωῆς</span> <span class='ocrx_word' id='word_1_255' title='bbox 1554 2326 1719 2378; x_wconf 78' lang='grc' dir='ltr'>ἑαυτὸν</span> 
     </span>
     <span class='ocr_line' id='line_1_28' title="bbox 129 2402 1761 2478; baseline 0.007 -31"><span class='ocrx_word' id='word_1_256' title='bbox 129 2402 196 2467; x_wconf 74' lang='grc' dir='ltr'>τῷ</span> <span class='ocrx_word' id='word_1_257' title='bbox 222 2403 388 2450; x_wconf 82' lang='grc' dir='ltr'>παθεῖν</span> <span class='ocrx_word' id='word_1_258' title='bbox 413 2403 813 2467; x_wconf 82' lang='grc' dir='ltr'>προσκεκομικώς·</span> <span class='ocrx_word' id='word_1_259' title='bbox 860 2405 1105 2472; x_wconf 86' lang='grc' dir='ltr'>ἐπειδήπερ</span> <span class='ocrx_word' id='word_1_260' title='bbox 1132 2411 1309 2476; x_wconf 67' lang='grc' dir='ltr'>ἀγαπᾷ</span> <span class='ocrx_word' id='word_1_261' title='bbox 1335 2407 1401 2459; x_wconf 65' lang='grc' dir='ltr'>τὶν</span> <span class='ocrx_word' id='word_1_262' title='bbox 1427 2407 1607 2478; x_wconf 67' lang='grc' dir='ltr'>Πατέρα</span> <span class='ocrx_word' id='word_1_263' title='bbox 1632 2408 1718 2473; x_wconf 79' lang='grc' dir='ltr'>τὴν</span> <span class='ocrx_word' id='word_1_264' title='bbox 1735 2418 1761 2459; x_wconf 89' lang='lat' dir='ltr'><strong>b</strong></span> 
     </span>
     <span class='ocr_line' id='line_1_29' title="bbox 129 2480 1718 2555; baseline 0.008 -26"><span class='ocrx_word' id='word_1_265' title='bbox 129 2485 213 2530; x_wconf 86' lang='grc' dir='ltr'>τοῦ</span> <span class='ocrx_word' id='word_1_266' title='bbox 251 2480 437 2545; x_wconf 85' lang='grc' dir='ltr'>κόσμου</span> <span class='ocrx_word' id='word_1_267' title='bbox 472 2483 750 2552; x_wconf 81' lang='grc' dir='ltr'>διψήσαντα</span> <span class='ocrx_word' id='word_1_268' title='bbox 788 2488 1045 2553; x_wconf 89' lang='grc' dir='ltr'>σωτηρίαν.</span> <span class='ocrx_word' id='word_1_269' title='bbox 1105 2495 1189 2539; x_wconf 83' lang='grc' dir='ltr'>τοῦ</span> <span class='ocrx_word' id='word_1_270' title='bbox 1230 2487 1280 2540; x_wconf 79' lang='grc' dir='ltr'>δὲ</span> <span class='ocrx_word' id='word_1_271' title='bbox 1318 2491 1597 2555; x_wconf 83' lang='grc' dir='ltr'>ἀγαπῶντος</span> <span class='ocrx_word' id='word_1_272' title='bbox 1635 2490 1718 2541; x_wconf 83' lang='grc' dir='ltr'>τὸν</span> 
     </span>
     <span class='ocr_line' id='line_1_30' title="bbox 131 2562 1717 2640; baseline 0.006 -29"><span class='ocrx_word' id='word_1_273' title='bbox 131 2562 338 2628; x_wconf 79' lang='grc' dir='ltr'>Πατέρα,</span> <span class='ocrx_word' id='word_1_274' title='bbox 377 2563 565 2618; x_wconf 89' lang='grc' dir='ltr'>πάντως</span> <span class='ocrx_word' id='word_1_275' title='bbox 604 2565 754 2629; x_wconf 88' lang='grc' dir='ltr'>δήπου</span> <span class='ocrx_word' id='word_1_276' title='bbox 792 2570 868 2618; x_wconf 83' lang='grc' dir='ltr'>καὶ</span> <span class='ocrx_word' id='word_1_277' title='bbox 907 2569 1045 2634; x_wconf 66' lang='grc' dir='ltr'>ἔργον</span> <span class='ocrx_word' id='word_1_278' title='bbox 1080 2568 1138 2633; x_wconf 80' lang='grc' dir='ltr'>ἧν</span> <span class='ocrx_word' id='word_1_279' title='bbox 1176 2570 1230 2620; x_wconf 83' lang='grc' dir='ltr'>τὸ</span> <span class='ocrx_word' id='word_1_280' title='bbox 1272 2573 1440 2621; x_wconf 82' lang='grc' dir='ltr'>δοκοῦν</span> <span class='ocrx_word' id='word_1_281' title='bbox 1478 2572 1603 2640; x_wconf 71' lang='grc' dir='ltr'>αὐτῷ</span> <span class='ocrx_word' id='word_1_282' title='bbox 1641 2573 1717 2622; x_wconf 81' lang='grc' dir='ltr'>καὶ</span> 
     </span>
     <span class='ocr_line' id='line_1_31' title="bbox 59 2644 1715 2718; baseline 0.007 -26"><span class='ocrx_word' id='word_1_283' title='bbox 59 2661 110 2697; x_wconf 83' lang='grc'>30</span> <span class='ocrx_word' id='word_1_284' title='bbox 129 2644 178 2693; x_wconf 89' lang='grc' dir='ltr'>ε’ν</span> <span class='ocrx_word' id='word_1_285' title='bbox 217 2648 313 2697; x_wconf 87' lang='grc' dir='ltr'>τοῖς</span> <span class='ocrx_word' id='word_1_286' title='bbox 358 2645 625 2710; x_wconf 84' lang='grc' dir='ltr'>ἀναγκαίοις</span> <span class='ocrx_word' id='word_1_287' title='bbox 670 2650 1028 2714; x_wconf 85' lang='grc' dir='ltr'>λελογισμένον,</span> <span class='ocrx_word' id='word_1_288' title='bbox 1069 2651 1134 2715; x_wconf 86' lang='grc' dir='ltr'>μὴ</span> <span class='ocrx_word' id='word_1_289' title='bbox 1175 2653 1284 2718; x_wconf 87' lang='grc' dir='ltr'>παρ’</span> <span class='ocrx_word' id='word_1_290' title='bbox 1326 2650 1459 2702; x_wconf 74' lang='grc' dir='ltr'>οὐδὲν</span> <span class='ocrx_word' id='word_1_291' title='bbox 1498 2653 1715 2717; x_wconf 84' lang='grc' dir='ltr'>ἡγεῖσθαι</span> 
     </span>
     <span class='ocr_line' id='line_1_32' title="bbox 126 2727 1708 2799; baseline 0.006 -24"><span class='ocrx_word' id='word_1_292' title='bbox 126 2729 331 2789; x_wconf 82' lang='grc' dir='ltr'>μᾶλλον,</span> <span class='ocrx_word' id='word_1_293' title='bbox 362 2727 473 2776; x_wconf 81' lang='grc' dir='ltr'>ἀλλ’</span> <span class='ocrx_word' id='word_1_294' title='bbox 501 2731 564 2781; x_wconf 78' lang='grc' dir='ltr'>εἰς</span> <span class='ocrx_word' id='word_1_295' title='bbox 597 2729 743 2794; x_wconf 86' lang='grc' dir='ltr'>πέρας</span> <span class='ocrx_word' id='word_1_296' title='bbox 776 2730 908 2795; x_wconf 79' lang='grc' dir='ltr'>ἄγειν</span> <span class='ocrx_word' id='word_1_297' title='bbox 939 2732 1222 2798; x_wconf 84' lang='grc' dir='ltr'>ἐπείγεσθαι.</span> <span class='ocrx_word' id='word_1_298' title='bbox 1273 2734 1322 2783; x_wconf 89' lang='grc' dir='ltr'>τί</span> <span class='ocrx_word' id='word_1_299' title='bbox 1356 2733 1405 2784; x_wconf 81' lang='grc' dir='ltr'>δὲ</span> <span class='ocrx_word' id='word_1_300' title='bbox 1444 2739 1582 2785; x_wconf 85' lang='grc' dir='ltr'>τοῦτο</span> <span class='ocrx_word' id='word_1_301' title='bbox 1620 2733 1677 2799; x_wconf 82' lang='grc' dir='ltr'>ἧν</span> <span class='ocrx_word' id='word_1_302' title='bbox 1695 2756 1708 2796; x_wconf 82' lang='lat'><em>3</em></span> 
     </span>
     <span class='ocr_line' id='line_1_33' title="bbox 176 2859 1711 2911; baseline 0.007 -20"><span class='ocrx_word' id='word_1_303' title='bbox 176 2869 206 2892; x_wconf 89' lang='lat'>1.</span> <span class='ocrx_word' id='word_1_304' title='bbox 234 2859 408 2904; x_wconf 81' lang='grc' dir='ltr'>ἐπείγοντο</span> <span class='ocrx_word' id='word_1_305' title='bbox 427 2860 467 2893; x_wconf 84' lang='grc' dir='ltr'>Ε.</span> <span class='ocrx_word' id='word_1_306' title='bbox 612 2862 644 2896; x_wconf 76' lang='lat'>8.</span> <span class='ocrx_word' id='word_1_307' title='bbox 671 2862 754 2907; x_wconf 76' lang='grc' dir='ltr'>ὑμᾶς</span> <span class='ocrx_word' id='word_1_308' title='bbox 773 2863 814 2898; x_wconf 86' lang='grc' dir='ltr'>Ε.</span> <span class='ocrx_word' id='word_1_309' title='bbox 836 2863 970 2909; x_wconf 59' lang='lat' dir='ltr'>Bligne.</span> <span class='ocrx_word' id='word_1_310' title='bbox 990 2864 1074 2908; x_wconf 77' lang='grc' dir='ltr'>ἡμᾶς</span> <span class='ocrx_word' id='word_1_311' title='bbox 1094 2865 1188 2899; x_wconf 84' lang='lat' dir='ltr'><strong>Aub.</strong></span> <span class='ocrx_word' id='word_1_312' title='bbox 1343 2879 1376 2910; x_wconf 80' lang='grc'>9.</span> <span class='ocrx_word' id='word_1_313' title='bbox 1403 2867 1472 2910; x_wconf 73' lang='grc' dir='ltr'>ἥκει</span> <span class='ocrx_word' id='word_1_314' title='bbox 1493 2867 1531 2901; x_wconf 84' lang='lat' dir='ltr'>E.</span> <span class='ocrx_word' id='word_1_315' title='bbox 1550 2868 1623 2911; x_wconf 77' lang='grc' dir='ltr'>ἥξει</span> <span class='ocrx_word' id='word_1_316' title='bbox 1645 2868 1711 2902; x_wconf 83' lang='lat' dir='ltr'>Ed.</span> 
     </span>
    </p>
   </div>
   <div class='ocr_carea' id='block_1_3' title="bbox 127 2905 1712 2997">
    <p class='ocr_par' dir='ltr' id='par_1_3' title="bbox 127 2905 1712 2997">
     <span class='ocr_line' id='line_1_34' title="bbox 128 2905 1712 2960; baseline 0.007 -22"><span class='ocrx_word' id='word_1_317' title='bbox 128 2915 183 2946; x_wconf 78' lang='lat'>14.</span> <span class='ocrx_word' id='word_1_318' title='bbox 208 2905 328 2949; x_wconf 78' lang='grc' dir='ltr'>γένοιτ’</span> <span class='ocrx_word' id='word_1_319' title='bbox 349 2906 390 2940; x_wconf 87' lang='grc' dir='ltr'>Ε.</span> <span class='ocrx_word' id='word_1_320' title='bbox 407 2906 539 2952; x_wconf 79' lang='grc' dir='ltr'>γένοιτο</span> <span class='ocrx_word' id='word_1_321' title='bbox 558 2907 623 2942; x_wconf 85' lang='lat' dir='ltr'>Ed.</span> <span class='ocrx_word' id='word_1_322' title='bbox 919 2922 970 2956; x_wconf 87' lang='lat'>15.</span> <span class='ocrx_word' id='word_1_323' title='bbox 997 2912 1162 2957; x_wconf 81' lang='grc' dir='ltr'>διαφανής</span> <span class='ocrx_word' id='word_1_324' title='bbox 1181 2912 1263 2947; x_wconf 83' lang='lat' dir='ltr'>E.F.</span> <span class='ocrx_word' id='word_1_325' title='bbox 1284 2913 1350 2948; x_wconf 87' lang='lat' dir='ltr'>Ed.</span> <span class='ocrx_word' id='word_1_326' title='bbox 1369 2926 1440 2959; x_wconf 82' lang='lat' dir='ltr'>mg.</span> <span class='ocrx_word' id='word_1_327' title='bbox 1461 2915 1622 2960; x_wconf 82' lang='grc' dir='ltr'>διαφανές</span> <span class='ocrx_word' id='word_1_328' title='bbox 1645 2915 1712 2949; x_wconf 82' lang='lat' dir='ltr'>Ed.</span> 
     </span>
     <span class='ocr_line' id='line_1_35' title="bbox 127 2953 590 2997; baseline 0.009 -13"><span class='ocrx_word' id='word_1_329' title='bbox 127 2960 182 2996; x_wconf 84' lang='lat'>27.</span> <span class='ocrx_word' id='word_1_330' title='bbox 209 2953 326 2986; x_wconf 80' lang='grc' dir='ltr'>παθεῖν</span> <span class='ocrx_word' id='word_1_331' title='bbox 349 2953 386 2987; x_wconf 83' lang='lat' dir='ltr'>E.</span> <span class='ocrx_word' id='word_1_332' title='bbox 404 2954 506 2997; x_wconf 78' lang='grc' dir='ltr'>πατρὶ</span> <span class='ocrx_word' id='word_1_333' title='bbox 524 2953 590 2989; x_wconf 86' lang='lat' dir='ltr'>Ed.</span> 
     </span>
    </p>
   </div>
   <div class='ocr_carea' id='block_1_4' title="bbox 182 3018 975 3066">
    <p class='ocr_par' dir='ltr' id='par_1_4' title="bbox 182 3018 975 3066">
     <span class='ocr_line' id='line_1_36' title="bbox 182 3018 975 3066; baseline 0.01 -22"><span class='ocrx_word' id='word_1_334' title='bbox 182 3018 274 3046; x_wconf 69' lang='lat' dir='ltr'><strong>YOL.</strong></span> <span class='ocrx_word' id='word_1_335' title='bbox 297 3020 345 3048; x_wconf 88' lang='lat'>11.</span> <span class='ocrx_word' id='word_1_336' title='bbox 903 3025 926 3066; x_wconf 77' lang='lat'>3</span> <span class='ocrx_word' id='word_1_337' title='bbox 951 3027 975 3052; x_wconf 76' lang='lat' dir='ltr'>Y</span> 
     </span>
    </p>
   </div>
  </div>
 </body>
</html>
