2011 3266
256 303 304 338 33

100 402 196 433 Rom.
216 414 246 434 x.

88 452 131 477 ¹2.

37 480 39 482 ,
100 490 209 530 Supra

99 543 168 564 ver.
183 544 237 573 30.

323 159 408 198 256
729 160 778 201 B.
814 160 1096 201 CYRILLI
1138 160 1522 201 ALEXANDR.
1696 175 1735 199 x.
1756 172 1911 215 33sqq.

372 289 476 347 Περὶ
516 293 646 331 καλοῦ
679 290 806 347 {prou
844 291 891 332 οὐ
931 292 1155 348 λιθάζομέν
1194 308 1253 343 σε,
1291 292 1403 332 ἀλλὰ
1441 291 1539 348 Περὶ
1577 290 1866 346 βλασφΗμίαε.

390 396 622 466 ’Έχοντες
649 407 676 430 “
694 400 848 467 ζῆλον
875 405 1015 462 Θεοῦ,
1043 402 1152 450 ἀλλ’
1183 401 1236 451 οὐ
1263 401 1363 451 κατ’
1386 400 1682 465 ἐπίγνωσιν,”
1709 396 1915 464 ἠγανάκ-

326 504 437 532 τουν
462 481 710 535 ἀκούοντες
747 487 830 532 τοῦ
857 486 1077 549 Χριστοῦ
1113 481 1335 548 λέγοντος
1363 490 1388 512 “
1409 482 1539 548 Ἐγὼ
1575 483 1649 532 καὶ
1687 482 1710 532 ὁ
1746 479 1915 546 Πατὴρ

327 569 354 591 “
380 563 428 613 ἕν
466 565 655 627 ἐσμεν.”
712 564 761 615 τί
796 563 890 629 γὰρ
930 563 983 615 τὸ
1024 564 1209 615 κωλύον
1249 564 1391 615 αὑτὸν
1429 562 1543 614 εἶναι
1584 563 1632 614 ἓν
1669 562 1788 629 πρὸς
1832 561 1915 613 τὸν

286 667 307 694 e
328 644 535 710 Πατέρα,
563 646 689 711 ε’ίπερ
715 647 1005 696 ἐπίστευσαν
1032 648 1102 696 ὅτι
1129 645 1247 699 Θεὸς
1280 645 1338 710 ἧν
1365 645 1483 697 κατὰ
1517 645 1697 713 φύσιν;
1742 644 1812 695 διὸ
1839 646 1912 695 καὶ
1935 659 1956 697 5

101 1281 189 1314 669
203 1279 253 1313 A.
281 1276 306 1312 b

157 1361 205 1397 34
223 1362 304 1398 sqq·

106 2524 213 2565 Supra

104 2579 171 2599 ver.
190 2579 242 2609 30.

325 727 530 791 λιθάζειν
565 727 706 778 αὐτὸν
741 729 1021 794 ἐπεχείρουν,
1055 731 1130 778 καὶ
1169 727 1547 794 ἀπολογούμενοι
1587 729 1640 778 δι’
1670 726 1727 791 ἢν
1763 726 1915 777 αἰτίαν

321 816 460 860 τοῦτο
498 810 701 872 ἐποίουν,
741 812 906 879 φασὶν,
948 810 1019 861 ὅτι
1058 812 1145 878 οὐχ
1184 811 1334 861 ἕνεκεν
1375 808 1440 860 ὧν
1478 811 1705 873 ἐποίησας
1748 812 1913 859 καλῶν

319 891 552 962 λιθαζομεν
593 916 656 953 σε,
694 897 804 943 αλλ’
843 892 913 943 ὅτι
952 895 1088 950 βλατ
1093 898 1274 961 φηαεῖς·
1324 894 1454 943 αὐτοὶ
1493 894 1541 943 ἐκ
1580 897 1663 942 τοῦ
1702 891 1910 942 ἐναντίου

323 978 749 1042 βλασφημοῦντες,
793 976 846 1025 δι’
889 973 952 1024 ὡν
992 974 1166 1038 ηθελον
1206 974 1412 1041 λιθάζειν
1451 973 1533 1025 τὸν
1572 974 1685 1025 ὄντα
1724 975 1915 1037 ἀληθῶς

326 1057 464 1118 Θεὸν,
486 1059 765 1122 ἀγνοοῦντες
793 1057 863 1107 ὅτι
890 1059 943 1107 οὐ
971 1062 1126 1125 γυμνῇ
1153 1062 1210 1126 τῇ
1239 1056 1422 1122 θεότητι
1451 1058 1649 1121 ε”μελλεν
1676 1058 1700 1106 ὁ
1728 1057 1914 1118 Ἰησοῦς

325 1139 577 1202 ἐπιδημεῖν,
618 1139 749 1189 ἀλλὰ
789 1139 1112 1204 σαρκούμενος
1151 1142 1201 1190 ἐκ
1239 1140 1514 1206 σπέρματος
1554 1140 1742 1201 Δαυεὶδ,
1781 1143 1911 1198 βλα-

324 1221 546 1289 σφημίαν
573 1219 688 1272 εἶναι
715 1221 935 1287 λε’γοντες
961 1221 1048 1286 τὴν
1076 1222 1221 1288 ὀρθὴν
1247 1223 1522 1287 ὁμολογίαν.

674 1348 793 1396 ἘΙ-ὼ
832 1345 931 1390 εἶπα
971 1349 1072 1390 Θεοί
1109 1350 1220 1401 ἐστε,
1256 1347 1323 1392 καὶ
1360 1346 1419 1393 τὰ
1455 1347 1561 1408 ἑξῆς.

396 1450 592 1516 Ἐπειδὴ
631 1453 788 1502 τοίνυν
827 1453 960 1506 θεούς
999 1476 1126 1506 τινας
1166 1452 1393 1503 ἐκάλεσεν
1429 1454 1452 1502 ὁ
1496 1452 1681 1519 Πατὴρ,
1713 1451 1826 1503 εἶναι
1865 1451 1914 1503 δὲ

325 1532 478 1598 δήπου
513 1535 669 1588 αὐτοῖς
705 1534 908 1585 ε’πακτὸν
943 1535 1126 1600 ἀνάγκη
1163 1535 1217 1585 τὸ
1253 1536 1452 1603 ἀξίωμα·
1495 1535 1557 1589 εἶς
1597 1535 1689 1602 γὰρ
1731 1537 1755 1586 ὁ
1795 1534 1915 1586 κατὰ

326 1617 478 1685 φύσιν
523 1616 750 1683 ὑπάρχων
793 1616 928 1671 Θεός·
990 1618 1267 1683 ἀναγκαίως,
1307 1618 1382 1668 ἵνα
1425 1617 1490 1682 μὴ
1537 1622 1611 1668 καὶ
1662 1616 1800 1671 αὐτὸς
1852 1617 1916 1672 εἷς

328 1699 554 1765 ὑπάρχειν
588 1701 772 1749 ἐκείνων
807 1700 1061 1766 νομίζηται,
1089 1701 1172 1750 οὐκ
1211 1699 1416 1763 οὐσιώδη
1455 1700 1541 1763 τὴν
1575 1703 1657 1763 τῆς
1697 1699 1916 1764 θεότητος

325 1782 642 1846 περικείμενος
688 1781 848 1850 δόξαν,
889 1782 1374 1847 προσπεπορισμένην
1414 1781 1463 1832 δὲ
1506 1787 1699 1845 μᾶλλον
1737 1785 1785 1833 ἐν
1824 1783 1916 1852 ἰ’σῳ

325 1869 422 1917 τοῖς
449 1863 632 1926 ἄλλοις,
652 1864 1033 1914 ἀντιδιαστέλλει
1061 1869 1233 1932 σαφῶς
1257 1863 1422 1915 ἑαυτὸν
1448 1866 1645 1919 ἐκείνοις.
1685 1870 1917 1916 τοσοῦτον

326 1944 419 2011 γὰρ
454 1948 536 2009 τῆς
571 1947 754 1996 ἐκείνων
784 1948 1018 2014 πτωχείας
1054 1947 1355 2014 διενηνοχότα
1388 1947 1600 2009 δεικνύει,
1632 1950 1693 2000 ὡς
1729 1948 1915 2012 ἐπείπερ

326 2029 521 2094 γέγονεν
575 2027 714 2082 αὐτὸς
764 2029 812 2078 ἐν
857 2030 1025 2090 αὐτοῖς,
1073 2028 1149 2080 διὰ
1200 2029 1375 2093 ταύτην
1418 2028 1584 2082 αὐτοῦς
1635 2029 1720 2092 τὴν
1765 2029 1916 2079 αἰτίαν

327 2113 591 2174 κεκλῆσθαι
631 2110 778 2165 θεούς·
824 2111 963 2164 αὐτὸς
1002 2110 1095 2177 γὰρ
1133 2113 1263 2162 ἐστὶν
1297 2113 1321 2161 ὁ
1358 2110 1515 2177 Λόγος
1553 2117 1636 2162 τοῦ
1677 2115 1802 2162 Θεοῦ
1840 2112 1916 2162 καὶ

329 2191 537 2257 Πατρός.
578 2196 615 2242 εἰ
643 2191 690 2242 δὲ
718 2194 793 2242 καὶ
820 2193 1052 2260 ἐξήρκεσε
1073 2217 1200 2243 τισιν
1226 2195 1273 2243 ἐν
1294 2194 1450 2246 αὐτοῖς
1477 2192 1682 2259 γεγονὼς
1710 2194 1735 2243 ὁ
1757 2192 1916 2258 Λόγος

328 2278 389 2327 εἷς
415 2273 469 2324 τὸ
497 2275 571 2324 καὶ
599 2274 875 2340 ἀνθρώπους
902 2274 1038 2328 ὄντας
1067 2279 1124 2342 τῇ
1158 2278 1240 2338 τῆς
1273 2275 1492 2338 θεότητος
1522 2275 1916 2342 καταλαμπρύναι

328 2359 453 2422 τιμῇ,
480 2360 581 2408 πῶς
609 2357 691 2406 οὐκ
719 2355 776 2405 ἂν
802 2356 869 2419 εἴη
895 2355 1014 2406 κατὰ
1042 2359 1191 2424 φύσιν
1213 2356 1335 2410 Θεὸς
1361 2359 1385 2407 ὁ
1413 2359 1488 2407 καὶ
1512 2362 1606 2410 τοῖς
1635 2357 1804 2411 ἄλλοις
1830 2356 1915 2422 τὴν

329 2439 402 2488 ἐπὶ
430 2437 579 2506 τούτῳ
605 2437 907 2506 προξενήσας
934 2438 1257 2506 φαιδρότητα,

1671 2526 1690 2535 Α

406 2523 510 2571 Νῦν
534 2521 747 2587 ἐλέγχων
772 2520 881 2573 τοὺς
906 2521 1172 2583 Ἰουδαίους,
1198 2521 1269 2571 ὅτι
1296 2522 1349 2572 οῦ
1376 2520 1452 2571 διὰ
1482 2519 1536 2571 τὸ
1569 2525 1713 2572 εἷπειν
1739 2530 1765 2552 “
1784 2522 1916 2588 Ἐγὼ

378 2647 410 2677 4.
436 2636 522 2679 πρὸς
538 2636 596 2669 τὸν
613 2635 750 2679 Πατέρα
769 2633 850 2670 εἶναι
869 2635 903 2669 ἒν
920 2636 978 2670 inx
982 2648 1059 2670 elso
1077 2636 1198 2670 mdine
1216 2649 1247 2671 a.
1370 2648 1421 2671 12.
1448 2637 1647 2683 ὁμολογίαν]
1670 2638 1916 2684 Sequebantur

329 2683 527 2727 φάσκοντος
552 2681 611 2716 οῦν
636 2683 702 2727 εγὼ
729 2698 781 2716 και
808 2682 893 2726 ὁ--ἢ
918 2698 1141 2726 πεποιημενος
1166 2696 1254 2728 quae
1279 2683 1322 2717 ad
1339 2684 1433 2717 Tbhe
1427 2696 1561 2717 alnum
1589 2697 1622 2728 p.
1640 2695 1705 2729 327
1727 2686 1913 2728 pertinent.

335 2740 420 2771 14—2
406 2728 457 2763 6.
489 2729 583 2762 llaec
601 2728 778 2772 Ἐπειδὴ-
787 2730 999 2775 φαιδρότητα
1017 2742 1173 2764 ‘lec-essm
1177 2736 1238 2764 unt
1257 2743 1297 2764 ex
1315 2732 1392 2764 a.c.l
1412 2731 1485 2775 (f.ol
1504 2742 1565 2773 192
1579 2732 1628 2769 v).
1642 2731 1747 2764 ('o.rd
1799 2732 1863 2765 Est
1881 2738 1914 2767 et

330 2775 365 2808 in
386 2776 414 2807 C
418 2788 433 2808 1
436 2787 551 2809 umero
570 2776 643 2809 sine
661 2776 1006 2810 nomine.1(›.
1031 2777 1175 2821 ὑπάρχει
1194 2789 1223 2810 c.
1244 2777 1350 2811 Cord.
1372 2777 1430 2811 Cr.
1497 2780 1582 2812 Θεος
1600 2778 1759 2822 ὑπάρχων
1776 2778 1913 2813 imerso

331 2822 451 2855 ordine
477 2823 499 2855 l.
565 2824 619 2855 καὶ
637 2834 706 2856 om.
725 2824 747 2857 l.
767 2822 826 2856 Cr.
892 2821 939 2858 εἷς
956 2835 1026 2856 om.
1045 2835 1074 2858 c.
1094 2823 1201 2857 COrd.
1366 2833 1418 2868 17.
1447 2824 1578 2858 εκείνων
1595 2825 1758 2869 ὑπαρχειν
1775 2825 1913 2859 inv'elso

331 2868 451 2901 ordine
470 2869 526 2902 c.l.
548 2868 654 2903 Cord.
676 2869 734 2903 Cr.
799 2870 965 2912 νομίζεται
984 2882 1013 2903 c.
1079 2885 1138 2903 ουκ
1156 2882 1226 2904 orn.
1248 2870 1326 2915 (sle)
1347 2871 1401 2904 c.l.
1423 2870 1482 2904 Cr.
1607 2881 1661 2904 20.
1688 2871 1912 2905 κατιιδεικνύει

329 2914 385 2947 c.1.
407 2915 511 2948 Cord.
533 2915 591 2949 Cr.
702 2927 757 2958 24.
784 2915 1128 2961 καταλαμπρύνεσθαι
1146 2918 1168 2951 l.
1189 2916 1248 2952 Cr.
1362 2916 1418 2951 26.
1444 2919 1544 2951 τοῦτο
1562 2928 1592 2951 c.
1666 2917 1750 2952 Post
1767 2918 1911 2963 φαιδρό-

328 2974 421 3003 τητα,
443 2962 554 3006 pergit
570 2964 628 2996 νῦν
645 2961 703 2997 οὖν
720 2961 874 3008 ἐλέγχων
891 2963 965 2997 sine
983 2975 1093 3008 pausa
1111 2975 1140 2998 a.

1939 1079 1986 1104 10

1937 1969 1986 1995 20
