2001 3231
262 105 316 144 70
662 107 712 148 Β.
745 107 1024 150 CYRILLI
1065 110 1446 152 ALEXANDR.
1679 112 1764 153 viii.
1784 113 1852 168 36.

262 212 470 264 δείκνυσι
529 214 612 266 τὸν
662 215 894 283 μακάριον
944 218 1187 285 Ἀβραάμ·
1263 219 1564 285 τετελεύτηκε
1621 220 1713 287 γὰρ
1777 223 1853 272 καὶ

259 295 465 360 μετέστη
504 296 682 363 τρόπον
719 298 824 350 τινὰ
863 303 946 364 τῆς
984 301 1129 354 οἰκίας
1168 304 1252 364 τῆς
1290 304 1586 366 δεσποτικῆς,
1621 302 1852 365 τουτέστι,

259 379 395 428 τοῦδε
450 385 534 429 τοῦ
590 379 791 443 κόσμου·
858 381 1109 447 ἀναλόγως
1171 382 1219 433 δὲ
1275 385 1485 434 ἐντεῦθεν
1542 388 1618 435 καὶ
1680 388 1854 435 δοῦλον

260 458 403 509 αὐτὸν
460 465 670 512 νοεῖσθαι
725 461 952 523 βούλεται
1007 464 1095 530 οὐχ
1159 467 1328 518 ἱκανῶς
1387 465 1556 531 ἔχοντα
1616 464 1736 531 πρὸς
1797 463 1852 516 τὸ

260 540 494 593 δύνασθαι
520 546 595 593 καὶ
623 544 792 609 ἑτέροις
818 543 905 608 τὴν
930 546 1198 611 ἐλευθερίαν
1224 546 1516 613 χαρίζεσθαι·
1558 546 1653 598 ἀπὸ
1688 545 1735 598 δὲ
1769 553 1851 598 τοῦ
1872 560 1894 598 5

259 623 411 686 με’νειν
451 630 509 679 εἰς
547 623 613 676 τὶν
653 624 791 677 αἰῶνα
829 624 912 676 τὸν
939 625 1069 689 Υὶὸν,
1094 626 1260 679 ἑαυτὸν
1298 629 1387 692 ἤδη
1426 633 1599 696 σαφῶς
1639 629 1764 680 Θεὸν
1802 631 1852 680 ἐκ

261 708 386 757 Θεοῦ
423 705 542 757 κατὰ
577 706 728 774 φύσιν
760 705 881 759 εἶναί
917 713 1083 776 φησιν,
1111 708 1148 779 ᾧ
1188 710 1245 774 δὴ
1283 710 1473 763 πάντως
1512 711 1669 762 ἕποιτο
1707 710 1766 762 ἂν
1796 712 1851 763 τὸ

260 784 374 837 εἶναι
399 788 608 848 βασιλέα
635 791 709 840 καὶ
739 789 932 856 Κύριον.
983 793 1057 842 καὶ
1083 793 1131 842 τί
1148 791 1202 842 τὸ
1229 794 1279 842 ἐκ
1306 795 1388 856 τῆς
1416 793 1585 858 ἀρτίως
1612 793 1852 859 εἰρημένης

214 869 370 933 ἆήμῖν
414 873 644 938 διαφορᾶς
694 872 1098 936 οἰκονομούμενον,
1144 875 1193 924 ἐν
1236 879 1302 944 τῷ
1354 875 1527 939 γείτονι
1572 876 1649 925 καὶ
1693 877 1741 926 ἐν
1785 880 1852 945 τῷ

259 952 432 1021 ἐφεξῆς
468 953 754 1024 προκειμένῳ
793 954 1094 1022 δειχθήσεται
1133 961 1320 1026 σαφῶς.
1874 972 1922 998 10

189 1075 239 1123 36
342 1078 449 1120 Ἐὰν
488 1080 510 1122 ὁ
546 1078 646 1122 Υἱὸς
685 1081 794 1129 ὑμᾶς
831 1082 1119 1141 ἑλευθερώοῌ,
1159 1084 1298 1126 ὄντως
1336 1084 1558 1141 ἐλεύθεροι
1595 1085 1759 1126 ἔσεσθε.

334 1176 500 1245 Μόνῳ,
547 1180 686 1245 φησὶ,
731 1183 797 1248 τῷ
842 1179 962 1230 κατὰ
1008 1179 1159 1247 φύσιν
1201 1184 1302 1250 Υὶῴ
1348 1184 1413 1249 τῷ
1458 1181 1578 1232 κατὰ
1623 1181 1850 1245 ἀλήθειαν

256 1259 484 1328 ἐλευθέρῳ
527 1261 602 1310 καὶ
648 1262 862 1315 δουλείας
908 1260 1101 1325 ἁπάσης
1151 1262 1420 1331 ἐξῃρημένα)
1472 1261 1525 1313 τὸ
1576 1265 1849 1329 ἐλευθεροῦν

256 1340 488 1392 δύνασθαι
546 1342 733 1408 προσὸν
787 1344 1066 1408 εὑρίσκεται,
1129 1345 1269 1413 ἑτέρῳ
1328 1344 1376 1395 δὲ
1431 1344 1543 1411 παρ’
1600 1345 1743 1396 αὐτὸν
1793 1345 1848 1396 τὸ

254 1422 482 1488 παράπαν
527 1424 692 1474 οὐδενί.
768 1424 912 1490 ὅνπερ
963 1424 1057 1491 γὰρ
1107 1425 1286 1491 τρόπον
1337 1428 1524 1493 ἐπείπερ
1575 1428 1679 1478 ἐστὶ
1728 1426 1847 1478 κατὰ
1872 1448 1919 1487 15

214 1518 236 1544 θ
257 1504 407 1572 φύσιν
432 1508 507 1556 καὶ
535 1507 688 1575 σοφία
715 1509 789 1557 καὶ
818 1512 920 1575 φῶς
947 1509 1022 1557 καὶ
1050 1508 1257 1570 δύναμις,
1285 1512 1439 1576 σοφοῖ
1466 1508 1551 1572 μὲν
1577 1508 1636 1558 τὰ
1668 1510 1847 1577 σοφίας

255 1587 453 1650 δεκτικὰ,
496 1588 683 1657 φωτίζει
730 1588 777 1639 δὲ
821 1588 880 1639 τὰ
926 1588 1083 1657 φωτὸς
1131 1590 1392 1653 δεδεημένα,
1432 1593 1508 1641 καὶ
1553 1594 1754 1653 δυναμοῖ
1789 1590 1849 1641 τὰ

254 1668 493 1732 δυνάμεως
531 1670 781 1738 χρῄζοντα·
826 1673 973 1725 οὕτως
1011 1673 1199 1738 ἐπείπερ
1239 1673 1342 1722 ἐστὶ
1371 1671 1492 1726 Θεὸς
1528 1674 1577 1723 ἐκ
1604 1677 1744 1735 Θεοῦ,
1771 1674 1848 1723 καὶ

251 1753 335 1814 τῆς
363 1750 586 1803 ἁπάντων
608 1753 968 1817 βασιλευούσης
994 1754 1159 1806 οὐσίας
1187 1752 1384 1819 γνήσιός
1413 1777 1462 1804 τε
1496 1757 1571 1805 καὶ
1606 1755 1848 1820 ἐλεύθερος

252 1832 444 1899 καρπὸς,
486 1834 656 1901 οἷσπερ
695 1834 753 1886 ἂν
791 1835 1018 1899 ἐθελήσαι
1057 1841 1258 1903 χορηγεῖ
1291 1836 1376 1899 τὴν
1414 1838 1695 1902 ἐλευθερίαν.
1751 1835 1846 1888 ἀπὸ
1866 1862 1917 1888 20

249 1915 334 1977 μὲν
361 1917 442 1966 οῦν
468 1922 552 1968 τοῦ
591 1918 710 1968 κατὰ
750 1917 900 1986 φύσιν
926 1919 1008 1968 οὑκ
1048 1918 1238 1985 ἔχοντος
1275 1916 1421 1982 αὐτὴν
1453 1919 1536 1968 οὐκ
1573 1918 1630 1968 ἂν
1662 1918 1846 1984 γένοιτό

248 2020 317 2051 τις
367 1999 613 2065 ἐλεύθερος
664 2002 872 2063 ἀληθῶς·
949 1999 1062 2050 ὅταν
1107 1997 1154 2050 δὲ
1200 1999 1340 2053 αὐτὸς
1384 2006 1402 2051 ὁ
1450 2001 1548 2055 Ύὶὶς
1599 1999 1846 2070 ἐλευθεροῦν

248 2080 457 2148 ἐθελήσῃ
491 2081 635 2144 τινας,
661 2082 715 2132 τὸ
747 2082 864 2132 ’ίδιον
891 2082 1033 2132 αὐτοῦ
1062 2083 1252 2135 ἐντιθεὶς
1278 2081 1473 2147 ἀγαθὸν,
1500 2088 1845 2148 χρηματιοῦσιν

26 2165 111 2200 543
128 2164 178 2200 Α·
208 2162 375 2217 ῑῑῖντως
413 2162 614 2232 ἐλεύθεροι
648 2163 777 2230 παρὰ
816 2169 899 2214 τοῦ
938 2162 1024 2227 τὴν
1057 2164 1279 2232 ἐξουσίαν
1307 2164 1497 2230 ἔχοντος
1535 2163 1844 2227 κομισάμενοι

247 2242 301 2294 τὸ
341 2244 541 2312 ἀξίωμα,
580 2247 655 2295 καὶ
696 2246 799 2311 οὐχὶ
837 2243 968 2310 παρά
1006 2267 1130 2298 τινος
1168 2249 1263 2294 τῶν
1301 2246 1411 2310 παρ’
1447 2245 1603 2311 ἑτέρου
1642 2249 1842 2296 δεδανει-
1864 2270 1912 2309 ²5

247 2324 437 2387 σμένων
463 2327 538 2376 καὶ
565 2327 758 2380 ὀθνείοις
783 2325 947 2391 ὥσπερ
974 2325 1411 2392 λελαμπρυσμένου
1438 2327 1756 2393 χαρίσμασιν.

321 2408 698 2473 Ἀναγκαιοτάτη
742 2413 994 2473 τοιγαροῦν
1038 2407 1066 2470 ἡ
1111 2409 1159 2458 ἐν
1199 2412 1297 2460 τοῖς
1341 2413 1680 2473 προλαβοῦσιν
1725 2408 1838 2477 ἐξή-

246 2511 405 2555 γησις,
444 2492 520 2540 καὶ
560 2488 688 2540 πολὺ
729 2488 783 2540 τὸ
831 2488 1071 2556 χρήσιμον
1108 2487 1163 2539 τὸ
1207 2490 1257 2539 ἐκ
1296 2492 1380 2552 τῆς
1418 2490 1569 2540 ἐκεῖσε
1611 2493 1842 2558 διαφορᾶς

246 2573 468 2622 ἀνατελεῖ
499 2576 596 2624 τοῖς
634 2571 981 2638 ἐκμαθέστερον
1004 2571 1178 2623 ἐπαΐειν
1206 2571 1573 2624 ἐσπουδακόσιν.
1625 2573 1713 2624 ἔδει
1748 2573 1841 2641 γὰρ

292 2689 325 2722 3.
352 2679 388 2712 δὲ
407 2685 631 2724 assumptum
649 2691 689 2713 ex
709 2691 772 2713 a.c.
793 2678 899 2713 Cord.
1119 2693 1152 2723 4.
1181 2681 1378 2726 Assumpta
1395 2682 1497 2715 αὐτὸν
1515 2692 1556 2714 ex
1576 2692 1605 2714 a.
1626 2680 1703 2715 Cat.
1725 2680 1840 2721 Harl„

245 2726 331 2767 πρὸς
348 2736 390 2757 ex
409 2737 471 2760 a.c.
493 2725 601 2759 Cord.
747 2726 779 2760 6.
803 2725 907 2771 Θεὸν]
928 2727 988 2760 τὸν
1005 2727 1077 2760 υἱὸν
1095 2738 1125 2761 a.
1272 2739 1324 2762 10.
1352 2726 1578 2772 προκειμένῳ]
1603 2731 1640 2767 -Ι-
1661 2727 1751 2772 ῥητῷ
1772 2727 1839 2761 Ed.

249 2781 302 2815 13.
329 2770 538 2817 ἐξῃρημένῳ]
559 2772 812 2817 ἀπηλλαγμένῳ
829 2784 860 2807 a.
982 2784 1038 2807 20.
1064 2772 1226 2816 ἐθελήσαι
1248 2773 1289 2807 Β.
1310 2774 1458 2817 ἐθελήσῃ
1481 2774 1599 2808 Holst.
1620 2773 1686 2807 Ed.
1706 2773 1838 2817 θελήσῃ

245 2828 275 2850 a.
326 2816 451 2850 Statim
467 2820 628 2863 χορηγεῖν
648 2819 689 2852 Β.
708 2819 818 2853 invito
836 2830 867 2852 a.
1013 2830 1069 2853 21.
1096 2819 1154 2854 οὖν
1173 2824 1399 2865 assumptum
1418 2832 1458 2854 ex
1477 2832 1508 2854 a.
1653 2830 1708 2864 23.
1736 2820 1839 2854 αὐτοῦ

245 2874 274 2897 a.
293 2862 407 2897 αὐτοῖς
427 2863 491 2897 Ed.
656 2864 710 2898 26.
738 2865 1051 2908 λελαμπρυσμένου
1069 2878 1099 2900 a.
1119 2873 1152 2900 et
1169 2867 1216 2900 ita
1234 2867 1380 2912 conjecit
1401 2867 1532 2911 Heyse.
1551 2866 1839 2910 λαμπρὺσμέννοῦ

246 2908 289 2943 Β.
307 2910 464 2953 λαμπρὸς
481 2912 550 2945 τοῖς
571 2910 632 2944 Ht.
653 2913 812 2956 λαμπροῦ
831 2913 901 2947 τοῖς
919 2912 1014 2946 Aub.
