2037 3266
325 134 406 173 716
728 135 775 173 Β,
811 134 1088 174 CYRILLI
1133 134 1511 174 ALEXANDR.
1634 131 1733 173 xvii.
1756 131 1818 181 16=
1843 140 1905 182 17.

100 243 190 273 Hiub

100 288 202 317 “xm
230 288 249 317 6
324 244 612 309 φαινώμεθα,
640 246 721 294 οὐκ
754 245 1025 309 ἀρνούμενοι
1052 245 1136 308 τὴν
1164 246 1211 294 ἐν
1237 244 1402 313 κόσμῳ
1429 244 1625 309 γένεσιν·
1674 244 1725 294 ἐκ
1750 248 1908 307 πηλοῦ

278 336 301 375 d
323 323 415 390 γὰρ
453 330 495 376 οἱ
533 325 703 379 πάντες
747 328 823 376 καὶ
861 328 910 377 ἐκ
954 329 1040 392 γῆς
1086 327 1405 392 διηρτίσμεθα,
1445 325 1562 377 κατὰ
1601 324 1655 376 τὸ
1700 348 1906 391 γοεγραμκ

322 407 478 470 με’νον·
527 411 584 476 τῇ
624 406 674 458 δὲ
712 412 805 459 τῶν
832 408 984 474 ε”ργων
1009 408 1241 472 ποιότητι,
1271 411 1354 472 τῆς
1392 412 1486 459 τῶν
1512 409 1560 458 ἐν
1587 407 1753 477 κόσμῳ
1791 407 1908 474 ζωῆς

322 489 756 555 παραλλάττοντες.
824 496 1187 557 περιπατοῦντες
1236 490 1330 557 γὰρ
1380 492 1454 542 ἐπὶ
1503 493 1590 556 γῆς
1633 492 1682 541 ἐν
1727 491 1909 558 οὐρανῷ

323 571 649 623 πολιτεύονται
675 575 758 636 τῆς
784 574 831 623 ἐν
858 575 1059 641 Χριστῷ
1084 573 1392 640 συμμορφίας
1418 576 1460 623 οἱ
1486 573 1698 638 ἐρασταί.
1928 590 1950 627 5

398 654 688 718 Σημειωτεόν
721 654 768 705 δὲ
801 653 963 716 πάλιν,
991 653 1062 704 ὅτι
1092 653 1148 718 δὴ
1181 652 1375 722 σφόδρα
1408 654 1654 722 χρησίμως
1694 653 1832 720 ἅγιον
1858 655 1907 704 ἐν

321 735 502 790 τούτοις
534 737 769 787 ἀποκαλεῖ
794 735 876 787 τὸν
906 735 1111 801 Πατέρα,
1143 738 1392 803 μονονουχὶ
1423 738 1499 787 καὶ
1535 735 1906 800 ὑπομιμνήσκων

322 817 476 880 αὐτὸν,
505 816 575 868 ὅτι
600 840 690 884 περ
716 815 847 883 ἅγιος
876 816 941 868 ὧν
971 822 1067 872 τοῖς
1102 818 1249 881 ἁγίοις
1276 817 1512 886 ἐφήδεται.
1562 817 1695 884 ἅγιον
1728 818 1776 869 δὲ
1811 823 1907 870 πᾶν

322 899 436 966 ὅπερ
488 898 544 949 ἂν
587 900 802 968 φαίνοιτο
845 902 928 963 τῆς
974 901 1022 950 ἐν
1063 900 1231 969 κόσμῳ
1281 903 1472 964 κηλῖδος
1517 900 1906 966 ἀπηλλαγμένον,

322 982 437 1048 ὅπερ
488 983 590 1032 ἐστὶ
640 985 855 1049 φυσικῶς
905 980 991 1045 μὲν
1035 983 1082 1032 ε”ν
1122 985 1324 1052 Χριστῷ
1373 983 1479 1033 καθ’
1527 982 1779 1047 ὁμοιότητα
1822 988 1906 1034 τοῦ
1933 1005 1978 1030 10

323 1063 527 1129 Πατρὸς,
571 1062 842 1128 εἰσποιητὸν
893 1063 941 1114 δὲ
994 1065 1070 1114 καὶ
1117 1064 1459 1131 εἶσκεκριμένον
1509 1066 1557 1115 ἐν
1607 1070 1702 1118 τοῖς
1755 1065 1906 1130 ἁγίοις

320 1149 563 1209 μαθηταῖς,
591 1145 667 1196 διά
705 1168 753 1196 τε
790 1151 872 1196 τοῦ
909 1145 1028 1197 κατὰ
1060 1145 1199 1214 χάριν
1230 1148 1472 1212 ἁγιασμοῦ
1504 1149 1579 1198 καὶ
1615 1150 1698 1211 τῆς
1735 1149 1784 1198 ἐν
1815 1148 1906 1216 βίῳ

322 1225 636 1295 φαιδρότητος
665 1229 739 1278 καὶ
775 1228 1026 1281 ἐπιεικείας·
1080 1228 1339 1280 πλάττοιτο
1374 1228 1467 1295 γὰρ
1502 1228 1559 1280 ἂν
1595 1227 1712 1296 πρὸς
1753 1227 1908 1280 εἰκόνα

321 1332 390 1363 τις
417 1310 537 1360 οὕτω
564 1309 649 1373 τὴν
676 1309 803 1361 θείαν
830 1312 904 1361 καὶ
933 1308 1263 1376 ὑπερκόσμιον.

963 1447 991 1470 Ι.
1018 1435 1207 1481 ἀρνούμεθα
1227 1437 1269 1471 E.
