2001 3261
292 116 373 157 168
691 119 742 162 B.
775 119 1054 162 CYRILLI
1095 121 1474 163 ALEXANDR.
1731 121 1873 163 ix.16.

307 291 458 334 Ἄλλοι
495 292 540 335 δὲ
576 292 725 342 ἕλει-ον
761 294 862 336 Πῶς
899 294 1075 337 δύναται
1113 296 1344 353 ἄνθρωπος
1381 295 1643 354 ἁμαρτωλὸς
1679 298 1857 338 τοιαῦτα

570 375 724 427 σΗμεῖα
763 376 928 430 ποιεῖν;
979 379 1048 420 καὶ
1085 378 1236 435 σχίσμα
1274 377 1324 421 ἦν
1361 380 1407 422 ἐν
1445 377 1604 421 αὐτοῖς.

366 484 551 552 Σμικρά
590 485 676 549 μὲν
718 486 783 537 ε”τι
825 488 900 537 καὶ
945 487 1073 537 οὗτοι
1118 492 1380 556 φρονοῦσιν
1424 490 1486 541 ὡς
1529 489 1598 539 ἐπ’
1641 487 1875 557 ἀνθρώπῳ

291 569 426 636 ψιλῷ
453 574 711 622 λαλοῦντες
744 570 819 619 καὶ
854 568 1159 634 λογιζόμενοι,
1185 568 1316 633 πλὴν
1344 570 1538 623 ἁλόντες
1572 573 1637 639 τῷ
1671 569 1874 632 θαύματι

290 652 492 718 Χριστῷ
517 648 571 700 τὸ
604 654 735 700 νικᾶν
760 648 788 714 ἦ
825 648 955 719 νόμῷ
981 650 1262 718 χαρίζονται,
1291 654 1365 702 καὶ
1397 651 1483 716 τὴν
1509 651 1602 703 ἀπὸ
1634 654 1717 715 τῆς
1751 651 1873 705 θείας
1893 666 1916 706 5

290 732 547 797 θεοσημίας
598 732 818 800 ἐπίδειξιν
862 734 946 795 τῆς
997 732 1117 783 κατὰ
1167 732 1222 784 τὸ
1273 734 1527 795 σάββατον
1571 734 1735 799 ἀργίας
1784 734 1873 798 ἤδη

288 813 504 876 τιθέντες,
544 815 592 865 ἐν
631 813 875 878 ἀμείνοσιν
915 815 1045 880 ὀρθοὶ
1090 816 1338 884 φαίνονται
1383 816 1614 868 δικασταί.
1680 814 1734 866 τὸ
1780 814 1873 882 γὰρ

290 894 413 949 ὅλως
451 902 534 947 τοῦ
573 901 872 960 πλημμελεῖν
910 897 1178 965 ὑπεξάγειν,
1216 900 1291 949 καὶ
1329 899 1559 965 ἁμαρτίας
1597 898 1688 967 ἔξω
1726 902 1874 949 ποιεῖν

249 995 271 1022 θ
289 977 372 1028 τὸν
398 978 468 1028 ὅτι
495 978 728 1044 προσήκοι
755 981 830 1029 καὶ
858 980 906 1029 ἐν
932 979 1171 1049 σαββάτῳ
1197 1004 1240 1031 τι
1268 984 1383 1047 δρᾶν
1408 982 1462 1032 οὐ
1487 979 1871 1046 παραιτούμενον,

287 1063 389 1113 πῶς
427 1061 481 1110 οὐ
519 1061 714 1128 σφόδρα
752 1065 849 1114 τοῖς
888 1062 962 1112 ἐπὶ
997 1065 1064 1131 τῷ
1099 1063 1338 1132 σαββάτῳ
1373 1063 1694 1130 διωρισμένως
1733 1064 1872 1113 ἀνθο-

286 1141 528 1208 πλίζεται;
586 1146 808 1211 λογισμῷ
848 1142 897 1193 δὲ
936 1145 997 1196 ὡς
1037 1143 1156 1197 εἰκὸς
1194 1146 1448 1215 ἀναγκαίῳ,
1482 1147 1556 1195 καὶ
1594 1144 1786 1208 πολλὴν
1824 1146 1873 1195 ἐν

286 1224 435 1294 ἑαυτῷ
474 1223 560 1289 τὴν
598 1224 796 1275 σύνεσιν
834 1224 1002 1292 ἔχοντι,
1028 1224 1148 1292 πρὸς
1186 1225 1240 1277 τὸ
1279 1228 1399 1278 οὕτω
1439 1229 1699 1278 διακεῖσθαι
1737 1227 1872 1287 βαδί-

287 1304 439 1371 ζοντες
477 1305 536 1357 τὰ
573 1307 765 1358 τοιαῦτά
804 1311 942 1376 φασι.
1006 1308 1251 1375 πρόδηλον
1288 1308 1374 1372 μὲν
1413 1308 1505 1376 γὰρ
1544 1311 1620 1360 καὶ
1662 1310 1870 1377 ἀναμφι-

286 1387 445 1454 λόγως
496 1389 899 1455 ὃμολογούμενον,
948 1389 1019 1440 ὅτι
1065 1395 1161 1445 τοῖς
1207 1390 1290 1441 τὸν
1335 1395 1458 1442 θεῖον
1501 1390 1872 1457 παραβλέπουσι

287 1469 444 1533 νόμον,
470 1473 544 1521 καὶ
579 1472 688 1538 παρ’
717 1471 849 1522 οὐδὲν
881 1471 1134 1536 τιθεμένοις
1173 1472 1232 1523 τὰ
1267 1472 1342 1524 διὰ
1376 1476 1460 1537 τῆς
1495 1473 1673 1524 ἄνωθεν
1699 1473 1872 1542 ψήφου

286 1552 585 1619 διωρισμένα,
608 1554 691 1604 οὐκ
718 1553 776 1604 ἂν
801 1555 979 1619 ἐπιδοίη
1008 1554 1130 1609 Θεὸς
1154 1553 1209 1606 τὸ
1236 1555 1472 1606 δύνασθαί
1493 1578 1536 1606 τι
1563 1556 1752 1606 πώποτε
1778 1559 1873 1606 τῶν

287 1634 597 1703 ἀξιαγάστων
625 1637 869 1687 ἐπιτελεῖν.
925 1637 1052 1699 ἀλλ’,
1080 1639 1142 1691 ὡς
1166 1636 1383 1688 Ἰουδαῖοι
1421 1637 1676 1704 νομίζουσι,
1704 1637 1871 1688 δέδωκε

63 1729 144 1764 610
159 1728 213 1762 A·
247 1723 425 1768 arofiro
463 1721 681 1787 Χριστῷ,
725 1718 875 1768 καίτοι
915 1717 998 1769 τὸν
1036 1721 1110 1770 ἐπὶ
1154 1721 1221 1788 τῷ
1259 1719 1496 1789 σαββάτῳ
1536 1719 1680 1783 νόμον
1717 1717 1871 1783 λυπή-

62 2055 223 2087 S.Matth.

61 2099 119 2130 xii.
134 2109 163 2141 5.

287 1822 442 1852 σαντι.
511 1801 594 1851 οὐκ
636 1800 727 1867 ἄρα
777 1799 831 1851 τὸ
883 1802 931 1852 ἐν
970 1801 1207 1872 σαββάτῳ
1251 1826 1296 1854 τι
1341 1806 1455 1868 δρᾶν
1499 1804 1711 1869 κρατύνει
1751 1802 1871 1870 πρὸς

287 1884 533 1949 ἁμαρτίαν,
562 1883 674 1932 ἀλλ’
704 1882 809 1933 οὐδὲ
835 1884 1002 1949 ἀργίας
1035 1887 1117 1948 τῆς
1142 1887 1190 1935 ἐν
1217 1886 1342 1954 αὐτῷ
1374 1884 1501 1936 πολὺ
1536 1885 1593 1950 δὴ
1629 1886 1870 1952 κρείττονα

286 1964 373 2029 τὴν
398 1964 468 2016 ἐπ’
497 1967 692 2031 ἀγαθοῖς
726 1965 955 2030 ἐργασίαν
986 1965 1272 2034 [ἀμφιβάλοι
1305 1990 1373 2021 τις
1405 1967 1494 2026 ἄν].
1552 1970 1628 2018 καὶ
1662 1973 1777 2033 γοῦν
1808 1969 1871 2022 ὡς

286 2046 424 2100 αὐτός
468 2070 560 2098 που
603 2046 752 2098 πάλιν
790 2048 943 2113 φησὶν
981 2049 1006 2098 ὁ
1047 2048 1227 2114 Σωτὴρ,
1268 2051 1483 2116 ἱερᾶσθαι
1527 2055 1623 2103 τοῖς
1668 2051 1870 2105 λευίταις

285 2130 462 2196 ἐφεῖται
488 2128 606 2179 κατὰ
631 2128 685 2179 τὸ
711 2128 978 2192 σάββατον,
1003 2131 1077 2180 καὶ
1104 2130 1298 2197 ἀζήμιον
1323 2131 1484 2198 ε”χουσι
1509 2131 1594 2193 τὴν
1620 2133 1692 2183 ἐπὶ
1719 2132 1869 2203 τούτῷ

284 2209 514 2274 σπουδὴν,
552 2215 746 2274 μᾶλλον
784 2210 832 2260 δὲ
873 2210 958 2275 τὴν
997 2213 1168 2277 ἀργίαν
1206 2214 1288 2264 οὐκ
1333 2213 1538 2279 ἀζήμιον.
1603 2213 1868 2266 αἰτιάσαιτο

330 2373 363 2407 3.
387 2361 489 2406 μικρὰ
507 2372 537 2395 a.
731 2373 765 2403 4.
790 2362 975 2397 λαλοῦντες
992 2376 1045 2395 και
1062 2361 1293 2408 λογιζόμενοι]
1314 2363 1520 2408 φρονοῦντες
1537 2364 1642 2397 ταῦτα
1659 2378 1712 2397 και
1730 2366 1869 2410 λογιζό-

282 2423 375 2451 μενοι
392 2420 423 2443 a.
510 2407 651 2443 ἁλόντες
675 2409 730 2466 τῷ
745 2407 973 2460 [αλλοντεςτω
993 2408 1081 2442 Cod.
1086 2407 1102 2454 ]
1123 2409 1211 2453 θαύμ
1214 2411 1367 2443 ατι-καὶ
1386 2409 1527 2443 exhibet
1546 2409 1625 2455 Hey
1629 2422 1664 2443 se
1682 2422 1723 2444 ex
1744 2411 1785 2444 Β.
1805 2411 1868 2446 ἁλ-

282 2457 408 2490 λῶντες
425 2457 470 2500 τῷ
489 2454 647 2488 exhibuit
664 2460 697 2488 et
715 2453 733 2497 ἢ
752 2455 870 2487 omisit
892 2454 1008 2490 Holst.
1059 2455 1225 2489 Lacuna
1219 2467 1254 2489 m
1274 2456 1341 2490 Ed.
1393 2456 1556 2493 Quorum
1574 2423 1762 2491 veyrborum
1780 2458 1867 2492 nihil

281 2501 386 2536 habet
412 2514 456 2541 a„
475 2501 535 2546 qui
560 2501 759 2546 transponlt
785 2506 818 2534 et
844 2501 891 2534 ita
917 2501 995 2535 dat:
1022 2502 1120 2560 ε’πλὴν
1135 2502 1231 2547 ὀρθοὶ
1255 2502 1434 2547 φαίνονται
1458 2503 1616 2537 δικασται
1638 2503 1697 2546 τὴν
1716 2504 1784 2538 ἀπο
1809 2506 1867 2548 τῆς·

281 2548 465 2592 θεοσημίας
482 2548 545 2583 &c.
704 2558 716 2581 1
728 2558 756 2581 1.
781 2548 941 2604 λογισμῷ
960 2548 1030 2581 δέ“
1015 2563 1058 2583 ως
1075 2549 1161 2584 εἰκὸς
1178 2549 1347 2595 ἀναγκαίῳ
1365 2549 1468 2583 edidi.
1488 2551 1646 2595 λογισμῷ
1665 2550 1734 2583 δέ(
1719 2565 1762 2586 ως
1779 2550 1867 2587 εἷκὸς

280 2595 468 2641 ἀναγκαίως
488 2594 529 2628 Β.
548 2596 707 2640 λογισμῷ
731 2594 767 2627 δέ
791 2593 960 2639 ἀναγκαίῳ
979 2595 1116 2629 abblex
1101 2607 1185 2629 1‘1ns
1203 2608 1233 2630 a.
1253 2597 1283 2629 οἱ
1302 2597 1373 2629 δέ’
1358 2611 1402 2631 ως
1419 2596 1505 2631 εἰκὸς
1521 2596 1716 2642 λογισμῷ
1697 2596 1865 2644 αναγκαίῳ

282 2641 350 2675 Ed.
512 2652 566 2676 12.
592 2642 713 2686 ἔχοντα
734 2640 774 2674 Β.
794 2640 887 2674 Ht.'
877 2641 990 2686 ἔχοντι
1008 2642 1206 2676 emendavit
1228 2643 1322 2676 Aub.
1486 2654 1538 2684 14.
1564 2633 1864 2687 παραβαίνουσια.

283 2688 361 2722 Cat.
383 2688 484 2722 Harl.
649 2688 702 2722 18.
728 2686 846 2732 τουτο]
871 2692 907 2728 -f-
929 2690 975 2733 τῷ
994 2699 1024 2722 a.
1120 2688 1312 2732 λυπήσαντι
1332 2689 1373 2723 Β.
1395 2688 1457 2723 Ht.
1475 2689 1619 2723 λισαντι
1637 2689 1732 2724 Aub.
1750 2702 1767 2724 e
1787 2690 1864 2725 Cat.

284 2734 383 2769 Hall.
402 2741 435 2768 et
452 2735 499 2768 ita
516 2746 547 2768 a.
762 2744 817 2767 20.
843 2733 1176 2791 ἀργίας-ἐργασίαν
1193 2735 1297 2769 edidi.
1317 2735 1437 2781 ἀργίαν
1453 2737 1512 2779 τῆς
1532 2735 1599 2780 [τις
1619 2736 1681 2770 Ht.
1686 2735 1700 2781 ]
1722 2737 1756 2769 ἐν
1773 2737 1863 2783 αὐτῷ

280 2781 371 2814 πολὺ
396 2781 436 2824 δὴ
460 2781 498 2814 τὸ
523 2780 697 2825 κρείττονα
721 2780 781 2823 τὴν
799 2779 850 2813 ἐπ’
868 2780 1030 2825 αγαθὸν
1007 2782 1178 2837 εργασίαν
1197 2782 1238 2816 Β.
1259 2781 1322 2816 Ht.
1341 2782 1461 2827 ἀργίαν
1478 2783 1528 2817 τίς
1548 2782 1583 2816 ἐν
1598 2783 1686 2827 αὐτῷ
1709 2783 1800 2816 πολὺ
1823 2784 1863 2827 δὴ

280 2826 378 2870 λέγοι
396 2827 569 2870 κρείττονα
586 2829 645 2871 τῆς
662 2826 712 2861 επ’
731 2826 906 2872 ἀγαθοῖς’
890 2827 1052 2871 εργασίας
1074 2828 1273 2862 emendavit
1290 2829 1385 2862 Aub.
1403 2829 1495 2862 ἀλλὰ
1511 2830 1570 2872 τῆς
1586 2829 1622 2862 ἐν
1638 2830 1727 2874 αὐτῷ
1744 2828 1864 2873 ἀργίας

280 2872 370 2906 πολύ
395 2887 427 2907 τι
452 2873 610 2917 κρείττων
635 2873 653 2917 ἡ
681 2873 731 2907 ἐπ’
756 2872 895 2918 ἀγαθοῖς
920 2874 1065 2919 ἐργασία
1090 2886 1120 2909 a.
1186 2874 1312 2909 Statim
1339 2873 1551 2921 [ἀμφιβάλοι
1575 2889 1626 2910 τις
1649 2864 1717 2920 ἅν]
1732 2875 1862 2917 addidi,

282 2929 389 2954 sensu
408 2927 445 2954 ut
462 2919 602 2954 videtur
619 2920 791 2965 exigente.

1895 1086 1944 1112 10

1895 1490 1940 1529 15

1891 1905 1941 1930 20
