2037 3266
313 153 399 192 354
716 150 767 190 B.
800 147 1077 189 CYRILLI
1118 145 1501 187 ALEXANDR.
1642 142 1728 184 xiii.
1751 142 1815 192 16,
1838 151 1901 193 17.

315 258 470 325 μεῖζον
495 258 762 325 αἱρούμεθα,
784 258 858 308 καὶ
885 261 981 310 τοῖς
1008 255 1354 321 λαμπροτέροις
1380 255 1612 317 ἐπιπηδᾶν
1632 255 1679 302 αὶ
1705 249 1904 301 διάκενοι

315 347 399 392 τοῦ
437 341 545 402 βίου
583 341 711 404 τιμαὶ
751 338 833 390 τὸν
865 336 1117 389 εὐόλισθον
1148 338 1280 401 ἡμῶν
1307 336 1615 387 ἀναπείθουσι
1651 337 1775 384 νοῦν.
1829 331 1906 381 ἵνα

315 424 472 474 τοίνυν
523 425 606 486 τῆς
658 421 875 484 τοιαύτης
927 418 1270 487 καταλήξωμεν
1319 417 1479 479 νόσου,
1525 419 1601 467 καὶ
1651 418 1734 477 τῆς
1784 414 1904 464 οὕτω

271 509 552 570 (Ιβδελυρᾶς
587 502 980 566 ἀποπαυσώμεθα
1012 502 1270 563 ἐπιθυμίας·
1312 499 1470 563 ἀπάτη
1507 498 1600 564 γὰρ
1639 499 1715 548 καὶ
1749 496 1905 562 ἕτερον

316 586 449 638 οὐδὲν
475 586 527 637 τὸ
562 585 825 654 φιλόδοξον
851 583 1019 637 πάθος·
1063 581 1205 633 αὐτὸν
1229 586 1291 635 εἷς
1327 586 1492 633 οἰκεῖον
1519 579 1760 647 δεχώμεθα
1795 582 1905 628 νοῦν
1925 594 1947 632 5

315 668 398 720 τὸν
442 667 665 718 ἁπάντων
708 665 919 726 βασιλέα
966 663 1199 730 Χριστὸν,
1245 662 1321 714 διὰ
1363 669 1502 714 τοῦτο
1553 665 1762 730 νίψαντα
1811 663 1906 709 τῶν

315 754 539 814 μαθητῶν
565 748 658 803 τοῦς
686 745 849 808 πόδας,
875 747 952 797 ἵνα
987 748 1062 797 καὶ
1098 746 1226 809 ἡμεῖς
1261 745 1367 798 τοὺς
1402 743 1649 808 ἀλλήλων.
1706 740 1781 793 διὰ
1812 740 1905 806 γὰρ

316 832 484 883 τούτου
520 829 878 894 κολασθήσεται
915 827 1000 892 μὲν
1028 826 1151 882 ἅπας
1185 826 1456 892 ἀλαζονείας
1491 824 1678 892 τρόπος,
1705 822 1830 875 ἇπαν
1857 821 1906 872 δὲ

316 911 434 966 εἶδος
477 915 708 975 κοσμικῆς
752 911 1034 980 φιλοδοξίας
1079 909 1290 961 ἐκποδὼν
1331 907 1590 975 οἰχήσεται,
1658 910 1695 957 εἱ
1741 904 1834 971 γὰρ
1879 905 1904 954 ὁ

316 996 460 1063 φύσει
497 994 684 1059 Κύριος,
712 995 773 1046 ὡς
808 993 1000 1056 οἰκέτης,
1027 996 1127 1045 πῶς
1162 991 1216 1041 τὸ
1253 995 1426 1042 δοῦλον
1458 991 1540 1040 οὐκ
1576 987 1633 1039 ἂν
1669 987 1825 1038 ἔλοιτό
1860 1010 1905 1038 τι
1929 1009 1977 1035 10

315 1081 482 1128 παθεῖν
533 1080 627 1127 τῶν
679 1076 805 1144 αὐτῷ
855 1073 1281 1140 πρεπωδεστάτων,
1327 1075 1403 1124 καὶ
1453 1073 1557 1140 οὐχὶ
1607 1070 1778 1122 λοιπὸν
1821 1070 1906 1134 τὴν

316 1160 521 1209 ἁπασῶν
560 1156 771 1225 ἐσχάτην
810 1157 1021 1224 ἀποτίσῃ
1062 1156 1224 1219 δίκηνς

276 1249 297 1275 e

252 1314 447 1368 ΙῦἈμέιν
498 1318 610 1367 ἀμήν
662 1318 776 1364 λὲΓω
826 1314 934 1367 ὑμῖν,
978 1317 1055 1357 οὐκ
1103 1317 1192 1358 ἔστι
1242 1316 1391 1357 δοῦλος
1441 1315 1591 1373 μείζων
1636 1320 1710 1357 τοῦ
1762 1314 1905 1372 κυρίου

252 1398 293 1436 ¹7
387 1403 531 1453 αὐτοῦ,
580 1402 680 1442 οὐδε
731 1401 974 1443 ἀπόστολος
1024 1400 1173 1456 μείζων
1223 1403 1296 1440 τοῦ
1352 1401 1602 1449 Πέ-ῑμψαντοε
1656 1398 1798 1440 αὐτόν.
1869 1396 1904 1438 εἰ

386 1489 518 1526 ταῦτα
556 1482 717 1534 οἴδατε,
756 1482 959 1539 μακάριοί
996 1484 1091 1524 ἐστε
1130 1483 1204 1524 ἐὰν
1242 1488 1392 1523 Ποιιῖιτε
1431 1483 1553 1523 αὐτὰ.
1930 1492 1977 1531 15

394 1588 575 1650 Νόμοις
614 1589 779 1653 ὥσπερ
818 1587 1088 1652 ἀναγκαίοις
1131 1587 1333 1653 ὀχυροῦν
1371 1586 1527 1637 ἕπεται
1570 1584 1784 1651 Χριστὸς
1823 1589 1906 1635 τοῦ

314 1670 649 1737 πεπραγμένου
700 1669 785 1732 τὴν
838 1669 1049 1731 δύναμιν,
1102 1673 1176 1718 καὶ
1230 1667 1614 1736 σφαλερωτάτην
1662 1671 1909 1721 παντελῶς

315 1753 567 1820 ἀποφαίνει
595 1750 680 1814 τὴν
707 1751 988 1817 παράβασιν
1014 1753 1096 1814 τῆς
1122 1750 1453 1816 σωτηριώδους
1481 1751 1689 1813 ἐντολῆς.
1734 1748 1788 1799 τὸ
1815 1747 1909 1815 γὰρ

94 1852 244 1887 728Α.
275 1862 297 1886 a
316 1834 441 1903 ὅρκῳ
493 1832 771 1895 βεβαιωθέν,
817 1834 900 1883 οὐκ
953 1833 1248 1898 ἀνέγκλητον
1298 1832 1392 1899 ἔχει
1443 1831 1529 1895 τὴν
1579 1831 1904 1896 παραδρομήν.

316 1915 628 1981 κατηγόρημα
673 1915 829 1966 τοίνυν
873 1917 1025 1982 φησιν
1067 1915 1442 1981 ἀπροφάσιστον
1483 1917 1578 1965 τοῖς
1624 1912 1831 1974 οἰκέταις,
1871 1916 1909 1962 εὶ
1930 1936 1981 1961 20

315 1997 381 2062 μὴ
409 1997 467 2047 τὰ
494 1997 577 2047 ἴσα
605 2002 796 2066 φρονεῖν
823 1995 1029 2047 ἐθέλοιεν
1055 2001 1152 2050 τοῖς
1183 1997 1312 2050 ἰδίοις
1345 1994 1614 2048 δεσπόταις·
1657 1993 1910 2062 πλεονεξία

316 2079 410 2145 γὰρ
454 2079 558 2142 ἤδη,
598 2081 673 2129 καὶ
720 2079 876 2144 ἕτερον
922 2078 1068 2141 οὐδὲν,
1109 2077 1163 2128 τὸ
1209 2084 1292 2128 τοῦ
1336 2076 1541 2143 μείζονός
1580 2100 1629 2127 τε
1674 2078 1749 2127 καὶ
1795 2074 1910 2142 ὑπὲρ

317 2162 457 2229 ἀξίαν
496 2163 621 2227 ἐρᾶν·
676 2159 968 2213 ἀποστόλοις
1012 2183 1059 2210 τε
1106 2161 1275 2222 ὁμοίως
1320 2159 1406 2222 τὴν
1444 2158 1588 2221 αὐτὴν
1628 2157 1686 2208 ἀν
1723 2157 1910 2211 εἰκότως

317 2242 505 2293 ε’ποίσαι
533 2241 740 2308 γραφὴν,
768 2240 822 2291 τὸ
856 2243 903 2291 ἐν
931 2240 1177 2304 ἀμείνοσιν
1202 2237 1317 2290 εἶναι
1355 2240 1517 2306 ζητεῖν,
1544 2238 1572 2303 ἢ
1606 2241 1654 2290 ἐν
1680 2238 1747 2293 οἷς
1778 2241 1910 2289 ἐστιν

319 2325 343 2373 ὁ
388 2324 679 2375 ἀποστείλας
724 2321 908 2374 αὐτούς.
988 2322 1177 2387 ἀρκέσει
1229 2320 1322 2387 γὰρ
1374 2321 1529 2374 αὐτοῖς
1581 2324 1645 2374 εἰς
1696 2319 1906 2373 εὐκλείας
1930 2340 1979 2380 25

319 2404 512 2468 ἁπάσης
560 2404 745 2469 με’τρον,
788 2408 871 2453 τοῦ
918 2402 1228 2472 πεπομφότος
1271 2401 1325 2452 τὸ
1370 2402 1605 2471 φρόνημα.
1677 2408 1815 2453 τοῦτο
1861 2402 1916 2452 δέ

319 2489 452 2537 ε’στιν
492 2484 624 2535 οὐδὲν
663 2485 820 2551 ἕτερον
863 2483 891 2548 ἦ
936 2486 1080 2535 ἐκεῖνο
1119 2483 1307 2537 πάντως
1346 2487 1500 2535 εἰπεῖν·
1555 2483 1625 2534 ὅτι
1664 2483 1909 2550 γελασθή-

320 2571 471 2618 σεσθε
513 2567 700 2619 δικαίως
743 2567 817 2616 ἐπὶ
862 2571 945 2616 τοῦ
987 2566 1110 2617 θείου
1154 2565 1380 2630 βήματος,
1421 2569 1458 2616 εὶ
1502 2571 1650 2616 ταῦτα
1695 2568 1811 2632 δρᾶν
1848 2569 1909 2619 εἷς

277 2647 568 2712 ὒάλλήλους
607 2649 738 2698 αὐτοὶ
777 2652 1082 2714 παραιτεῖσθε
1125 2649 1179 2699 δι’
1225 2648 1501 2716 ὑπεροψίαν,
1541 2649 1690 2698 καίτοι
1732 2647 1786 2698 τὸ
1827 2650 1909 2711 τῆς

322 2731 536 2783 δουλείας
570 2730 718 2793 ὄνομα
754 2729 984 2796 λαχόντες
1020 2729 1187 2792 κοινὸν,
1216 2729 1335 2796 ἅπερ
1369 2733 1432 2783 εἰς
1468 2731 1585 2794 ὑμᾶς
1619 2729 1731 2795 ἐγὼ,
1761 2730 1909 2780 καίτοι
1929 2751 1979 2787 3ο

367 2847 400 2880 6.
427 2848 588 2891 νίψοντες
608 2846 648 2879 Ε.
798 2845 848 2879 16.
877 2845 1021 2892 Νόμοις]
1041 2846 1090 2882 ἵσ.
1109 2846 1221 2892 ὅρκοις
1241 2846 1307 2880 Ed.
1328 2858 1400 2890 mg.
1418 2846 1556 2880 favente
1574 2852 1607 2879 et
1624 2858 1654 2880 a.
1673 2846 1908 2881 abbreviante.

321 2904 383 2973 223
403 2892 635 2973 Kargydprnkss]
656 2893 838 2937 κακηγορία
857 2893 903 2937 (ἓ)
921 2904 951 2927 a.
1240 2903 1295 2937 27.
1323 2893 1418 2927 ἐστιν
1436 2892 1478 2927 Ε.
1497 2891 1536 2935 ἧν
1554 2892 1620 2926 Ed.
1722 2894 1908 2938 καταγελα-

320 2954 344 2973 σ
370 2953 459 2982 ησεσ
485 2954 499 2972 ε
519 2951 549 2972 a.
