2022 3272
118 143 199 184 xiv.
223 154 287 196 27.
486 142 559 183 IN
603 142 645 183 S.
680 140 1014 182 JOANNEM.
1079 139 1204 180 LIB.
1240 140 1291 180 X.
1630 138 1714 179 509

118 254 184 305 ε”τι
219 252 436 318 μάλιστα
472 252 769 323 φιλαιτάτων
802 250 1031 315 ἀδόκητον
1059 249 1301 314 ὑπομένειν
1329 249 1529 316 ζημίαν;
1574 249 1710 299 καθί-

118 359 268 401 στησι
306 336 462 388 τοίνυν
493 334 660 389 αὐτοὺς
696 335 826 403 λύπῃ
863 337 936 384 καί
977 333 1119 402 φόβῳ
1159 331 1544 398 τεταραγμένους.
1595 329 1714 396 πρό-

119 422 271 487 φασις
296 418 381 482 μὲν
406 417 500 484 γᾶρ
527 420 602 469 καὶ
628 417 729 485 ῥίζα
765 416 934 479 λύπης,
960 414 1015 467 τὸ
1042 414 1238 479 μέλλειν
1265 415 1420 464 αὐτῶν
1444 415 1715 481 ἀποφοιτᾶν

119 501 195 551 καὶ
236 501 601 567 ἀνακομίζεσθαι
643 498 763 565 πρὸς
810 498 893 550 τὸν
936 497 1143 563 Πατέρα,
1185 495 1454 559 δικαιοτάτη
1501 518 1603 548 πως
1644 493 1757 557 ἧν,ο

77 583 318 635 5ἐποιεῖτο
357 582 405 633 δὲ
443 582 620 648 μητέρα
658 581 746 646 τὴν
781 581 993 649 ὑποψίαν
1031 585 1113 630 τοῦ
1151 578 1308 630 πάντα
1345 578 1613 638 πείσεσθαι,
1641 578 1717 626 καὶ

120 664 230 715 λίαν
256 664 465 729 ἑτοίμως,
493 665 547 714 οὐ
582 662 919 729 συμπαρόντος
946 663 1026 725 ἔτι,
1051 660 1170 713 κατά
1208 684 1263 727 γε
1299 659 1385 724 τὴν
1411 661 1598 727 ἐμφανῆ
1635 663 1718 709 τοῦ

121 746 345 810 σώματος
397 746 528 815 ὄψιν,
573 751 656 796 τοῦ
709 745 956 811 διασώζειν
1000 743 1267 811 ἰσχύοντος.
1343 747 1443 795 πῶς
1490 742 1537 792 δὲ
1582 740 1715 791 καθί-

121 851 315 893 στησιν,
342 827 370 893 ἢ
410 829 513 879 τίνα
552 827 730 894 τρόπον
761 829 917 881 αὐτοῖς
955 826 1009 877 τὸ
1049 828 1098 877 ἐκ
1139 829 1220 889 τῆς
1259 825 1477 887 εὐθυμίας
1517 821 1719 892 φαιδρὸν

121 909 427 976 εἰσοικίζεται,
457 913 532 961 καὶ
564 909 682 977 πρὸς
717 911 844 962 θείαν
871 910 1002 963 αὖθις
1041 907 1258 975 γαλήνην
1286 909 1310 958 ὁ
1346 913 1454 960 νοῦς
1488 903 1716 957 κατευνά-

55 1018 105 1043 10
123 992 278 1060 ζεται,
325 990 504 1061 δίδωμι,
534 995 701 1062 φησὶν,
730 995 827 1061 ὑμῖν
861 994 1002 1061 εἰρήνην
1035 993 1110 1042 καὶ
1145 994 1313 1060 ἀφίημι
1350 992 1446 1057 ὑμῖν
1480 988 1624 1056 εἰρήνην
1651 986 1720 1046 την

124 1076 238 1142 ἐμήν.
315 1075 488 1141 ε’ίρηκα,
542 1077 680 1144 φησί,
733 1072 1027 1136 πλειστάκις,
1079 1075 1141 1128 ὡς
1189 1080 1214 1102 “
1235 1073 1319 1123 οὐκ
1370 1070 1548 1140 ἀφήσω
1601 1071 1721 1132 ὑμᾶς
1784 1074 1908 1148 ἓέιξηῗὸ

125 1162 153 1186 “
179 1157 466 1226 ὀρφανούς·”
510 1157 620 1208 ἀλλ’
662 1156 766 1208 οὐδὲ
805 1156 941 1220 μόνοι
979 1154 1065 1220 τὴν
1105 1158 1196 1221 γῆν
1229 1153 1444 1218 οἰκήσετε
1482 1157 1565 1203 τοῦ
1603 1155 1721 1215 βοη-
1845 1143 1850 1149 ’

126 1242 321 1293 θοῦντος
356 1239 517 1307 ε”ρημοι
553 1242 629 1291 καὶ
660 1239 845 1305 γυμνοί·
890 1238 1155 1302 συνέσομαι
1189 1237 1283 1304 γὰρ
1318 1235 1464 1288 πάλιν
1493 1236 1617 1298 ὑμῖν,
1645 1233 1721 1284 καὶ
1742 1244 1769 1285 (1

127 1321 262 1372 ἀπὼν
288 1326 356 1392 τῷ
393 1323 583 1386 σώματι
615 1324 862 1389 ἀνατειχιῶ
886 1319 1036 1372 πάλιν
1059 1324 1160 1373 ταῖς
1197 1319 1458 1383 εὐμενείαις,
1486 1320 1548 1371 ὡς
1576 1315 1719 1378 Θεὸς,

62 1422 108 1461 15
128 1403 225 1454 ἄνω
271 1403 482 1468 θήσομαι
527 1403 733 1471 θορύβου
770 1403 966 1466 παντὸς,
1010 1402 1252 1469 περιέσται
1292 1400 1341 1452 δὲ
1379 1403 1462 1464 τῆς
1502 1399 1724 1463 ὑμετέρας

127 1486 379 1548 εὐτολμίας
413 1486 575 1539 οὐδείς·
618 1491 711 1540 πᾶς
750 1485 844 1551 γὰρ
883 1485 1105 1550 ἀτονήσει
1145 1484 1311 1553 φόβος,
1346 1484 1422 1534 καὶ
1457 1482 1607 1532 δειλία
1639 1480 1725 1543 μὲν

129 1566 342 1618 ἐκποδὼν
381 1567 641 1635 οἰχήσεται,
681 1568 781 1619 θεία
822 1567 878 1617 δέ
912 1590 982 1621 τις
1022 1569 1071 1618 ἐν
1113 1567 1220 1630 ὑμῖν
1259 1567 1480 1616 ἀνατελεῖ
1516 1563 1722 1626 δύναμις,

130 1648 420 1718 σχολάζοντι
471 1654 536 1720 νῷ
585 1653 660 1701 καὶ
711 1649 996 1718 γαληνιώσῃ
1048 1650 1216 1718 καρδίᾳ
1276 1648 1547 1717 ξεναγοῦσα
1604 1644 1723 1712 πρὸς

131 1732 443 1802 ἀποκάλυψιν
467 1737 562 1784 τῶν
589 1732 703 1800 ὑπὲρ
738 1733 1035 1799 ἀνθρώπινον
1061 1736 1182 1783 νοῦν.
1237 1736 1319 1782 νῦν
1353 1730 1400 1781 δὲ
1430 1726 1589 1796 διδωμι
1626 1731 1723 1796 ὑμῖν

62 1840 111 1865 20
133 1816 288 1883 εἰρήνην,
316 1816 402 1883 οὐχ
438 1817 619 1878 ἁπλῶς,
646 1816 757 1865 ἀλλ’
787 1816 928 1884 εἰρήνην
955 1813 1024 1875 την
1056 1815 1170 1882 ἐμήν.
1231 1818 1371 1864 τοῦτο
1411 1811 1459 1862 δὲ
1497 1809 1555 1874 ἧν
1586 1812 1719 1876 ἐναρ-
1740 1830 1763 1858 e

131 1901 227 1962 γῶς
265 1896 398 1948 οὐδὲν
435 1898 591 1964 ἕτερον
628 1901 784 1960 εἰπεῖν,
823 1895 852 1961 ἢ
893 1897 963 1947 ὅτι
1002 1895 1262 1963 χορηγήσω
1302 1893 1357 1945 τὸ
1397 1897 1608 1956 Πνεῦμα,
1647 1894 1723 1942 καὶ

131 1978 396 2043 συνέσομαι
423 1978 478 2030 δι’
506 1981 707 2043 ἐμαυτοῦ
733 1983 828 2032 τοῖς
856 1977 1120 2046 δεχομένοις
1147 1975 1275 2027 αὐτό.

188 2058 303 2112 ’Ότι
331 2061 423 2128 γὰρ
450 2062 477 2126 ἡ
503 2060 659 2128 εἰρήνη
679 2064 897 2127 Χριστοῦ
923 2059 977 2111 τὸ
1000 2058 1198 2122 Πνεῦμά
1223 2060 1353 2109 ἐστιν
1371 2057 1526 2119 αὐτοῦ,
1543 2061 1724 2123 μακροῦ

131 2142 217 2206 μὲν
237 2141 364 2207 οἶμαι
390 2143 454 2208 μὴ
482 2145 666 2195 δεῖσθαι
693 2142 843 2209 λόγου
869 2141 988 2209 πρὸς
1013 2140 1350 2210 πληροφορίαν
1370 2140 1445 2190 καὶ
1466 2137 1720 2206 ἀπόδειξιν.

63 2248 82 2274 2
91 2246 113 2286 5
133 2224 262 2290 πλὴν
282 2227 427 2277 ἐκεῖνο
453 2224 601 2294 φάναι
628 2228 723 2276 δεῖν
750 2222 1077 2288 ὑπολαμβάνω
1100 2227 1158 2274 Εἰ
1187 2222 1279 2289 γὰρ
1307 2221 1446 2275 αὐτός
1472 2220 1650 2284 ἐστινὴ
1677 2221 1726 2270 ἐν

132 2313 229 2375 τοῖς
257 2309 470 2374 οὐρανοῖς
495 2305 652 2374 εἰρήνη
680 2309 754 2358 καὶ
781 2309 855 2358 ε’πὶ
881 2309 963 2371 τῆς
990 2309 1090 2373 γῆς,
1117 2310 1219 2359 πῶς
1253 2305 1337 2356 οὐκ
1373 2303 1431 2354 ἂν
1457 2303 1524 2368 ε’ίη
1556 2301 1727 2353 λοιπὸν

134 2391 281 2442 παντί
303 2413 368 2459 τῳ
395 2389 551 2458 σαφὲς
577 2389 662 2453 ὅτι,
691 2388 902 2455 καθάπερ
929 2388 1189 2455 εἰρήκαμεν,
1217 2387 1245 2451 ἡ
1273 2385 1429 2453 εἰρήνη
1456 2385 1512 2449 δὴ
1538 2383 1727 2437 πάντως

136 2474 242 2523 ἐστὶ
267 2472 321 2523 τὸ
350 2475 549 2534 Πνεῦμα
574 2472 718 2522 αὐτοῦ
741 2493 753 2534 3
798 2473 873 2521 καὶ
900 2477 1017 2537 γοῦν
1044 2471 1068 2521 ὁ
1097 2470 1352 2522 θεσπέσιος
1380 2472 1576 2520 Παῦλος
1608 2465 1726 2532 πρός

135 2576 264 2607 τινας
303 2554 394 2622 ε”φη
422 2555 566 2604 “Koa
604 2553 632 2617 ἡ
671 2551 827 2619 εἰρήνη
868 2558 952 2603 τοῦ
993 2556 1119 2602 Θεοῦ
1160 2552 1187 2615 ἡ
1233 2550 1526 2616 ὑπερέχουσα
1568 2548 1765 2599 πάνταᾱ
1793 2557 1948 2614 8450&-

3 2660 7 2663 ”
68 2659 118 2695 3ο
138 2643 166 2665 “
193 2641 303 2686 νοῦν
327 2634 590 2704 φρουρήσει
615 2633 699 2687 τὰς
723 2634 916 2700 καρδίας
944 2635 1073 2692 ὑμῶν
1099 2635 1174 2683 καὶ
1210 2631 1269 2682 τὰ
1304 2630 1515 2694 νοήματα
1548 2629 1722 2692 ὑμῶν.”
1787 2607 1933 2690 {haum

140 2717 290 2769 καίτοι
337 2721 439 2771 πῶς
490 2717 543 2766 οὐ
593 2716 770 2766 δίκαιον
812 2717 995 2777 ἐννοεῖν,
1041 2717 1103 2767 ὡς
1148 2714 1201 2764 οὐ
1245 2714 1348 2779 περὶ
1392 2713 1594 2776 ταυτησὶ
1643 2713 1727 2774 τῆς

141 2799 324 2867 εἰρήνης
357 2801 439 2862 τῆς
473 2799 522 2848 ἐν
557 2801 623 2867 τῷ
658 2800 797 2867 κοινῷ
833 2796 1083 2860 νοουμένης
1118 2793 1249 2864 λόγῳ
1286 2817 1335 2844 τε
1372 2796 1446 2844 καὶ
1481 2792 1727 2860 πράγματι

334 2962 363 2984 1.
389 2949 546 2993 ὑπομένει
565 2949 606 2983 Ε.
917 2959 973 2992 30.
999 2946 1190 2992 φρουρήσει
1211 2946 1251 2980 Ε.
1271 2945 1452 2991 φρουρὴσῃ
1473 2944 1539 2979 Ed.
