1971 3272
109 145 162 186 xi.
181 156 337 201 49—52.
386 147 453 187 IN
487 147 531 188 S.
555 146 725 187 JOAN.
788 145 1025 186 LIB.VII.
1090 146 1478 187 FRAGMENTA.
1618 149 1700 186 205

109 254 247 318 τικὸς,
295 258 357 310 ὡς
402 258 450 307 ἐν
493 255 626 324 τάξει
669 257 1003 322 προσενεχθεὶς
1048 255 1358 324 προφητείας.
1433 254 1564 305 ὅσων
1610 254 1704 320 γὰρ

109 337 302 403 γέγονεν
341 338 486 392 αἴτιος
535 340 730 403 ἀγαθῶν
771 338 796 387 ὁ
841 342 925 388 τοῦ
968 341 1188 403 Χριστοῦ
1233 337 1449 399 θάνατος,
1488 359 1701 401 προανα-

110 424 260 488 φωνεῖ
281 420 437 484 λε’γων
464 419 488 470 ὃ
515 421 598 470 οὐκ
624 417 732 481 οἶδε,
762 421 837 469 καὶ
865 417 1076 487 δοξάζων
1100 419 1183 469 τὸν
1205 419 1331 469 Θεὸν
1353 421 1414 472 ὡς
1443 419 1467 468 ὁ
1497 417 1705 480 Βαλαόιμ

110 500 231 552 κατὰ
257 501 482 567 ἀνάγκην,
509 502 698 568 ἐπείπερ
725 500 782 565 ἧν
808 501 930 568 ε”χων
955 500 1010 551 τὸ
1039 500 1270 566 ἱερατικὸν
1297 500 1498 569 ἀξίωμα,
1527 502 1589 553 ὡς
1622 501 1706 550 οὐκ

69 584 237 653 5αὑτῷ
280 585 500 648 δοθείσης
546 586 629 647 τῆς
673 583 979 651 προφητείας,
1021 582 1155 634 ἀλλὰ
1199 588 1266 653 τῷ
1310 586 1394 647 τῆς
1447 582 1752 648 ἱερωσύνηςά

110 664 343 733 σχήματι·
384 666 485 731 ἤτοι
520 665 578 734 ἐξ
608 663 673 716 ὧν
701 667 902 732 ὕστερον
927 664 987 716 τὰ
1022 665 1237 732 εἰρημένα
1270 665 1464 732 γε’γονεν
1497 663 1586 716 ὑπὸ
1621 670 1705 715 τοῦ

113 748 312 817 Καϊάφα
339 750 413 798 καὶ
445 749 600 812 ἀπέβη
632 749 685 798 οὐ
723 747 912 801 πάντως
947 746 1185 809 λαβόντος
1217 746 1520 815 προφητικὴν
1546 746 1700 813 χάριν.

110 829 230 883 εἰκὸς
255 829 349 896 γὰρ
377 829 448 880 ὅτι
475 828 500 880 ὃ
527 831 742 880 λαλοῦσί
762 852 882 883 τινες
909 831 1102 895 γίνεται·
1146 833 1183 880 εἰ
1220 832 1296 880 καὶ
1331 829 1395 893 μὴ
1431 828 1602 882 εἰδότες
1634 828 1705 879 ὅτι

110 910 299 965 πάντως
336 911 486 974 ἔσται,
518 917 773 962 λαλοῦσιν.
830 912 855 961 ὁ
893 911 979 975 μὲν
1019 912 1100 962 οῦν
1130 911 1354 980 Καϊάφας
1393 910 1508 976 ὑπὲρ
1547 910 1706 973 μόνων

47 995 351 1046 ΙοἸουδαίων
383 992 548 1059 ἐ’λεγεν
587 993 786 1044 ε”σεσθαι
825 993 909 1045 τὸν
935 998 1154 1060 Χριστοῦ
1193 992 1418 1056 θάνατον,
1449 994 1473 1044 ὁ
1510 991 1556 1044 δὲ
1590 991 1705 1059 ὑπὲρ

111 1075 274 1141 πάσης
300 1078 452 1145 φησὶν
479 1076 622 1127 αὐτὸν
648 1075 872 1142 γενέσθαι
906 1079 989 1141 τῆς
1024 1075 1404 1143 ἀνθρωπότητος.
1457 1075 1591 1141 γε’νος
1621 1073 1706 1138 μὲν

111 1157 206 1225 γὰρ
244 1161 321 1209 καὶ
359 1158 499 1210 τέκνα
538 1162 664 1209 Θεοῦ
704 1156 910 1213 ἅπαντες
951 1159 1312 1226 χρηματίζομεν,
1353 1157 1471 1209 καθὸ
1511 1157 1705 1208 πάντων

112 1242 215 1291 ἐστὶ
271 1240 428 1306 πατὴρ
488 1238 652 1310 τρόπῳ
708 1243 1026 1310 δημιουργικῷ
1082 1240 1319 1306 γεννήσας
1379 1242 1454 1291 καὶ
1509 1238 1745 1305 ἀγαγὼνο

111 1322 277 1389 ὥσπερ
303 1327 364 1376 εἰς
393 1322 595 1391 ὕπαρξιν
619 1320 679 1373 τὰ
714 1323 797 1373 οὐκ
831 1321 962 1373 ὄντα.
1019 1322 1084 1373 ε”τι
1119 1321 1168 1373 δὲ
1204 1323 1280 1373 καὶ
1316 1322 1387 1373 ὅτι
1423 1323 1522 1373 κατ’
1552 1321 1706 1372 εἰκόνα

47 1415 94 1454 Ι5
114 1404 256 1454 αὐτοῦ
291 1403 573 1469 ἐτιμήθημεν
605 1402 852 1471 γεγονότες
889 1404 946 1473 ἐξ
981 1406 1142 1472 ἀρχῆς,
1171 1406 1246 1456 καὶ
1281 1404 1442 1472 ἄρχειν
1477 1403 1707 1472 λαχόντες

111 1490 207 1537 τῶν
230 1488 305 1538 ἐπὶ
331 1489 432 1552 γῆς,
459 1488 534 1537 καὶ
570 1489 652 1550 τῆς
687 1487 813 1540 θείας
848 1487 1106 1552 ὁμολογίας
1142 1486 1404 1555 ἠξιωμένοι,
1432 1488 1507 1537 καὶ
1542 1489 1625 1550 τῆς
1658 1487 1707 1536 ἐν

111 1569 386 1638 παραδείσῳ
414 1569 592 1633 διαίτης
619 1591 668 1620 τε
696 1570 772 1619 καὶ
799 1571 983 1638 τρυφῆς
1008 1569 1347 1622 ἀπολαύοντες.
1398 1568 1509 1619 ἀλλ’
1539 1566 1705 1635 ἐσκόρ-

112 1672 254 1701 πισεν
300 1651 326 1701 ὁ
374 1655 586 1705 σατανᾶς
635 1652 684 1701 ἐν
728 1652 884 1720 ταύτῷ
927 1656 1079 1714 μεῖναι
1130 1649 1195 1715 μὴ
1241 1650 1582 1718 συγχωρήσας,
1629 1652 1706 1701 καὶ

114 1731 517 1797 ἀποβουκολήσας
554 1731 869 1799 πολυτρόπως
904 1736 988 1797 τῆς
1024 1737 1086 1787 εἷς
1120 1733 1245 1784 Θεὸν
1275 1733 1585 1799 προσεδρειάς
1623 1731 1707 1783 τὸν

47 1832 97 1857 20
115 1813 378 1881 ἄνθρωπον.
439 1813 760 1880 συνεισήγαγε
805 1814 853 1866 δὲ
895 1814 1044 1866 πάλιν
1083 1816 1159 1866 καὶ
1200 1814 1484 1878 συνεκόμισε
1522 1814 1704 1868 ποίντας

115 1895 190 1947 διὰ
215 1899 298 1960 τῆς
323 1897 529 1949 πίστεως
563 1897 588 1946 ὁ
617 1896 831 1963 Χριστὸς
865 1901 928 1951 εἷς
960 1897 1072 1961 μίαν
1097 1896 1249 1961 αὐλὴν
1275 1896 1362 1961 τὴν
1386 1897 1701 1961 Ἐκκλησίαν,
1723 1920 1746 1945 a
1776 1912 1864 1947 693
1878 1911 1932 1946 A.

115 1979 192 2028 καὶ
218 1977 307 2028 ὑπὸ
335 1976 474 2043 ζυγὸν
500 1977 580 2028 ἕνα
605 1978 951 2044 παρεσκεύασε,
978 1977 1171 2030 πάντων
1197 1979 1245 2030 ἓν
1271 1977 1552 2044 γεγονότων,
1579 1980 1700 2029 Ἰου-

116 2059 271 2122 δαίων,
300 2058 566 2122 “Ελλήνων,
605 2059 886 2126 Βαρβάρων,
924 2063 1136 2123 Σκυθῶν,
1164 2063 1240 2111 καὶ
1278 2067 1304 2090 “
1327 2064 1389 2114 εἷς
1429 2060 1509 2111 ἕνα
1547 2059 1707 2111 καινὸν
1768 2060 1905 2145 ξῗξὴᾸὶ·

116 2147 145 2170 “
164 2140 441 2206 ἄνθρωπον”
465 2141 911 2205 ἀναπλαττομένων,
930 2144 1006 2192 καὶ
1031 2141 1428 2209 προσκυνούντων
1454 2142 1534 2192 ἕνα
1562 2141 1701 2194 Θεόν.

167 2274 198 2297 1.
222 2263 442 2309 προενεχθεις
467 2275 496 2297 a.
501 2264 537 2298 k.
555 2264 802 2309 προσενεχθεὶς
826 2263 931 2299 habet
957 2264 1035 2299 Cat.
1054 2264 1156 2301 Harl.
1252 2263 1362 2310 ὅσων]
1382 2265 1426 2300 ὡς
1446 2264 1593 2310 (errore)
1611 2265 1708 2300 Aub.

117 2342 150 2377 6.
185 2342 336 2388 σχήματι
369 2344 405 2378 k.
432 2320 581 2389 σξὲήσατι
609 2343 685 2378 Cat.
714 2343 818 2378 Harl.
843 2344 1009 2389 χρίσματι
1036 2343 1103 2378 Ed.
1131 2345 1210 2378 “.al
1239 2344 1420 2390 σχήματι”
1446 2345 1592 2379 adnotat
1617 2345 1709 2380 inter

117 2396 219 2424 notas
239 2390 334 2424 Aub.
384 2390 439 2424 De
456 2402 487 2424 a.
506 2390 593 2424 nihil
609 2390 740 2425 notavi.
814 2391 935 2436 γέγονε
952 2392 994 2425 τὰ
1011 2390 1167 2436 εἶρὴμενα
1185 2403 1215 2424 a.
1219 2392 1256 2426 k.
1417 2400 1448 2436 7.
1476 2393 1529 2426 καὶ
1547 2404 1617 2426 om.
1636 2393 1708 2427 a.k.

116 2435 223 2470 habet
242 2436 318 2470 Cat.
340 2436 440 2471 Harl.
587 2448 640 2471 10.
666 2436 742 2482 τὸν]
766 2442 804 2478 4-
825 2440 885 2471 τοῦ
903 2438 939 2472 k.
1087 2449 1140 2472 ΙΙ.
1167 2438 1278 2482 φησιν
1294 2438 1396 2472 αὐτὸν
1413 2438 1480 2474 hoc
1498 2439 1621 2473 ordine
1638 2440 1708 2474 a.k.

120 2482 195 2516 Ine.
212 2483 309 2528 γένος
328 2484 394 2528 γὰρ
415 2483 492 2528 [τοῦ
509 2495 574 2528 pro
591 2485 657 2528 γὰρ
676 2482 724 2529 C.]
749 2486 839 2518 Θεοῦ
863 2485 916 2518 καὶ
936 2485 1057 2519 πάντες
1077 2483 1135 2530 [ἦ-
1157 2485 1187 2518 οἷ
1207 2484 1330 2530 Cord.]
1352 2485 1522 2529 ἅνθρωποι
1540 2486 1593 2519 καὶ
1610 2485 1709 2519 τέκνα

117 2530 367 2573 χρηματίζομεν
385 2541 414 2563 c.
434 2529 541 2564 Cord.
557 2530 654 2574 γένος
670 2533 730 2564 τοῦ
749 2533 837 2564 Θεοῦ
854 2531 976 2566 πάντες
992 2532 1023 2564 οἱ
1040 2531 1210 2574 ἅνθρωποι
1229 2532 1282 2565 καὶ
1299 2533 1397 2566 τέκνα
1417 2533 1684 2589 χρηματίζομενΑ
1682 2532 1706 2565 l.

123 2586 176 2620 13.
203 2575 338 2620 ἀγαγὼν
355 2577 472 2621 ὥσπερ
490 2576 536 2611 εἷς
552 2575 697 2621 ὕπαρξιν
713 2588 744 2610 a.
747 2577 783 2611 k.
801 2583 834 2611 et
850 2578 897 2611 ita
918 2589 935 2610 e
956 2577 1033 2611 Cat.
1049 2577 1081 2607 V
1084 2584 1130 2611 at.
1150 2577 1225 2611 Mai
1247 2577 1342 2612 unde
1365 2584 1398 2611 et
1417 2578 1552 2622 ΝΙίςῐιθ.
1570 2578 1709 2622 ἀγαπῶν

119 2623 237 2666 ὥσπερ
257 2647 493 2657 .........
512 2622 607 2656 Aub.
631 2623 767 2680 ἀγαγὼν
788 2623 894 2657 habet
919 2623 996 2657 Cat.
1022 2623 1121 2657 Harl.
1172 2623 1257 2658 Post
1282 2623 1447 2679 γεννήσας
1473 2630 1624 2668 pergunt
1650 2625 1709 2658 c..l

121 2668 226 2703 Cord.
245 2669 330 2712 πρὸς
346 2668 478 2704 τούτοις
494 2669 559 2702 δέ’
548 2670 596 2702 ε’τι
614 2670 667 2702 καὶ
684 2668 752 2702 κατ’
771 2669 897 2704 ἐκεῖνον
913 2671 971 2703 τὸν
987 2671 1093 2714 λόγον
1109 2669 1214 2704 καθ’
1200 2685 1238 2704 ον
1255 2669 1458 2713 τετιμήμεθα
1475 2672 1654 2716 γεγονότες
1671 2670 1709 2713 ἐξ

118 2714 227 2759 ἀρχῆς
244 2714 313 2749 κατ’
333 2715 443 2749 εἷκόνα
460 2717 520 2749 τοῦ
538 2729 715 2750 κτισαντος
732 2716 786 2749 καὶ
802 2716 930 2760 ἷίρχειν,
949 2716 1013 2750 ἃς.
1238 2716 1291 2750 16.
1317 2715 1389 2760 ἐπι]
1414 2721 1450 2756 -f-
1472 2718 1531 2760 τῆς
1549 2728 1578 2750 c.
1599 2716 1709 2750 Cord-

123 2762 177 2801 16‚
194 2770 246 2806 17.
272 2762 331 2805 τῆς
348 2761 714 2797 θείας-ἀπολαύοντες
731 2773 760 2795 c.
764 2763 788 2796 1.
808 2762 914 2796 Cord.
932 2762 1075 2797 εὐτόνως
1091 2761 1150 2805 τὴν
1167 2761 1289 2807 ἀρέτην
1305 2762 1520 2807 ἐργαζόμενοι
1539 2763 1625 2797 Nik.
1639 2762 1707 2798 Ed.

123 2819 177 2852 19.
201 2808 502 2852 ἀποβουκολήσας]
521 2808 764 2852 ἀποκολλήσας
789 2809 811 2841 1.
833 2808 991 2852 ἀποσυλὴ
996 2823 1060 2844 σας
1087 2808 1145 2842 Cr.
1167 2808 1258 2854 [p.3
1263 2820 1303 2843 22
1310 2808 1335 2854 .]
1405 2809 1532 2844 Statim
1554 2811 1707 2844 ποικιλο-

119 2855 253 2898 τρόπως
271 2866 302 2890 a.
392 2866 447 2890 20.
467 2855 638 2901 συνήγαγε
656 2867 686 2889 a.
691 2867 719 2889 c.
724 2855 759 2889 k.
762 2855 785 2889 1.
799 2854 905 2889 Cord.
921 2854 1149 2900 συνεισὴγαγε
1166 2855 1272 2890 habet
1287 2855 1363 2889 Cat.
1379 2856 1479 2890 Harl.
1577 2867 1633 2890 21.
1651 2858 1710 2899 τῆς

119 2912 191 2935 om.
209 2901 279 2936 a.k.
410 2913 465 2936 22.
492 2903 545 2936 καὶ
563 2914 634 2936 om.
653 2913 682 2936 c.
704 2901 811 2936 Cord.
875 2901 1133 2946 παρεσκεύασεν
1151 2901 1224 2936 des.
1243 2903 1297 2937 c..l
1314 2902 1579 2947 παρασκεύασας
1598 2903 1709 2938 Cord.

123 2957 179 2990 24.
207 2947 250 2982 In
272 2947 368 2982 hunc
392 2960 533 2984 versum
559 2948 620 2985 dat
641 2948 715 2983 Mai
737 2960 755 2983 e
778 2948 979 2994 supradicta
1003 2947 1080 2983 Cat.
1101 2948 1188 2994 Reg.
1209 2947 1308 2984 Sv.ec
1322 2960 1356 2995 9.
1379 2949 1441 2984 fol.
1457 2960 1522 2996 129
1540 2962 1629 2996 quae
1655 2961 1709 2984 se-
