2037 3266
289 147 376 188 348
692 146 743 186 B.
776 145 1056 186 CYRILLI
1098 144 1481 185 ALEXANDR.
1731 143 1819 184 xiii.
1838 157 1878 198 9.

292 254 534 308 πλουσίαν
576 260 673 309 τοῖς
718 254 966 322 ὁρωμένοις
1017 254 1226 323 εἰσφέρει
1269 253 1355 318 τὴν
1398 252 1578 318 ὄνησιν,
1623 251 1882 317 οἰησόμεθά

290 361 394 391 πως
428 339 516 389 κάν
547 337 699 407 τούτῳ
734 336 893 403 λέγειν
926 335 1083 399 αὐτὸν,
1111 338 1174 391 ὡς
1209 340 1247 387 εἰ
1280 335 1346 400 μή
1381 358 1451 389 τις
1484 335 1773 404 ἀπονίψαιτο
1806 333 1883 386 διὰ

292 422 377 483 τῆς
404 419 547 470 αὐτοῦ
575 417 766 487 χάριτος
791 419 874 469 τὸν
899 420 949 469 ἐκ
979 421 1061 482 τῆς
1097 419 1326 485 ἁμαρτίας
1359 420 1434 469 καὶ
1467 423 1550 468 τοῦ
1583 421 1883 481 πλημμελεῖν

293 499 563 566 μολυσμὸν,
591 501 821 568 ἀμέτοχος
847 500 983 551 ἔσται
1009 503 1091 564 τῆς
1118 502 1228 566 παρ’
1257 501 1400 551 αὑτοῦ
1427 498 1559 565 ζωῆς,
1583 502 1658 551 καὶ
1681 502 1762 563 τῆς
1789 503 1885 550 τῶν

293 585 504 651 οὐρανῶν
541 584 792 644 βασιλείας
832 583 1066 648 ἄγευστος
1105 584 1340 646 ἀπομενεῖ.
1406 583 1459 633 οὐ
1498 580 1592 648 γὰρ
1633 586 1730 635 τοῖς
1767 582 1880 631 ἀκα-
1903 593 1925 632 5

294 666 481 732 θάρτοις
509 669 572 718 εἰς
599 664 682 718 τὰς
709 665 806 715 ἅνω
833 663 980 728 μονὰς
1006 663 1197 715 εἰσιέναι
1223 664 1366 728 θέμις,
1393 663 1525 714 ἀλλὰ
1559 668 1657 718 τοῖς
1693 661 1768 715 διὰ
1801 665 1885 726 τῆς

296 751 358 802 εἰς
383 745 601 813 Χριστὸν
628 744 817 812 ἀγάπης
853 746 1060 812 καθαρὸν
1094 746 1259 814 ἔχουσι
1292 744 1347 797 τὸ
1382 744 1609 809 συνειδὸς,
1635 747 1712 797 καὶ
1747 746 1883 811 ἡγια-

257 850 280 877 ο
297 828 489 893 σμένοις
516 830 564 879 ἐν
591 828 835 893 Πνεύματι
862 827 938 879 διὰ
963 833 1046 879 τοῦ
1075 828 1211 894 ἁγίου
1236 827 1586 892 βαπτίσματος.

255 994 278 1030 9
319 986 437 1036 ΛὲΓει
474 986 593 1042 αὐτῷ
628 986 774 1036 Σίμων
811 987 976 1043 Πέτρος
1017 985 1153 1043 Κύριε,
1191 985 1246 1034 μή
1286 985 1384 1027 τοὺς
1421 984 1557 1027 Πόδαε,
1595 999 1674 1033 μου
1710 983 1856 1034 μόνον,

597 1069 708 1110 ἀλλὰ
749 1069 817 1110 καὶ
854 1069 930 1111 τὰς
968 1066 1112 1127 χεῖρας
1151 1068 1220 1110 καὶ
1256 1068 1332 1110 τήν
1372 1068 1581 1125 κεφαλήν.
1908 1081 1958 1107 10

368 1185 432 1235 ‘O
476 1183 717 1248 τοσαύτην
753 1183 865 1248 ἡμῖν
903 1183 1073 1250 ἀρτίως
1117 1182 1351 1252 ἐπιδείξας
1395 1181 1482 1246 τὴν
1526 1181 1769 1242 ἔνστασιν,
1811 1180 1888 1230 καὶ

296 1265 580 1330 ἀπαυδήσας
621 1267 831 1333 ἐναργῶς
874 1271 974 1317 τοῖν
1013 1268 1180 1317 ποδοῖν
1219 1263 1305 1329 τὴν
1344 1263 1588 1333 ἀπόνιψιν,
1628 1263 1717 1330 οὐχ
1761 1260 1889 1315 ὅπως

297 1347 466 1402 αὐτοὺς
491 1348 787 1414 παρατίθησι
813 1346 1000 1411 μόνους,
1027 1347 1158 1399 ἀλλὰ
1188 1353 1265 1399 καὶ
1292 1350 1448 1415 χεῖρας
1479 1350 1556 1398 καὶ
1587 1345 1807 1414 κεφαλήν.
1850 1347 1889 1394 εἰ

297 1430 392 1497 γὰρ
424 1429 666 1494 μέλλοιμι,
694 1433 861 1499 φησὶν,
888 1431 1239 1482 ἀποπεσεῖσθαι
1275 1428 1351 1480 διὰ
1384 1434 1524 1480 τοῦτο
1558 1430 1640 1491 τῆς
1675 1425 1794 1493 πρὸς
1830 1424 1888 1476 σὲ

251 1523 281 1565 d
301 1512 561 1575 κοινωνίας,
591 1514 666 1563 καὶ
692 1512 881 1579 μακράν
907 1536 1000 1564 που
1035 1516 1220 1563 κεῖσθαι
1255 1516 1350 1562 τῶν
1377 1514 1424 1562 ἐν
1449 1511 1643 1562 ἐλπίσιν
1670 1511 1884 1574 ἀγαθῶν,
1910 1527 1956 1566 15

301 1597 339 1645 εἰ
363 1592 428 1659 μή
456 1616 537 1645 σοι
563 1596 638 1645 καὶ
665 1599 805 1645 τοῦτο
833 1597 949 1661 δρᾶν
975 1592 1189 1646 ἐθέλοντι
1224 1596 1299 1645 καὶ
1330 1593 1634 1662 προελομένῳ
1660 1591 1882 1642 κατανεύ-

299 1698 441 1740 σαιμι
472 1677 548 1726 καὶ
582 1676 871 1744 ἀπονίψαιμι
898 1675 1007 1730 τοὺς
1032 1674 1195 1738 πόδας,
1223 1674 1491 1742 παραθήσω
1519 1676 1595 1725 καὶ
1629 1672 1690 1725 τὰ
1721 1672 1885 1734 λοιπὰ,

301 1757 388 1822 τὴν
419 1759 540 1809 οὕτω
576 1758 969 1826 φρικωδεστάτην
1002 1758 1168 1825 ζημίαν
1201 1756 1588 1823 παραιτούμενος.
1641 1756 1890 1816 εὐλαβείας

302 1841 385 1891 οὖν
410 1838 469 1904 ἧν
495 1840 587 1907 ἄρα
613 1839 793 1907 καρπὸς
818 1841 845 1905 ἡ
872 1843 921 1892 ἐν
947 1842 1114 1908 ἀρχαῖς
1139 1841 1442 1907 παραίτησις,
1469 1843 1545 1890 καὶ
1571 1838 1625 1890 τὸ
1653 1836 1890 1905 δυσαχθές

303 1922 508 1976 δεδιότος
552 1928 636 1973 τοῦ
679 1921 974 1989 πράγματος,
1016 1924 1120 1990 οὐχὶ
1165 1921 1221 1986 δὴ
1263 1922 1452 1976 πάντως
1494 1920 1889 1986 ἀντιπράττοντος
1910 1945 1959 1970 20

302 2010 399 2058 τοῖς
427 2008 726 2058 δεσποτικοῖς
752 2003 1089 2071 ἐπιτάγμασιν.
1142 2006 1313 2055 ἐννοῶν
1340 2027 1389 2055 τε
1416 2003 1522 2070 γὰρ,
1549 2006 1610 2056 ὡς
1643 2003 1777 2071 ἔφην,
1804 2000 1890 2066 τήν

304 2110 353 2138 τε
387 2093 470 2138 τοῦ
505 2089 725 2154 Σωτῆρος
760 2087 912 2156 ἀξίαν,
939 2089 1014 2138 καὶ
1052 2090 1134 2151 τῆς
1172 2088 1338 2138 ἑαυτοῦ
1379 2087 1569 2154 φύσεως
1602 2084 1656 2136 τὸ
1692 2106 1891 2148 σμικρο-

265 2169 493 2234 θπρεπές,
521 2170 702 2235 ἠρνεῖτο
741 2168 825 2232 μὲν
857 2171 905 2219 ἐν
936 2171 1119 2236 ἀρχαῖς·
1166 2167 1332 2232 μαθὼν
1356 2167 1404 2218 δὲ
1438 2167 1491 2218 τὸ
1525 2167 1729 2228 βλάβος,
1757 2164 1890 2219 εὐθὺς

305 2250 577 2317 μετατρέχει
604 2250 724 2316 πρὸς
749 2251 803 2301 τὸ
829 2250 1098 2311 βούλεσθαι
1124 2250 1179 2301 τὸ
1203 2254 1269 2319 τῷ
1294 2254 1544 2315 κρατοῦντι
1571 2252 1753 2299 δοκοῦν.

371 2332 616 2398 Ἐπιτήρει
637 2331 685 2382 δὲ
705 2331 854 2383 πάλιν
874 2334 949 2383 καὶ
970 2332 1108 2399 δέχου
1133 2331 1187 2383 τὸ
1213 2331 1548 2397 πεπραγμένον
1568 2333 1630 2383 εἰς
1658 2330 1890 2396 ὠφελείας
1911 2351 1959 2390 25

83 2406 196 2483 {3}
308 2413 634 2480 ὑπογραμμόν·
687 2414 836 2465 καίτοι
870 2413 964 2480 γὰρ
999 2414 1191 2480 εἰρηκώς
1219 2421 1244 2442 “
1267 2415 1342 2464 Οὐ
1377 2412 1442 2477 μὴ
1479 2414 1623 2481 νίψῃς
1657 2433 1748 2475 μου
1782 2409 1891 2465 τοὺς

307 2503 335 2526 “
359 2495 509 2550 πόδας
548 2498 610 2549 εἰς
645 2495 728 2547 τὸν
766 2495 954 2558 αἰῶνα,”
988 2497 1270 2559 μεθίσταται
1310 2498 1604 2562 παραχρῆμα
1644 2500 1727 2544 τοῦ
1771 2491 1891 2559 πρὸς

306 2583 447 2630 τοῦτο
489 2577 757 2639 βλέποντος
802 2583 897 2642 νοῦ,
941 2579 1023 2629 οὐκ
1076 2579 1221 2629 ἐκεῖνο
1271 2576 1490 2642 μάλιστα
1533 2575 1776 2640 ἐννοήσας,
1820 2575 1892 2626 ὅτι

304 2659 541 2726 προσήκοι
580 2665 676 2715 τοῖς
715 2660 844 2714 ἰδίοις
884 2659 1027 2712 αὐτὸν
1066 2659 1326 2724 ἐμμένοντα
1366 2658 1528 2723 λόγοις
1569 2659 1726 2722 ἀληθῆ
1771 2658 1888 2724 φαί-

307 2746 473 2793 νεσθαι
499 2742 610 2808 παρ’
640 2743 763 2806 ἡμῖν,
791 2743 902 2793 ἀλλ’
932 2742 1002 2794 ὅτι
1028 2741 1214 2808 μείζονα
1242 2743 1317 2793 καὶ
1343 2739 1680 2810 χαλεπωτέραν
1705 2738 1891 2804 εὑρήσει
1911 2762 1962 2797 30

356 2864 385 2885 2.
413 2853 581 2897 ἀπονίψαι
599 2855 637 2887 τὸ
656 2854 697 2887 Ε.
714 2853 924 2898 ἀπονίψηται
942 2866 972 2887 a.
1245 2866 1279 2896 4.
1305 2854 1469 2897 ἆμέτεχος
1488 2852 1581 2886 Aub.
1601 2850 1783 2885 emendavi
1801 2862 1841 2883 ex
1861 2863 1890 2885 a.

313 2910 362 2932 12.
390 2900 449 2954 τὴν
464 2901 584 2979 πιὶξοῖν
602 2900 661 2944 τὴν
678 2900 852 2945 ἀπόνηψιν
871 2901 952 2944 (sic)
973 2901 1016 2935 E.
1284 2912 1337 2944 14.
1364 2901 1417 2934 διὰ
1434 2901 1535 2933 τοῦτο
1554 2898 1596 2932 Ε.
1614 2898 1667 2932 διὰ
1685 2897 1806 2931 τούτου
1825 2897 1891 2931 Ed.

307 2956 363 2989 30.
391 2960 481 2989 ημων
534 2973 540 2980 .
