<?xml version="1.0" encoding="UTF-8"?>
<!DOCTYPE html PUBLIC "-//W3C//DTD XHTML 1.0 Transitional//EN"
    "http://www.w3.org/TR/xhtml1/DTD/xhtml1-transitional.dtd">
<html xmlns="http://www.w3.org/1999/xhtml" xml:lang="en" lang="en">
 <head>
  <title>
</title>
<meta http-equiv="Content-Type" content="text/html;charset=utf-8" />
  <meta name='ocr-system' content='tesseract 3.04.00' />
  <meta name='ocr-capabilities' content='ocr_page ocr_carea ocr_par ocr_line ocrx_word'/>
</head>
<body>
  <div class='ocr_page' id='page_1' title='image "./operacyrilli04cyriuoft/operacyrilli04cyriuoft_0612.png"; bbox 0 0 2037 3266; ppageno 0'>
   <div class='ocr_carea' id='block_1_1' title="bbox 346 119 1931 160">
    <p class='ocr_par' dir='ltr' id='par_1_1' title="bbox 346 119 1931 160">
     <span class='ocr_line' id='line_1_1' title="bbox 346 119 1931 160; baseline -0.001 -1"><span class='ocrx_word' id='word_1_1' title='bbox 346 120 430 159; x_wconf 88' lang='grc'>600</span> <span class='ocrx_word' id='word_1_2' title='bbox 747 119 798 159; x_wconf 91' lang='grc' dir='ltr'>Β.</span> <span class='ocrx_word' id='word_1_3' title='bbox 831 119 1109 160; x_wconf 87' lang='lat' dir='ltr'>CYRILLI</span> <span class='ocrx_word' id='word_1_4' title='bbox 1152 120 1530 160; x_wconf 88' lang='lat' dir='ltr'><strong>ALEXANDR.</strong></span> <span class='ocrx_word' id='word_1_5' title='bbox 1777 135 1844 159; x_wconf 86' lang='lat' dir='ltr'>xv.</span> <span class='ocrx_word' id='word_1_6' title='bbox 1867 131 1931 158; x_wconf 78' lang='lat'>22.</span> 
     </span>
    </p>
   </div>
   <div class='ocr_carea' id='block_1_2' title="bbox 306 226 1932 1113">
    <p class='ocr_par' dir='ltr' id='par_1_2' title="bbox 306 226 1932 1113">
     <span class='ocr_line' id='line_1_2' title="bbox 346 226 1932 297; baseline 0 -20"><span class='ocrx_word' id='word_1_7' title='bbox 346 228 422 277; x_wconf 76' lang='grc' dir='ltr'>καὶ</span> <span class='ocrx_word' id='word_1_8' title='bbox 461 226 592 278; x_wconf 78' lang='grc' dir='ltr'>οὐδὲν</span> <span class='ocrx_word' id='word_1_9' title='bbox 616 228 917 293; x_wconf 86' lang='grc' dir='ltr'>ἠγνοηκότων</span> <span class='ocrx_word' id='word_1_10' title='bbox 941 233 1035 279; x_wconf 85' lang='grc' dir='ltr'>τῶν</span> <span class='ocrx_word' id='word_1_11' title='bbox 1062 228 1156 279; x_wconf 80' lang='grc' dir='ltr'>ὅσα</span> <span class='ocrx_word' id='word_1_12' title='bbox 1193 228 1520 279; x_wconf 83' lang='grc' dir='ltr'>διεκελεύσατο</span> <span class='ocrx_word' id='word_1_13' title='bbox 1552 232 1742 297; x_wconf 81' lang='grc' dir='ltr'>φρονεῖν</span> <span class='ocrx_word' id='word_1_14' title='bbox 1768 250 1818 278; x_wconf 88' lang='grc' dir='ltr'>τε</span> <span class='ocrx_word' id='word_1_15' title='bbox 1856 229 1932 278; x_wconf 83' lang='grc' dir='ltr'>καὶ</span> 
     </span>
     <span class='ocr_line' id='line_1_3' title="bbox 306 308 1932 378; baseline -0.002 -16"><span class='ocrx_word' id='word_1_16' title='bbox 306 312 477 373; x_wconf 75' lang='grc' dir='ltr'>θδρᾶν,</span> <span class='ocrx_word' id='word_1_17' title='bbox 521 309 683 378; x_wconf 73' lang='grc' dir='ltr'>ε’κδέξῃ</span> <span class='ocrx_word' id='word_1_18' title='bbox 733 313 933 361; x_wconf 84' lang='grc' dir='ltr'>τοιῶσδε</span> <span class='ocrx_word' id='word_1_19' title='bbox 992 313 1091 373; x_wconf 80' lang='grc' dir='ltr'>Τῆς</span> <span class='ocrx_word' id='word_1_20' title='bbox 1148 309 1234 373; x_wconf 74' lang='grc' dir='ltr'>μὲν</span> <span class='ocrx_word' id='word_1_21' title='bbox 1286 309 1507 376; x_wconf 77' lang='grc' dir='ltr'>ὑμετέρας</span> <span class='ocrx_word' id='word_1_22' title='bbox 1557 310 1640 360; x_wconf 81' lang='grc' dir='ltr'>οὐκ</span> <span class='ocrx_word' id='word_1_23' title='bbox 1689 308 1932 377; x_wconf 74' lang='grc' dir='ltr'>ἀνέξονται</span> 
     </span>
     <span class='ocr_line' id='line_1_4' title="bbox 346 390 1932 460; baseline 0 -20"><span class='ocrx_word' id='word_1_24' title='bbox 346 392 672 454; x_wconf 79' lang='grc' dir='ltr'>διδασκαλίας,</span> <span class='ocrx_word' id='word_1_25' title='bbox 716 393 880 460; x_wconf 75' lang='grc' dir='ltr'>φησὶν,</span> <span class='ocrx_word' id='word_1_26' title='bbox 918 391 1167 442; x_wconf 83' lang='grc' dir='ltr'>ἐποίσουσι</span> <span class='ocrx_word' id='word_1_27' title='bbox 1208 390 1256 441; x_wconf 75' lang='grc' dir='ltr'>δὲ</span> <span class='ocrx_word' id='word_1_28' title='bbox 1293 390 1583 457; x_wconf 82' lang='grc' dir='ltr'>πειρασμούς</span> <span class='ocrx_word' id='word_1_29' title='bbox 1624 414 1674 442; x_wconf 90' lang='grc' dir='ltr'>τε</span> <span class='ocrx_word' id='word_1_30' title='bbox 1712 394 1787 442; x_wconf 76' lang='grc' dir='ltr'>καὶ</span> <span class='ocrx_word' id='word_1_31' title='bbox 1827 394 1932 441; x_wconf 91' lang='grc' dir='ltr'>διω-</span> 
     </span>
     <span class='ocr_line' id='line_1_5' title="bbox 345 472 1931 539; baseline 0.002 -16"><span class='ocrx_word' id='word_1_32' title='bbox 345 472 509 537; x_wconf 75' lang='grc' dir='ltr'>γμοὺς,</span> <span class='ocrx_word' id='word_1_33' title='bbox 535 476 611 524; x_wconf 79' lang='grc' dir='ltr'>καὶ</span> <span class='ocrx_word' id='word_1_34' title='bbox 637 478 733 524; x_wconf 82' lang='grc' dir='ltr'>πᾶν</span> <span class='ocrx_word' id='word_1_35' title='bbox 759 472 877 527; x_wconf 78' lang='grc' dir='ltr'>εἶδος</span> <span class='ocrx_word' id='word_1_36' title='bbox 900 475 1005 537; x_wconf 82' lang='grc' dir='ltr'>ὑμῖν</span> <span class='ocrx_word' id='word_1_37' title='bbox 1031 472 1315 537; x_wconf 84' lang='grc' dir='ltr'>ἐννοήσουσι</span> <span class='ocrx_word' id='word_1_38' title='bbox 1341 473 1572 539; x_wconf 79' lang='grc' dir='ltr'>θορύβων,</span> <span class='ocrx_word' id='word_1_39' title='bbox 1601 475 1676 524; x_wconf 82' lang='grc' dir='ltr'>καὶ</span> <span class='ocrx_word' id='word_1_40' title='bbox 1702 477 1764 526; x_wconf 79' lang='grc' dir='ltr'>εἷς</span> <span class='ocrx_word' id='word_1_41' title='bbox 1789 478 1931 536; x_wconf 83' lang='grc' dir='ltr'>μῖσος</span> 
     </span>
     <span class='ocr_line' id='line_1_6' title="bbox 346 553 1931 620; baseline 0.001 -16"><span class='ocrx_word' id='word_1_42' title='bbox 346 554 506 605; x_wconf 77' lang='grc' dir='ltr'>ἄδικον</span> <span class='ocrx_word' id='word_1_43' title='bbox 541 557 590 605; x_wconf 89' lang='grc' dir='ltr'>ἐκ</span> <span class='ocrx_word' id='word_1_44' title='bbox 627 556 814 620; x_wconf 80' lang='grc' dir='ltr'>πικρίας</span> <span class='ocrx_word' id='word_1_45' title='bbox 852 553 1276 618; x_wconf 84' lang='grc' dir='ltr'>ἀνακαυθήσονται,</span> <span class='ocrx_word' id='word_1_46' title='bbox 1311 555 1649 618; x_wconf 76' lang='grc' dir='ltr'>πλημμέλημα</span> <span class='ocrx_word' id='word_1_47' title='bbox 1688 554 1772 618; x_wconf 75' lang='grc' dir='ltr'>μὲν</span> <span class='ocrx_word' id='word_1_48' title='bbox 1798 553 1931 605; x_wconf 76' lang='grc' dir='ltr'>οὐδὲν</span> 
     </span>
     <span class='ocr_line' id='line_1_7' title="bbox 345 635 1926 702; baseline 0 -16"><span class='ocrx_word' id='word_1_49' title='bbox 345 635 529 702; x_wconf 75' lang='grc' dir='ltr'>ἔχοντες</span> <span class='ocrx_word' id='word_1_50' title='bbox 569 641 721 698; x_wconf 77' lang='grc' dir='ltr'>εἰπεῖν,</span> <span class='ocrx_word' id='word_1_51' title='bbox 762 638 1071 702; x_wconf 81' lang='grc' dir='ltr'>ἐγκαλοῦντες</span> <span class='ocrx_word' id='word_1_52' title='bbox 1108 635 1156 686; x_wconf 79' lang='grc' dir='ltr'>δὲ</span> <span class='ocrx_word' id='word_1_53' title='bbox 1193 635 1343 700; x_wconf 89' lang='grc' dir='ltr'>μόνην</span> <span class='ocrx_word' id='word_1_54' title='bbox 1381 636 1573 701; x_wconf 83' lang='grc' dir='ltr'>ἀγάπην</span> <span class='ocrx_word' id='word_1_55' title='bbox 1611 635 1699 699; x_wconf 87' lang='grc' dir='ltr'>τὴν</span> <span class='ocrx_word' id='word_1_56' title='bbox 1733 639 1795 689; x_wconf 79' lang='grc' dir='ltr'>εἰς</span> <span class='ocrx_word' id='word_1_57' title='bbox 1832 636 1926 699; x_wconf 81' lang='grc' dir='ltr'>ἐμέ.</span> 
     </span>
     <span class='ocr_line' id='line_1_8' title="bbox 346 716 1927 786; baseline 0 -18"><span class='ocrx_word' id='word_1_58' title='bbox 346 718 766 786; x_wconf 73' lang='grc' dir='ltr'>κατασοφιζόμενοι</span> <span class='ocrx_word' id='word_1_59' title='bbox 806 718 853 769; x_wconf 77' lang='grc' dir='ltr'>δὲ</span> <span class='ocrx_word' id='word_1_60' title='bbox 893 716 1057 784; x_wconf 76' lang='grc' dir='ltr'>ὥσπερ</span> <span class='ocrx_word' id='word_1_61' title='bbox 1091 721 1173 781; x_wconf 81' lang='grc' dir='ltr'>τῆς</span> <span class='ocrx_word' id='word_1_62' title='bbox 1211 720 1387 769; x_wconf 80' lang='grc' dir='ltr'>ἑαυτῶν</span> <span class='ocrx_word' id='word_1_63' title='bbox 1425 718 1647 771; x_wconf 86' lang='grc' dir='ltr'>ἀπονοίας</span> <span class='ocrx_word' id='word_1_64' title='bbox 1685 717 1770 781; x_wconf 87' lang='grc' dir='ltr'>τὴν</span> <span class='ocrx_word' id='word_1_65' title='bbox 1803 718 1927 781; x_wconf 85' lang='grc' dir='ltr'>ὠμό-</span> 
     </span>
     <span class='ocr_line' id='line_1_9' title="bbox 345 797 1928 867; baseline 0 -18"><span class='ocrx_word' id='word_1_66' title='bbox 345 823 478 864; x_wconf 87' lang='grc' dir='ltr'>τητα,</span> <span class='ocrx_word' id='word_1_67' title='bbox 530 803 605 850; x_wconf 79' lang='grc' dir='ltr'>καὶ</span> <span class='ocrx_word' id='word_1_68' title='bbox 655 798 709 850; x_wconf 78' lang='grc' dir='ltr'>τὸ</span> <span class='ocrx_word' id='word_1_69' title='bbox 761 802 810 850; x_wconf 88' lang='grc' dir='ltr'>ἐκ</span> <span class='ocrx_word' id='word_1_70' title='bbox 860 802 942 863; x_wconf 79' lang='grc' dir='ltr'>τῆς</span> <span class='ocrx_word' id='word_1_71' title='bbox 1000 800 1282 863; x_wconf 84' lang='grc' dir='ltr'>ἡδυπαθείας</span> <span class='ocrx_word' id='word_1_72' title='bbox 1331 797 1501 867; x_wconf 71' lang='grc' dir='ltr'>αἶσχος</span> <span class='ocrx_word' id='word_1_73' title='bbox 1551 799 1928 865; x_wconf 79' lang='grc' dir='ltr'>ἀποτριβόμενοι,</span> 
     </span>
     <span class='ocr_line' id='line_1_10' title="bbox 349 880 1930 947; baseline -0.001 -16"><span class='ocrx_word' id='word_1_74' title='bbox 349 882 566 932; x_wconf 76' lang='grc' dir='ltr'>Μωυσέα</span> <span class='ocrx_word' id='word_1_75' title='bbox 605 881 660 945; x_wconf 80' lang='grc' dir='ltr'>δὴ</span> <span class='ocrx_word' id='word_1_76' title='bbox 686 880 874 935; x_wconf 85' lang='grc' dir='ltr'>πάντως</span> <span class='ocrx_word' id='word_1_77' title='bbox 912 886 1270 947; x_wconf 78' lang='grc' dir='ltr'>προβαλοῦνται</span> <span class='ocrx_word' id='word_1_78' title='bbox 1306 883 1381 932; x_wconf 70' lang='grc' dir='ltr'>καὶ</span> <span class='ocrx_word' id='word_1_79' title='bbox 1408 881 1466 931; x_wconf 78' lang='grc' dir='ltr'>τὰ</span> <span class='ocrx_word' id='word_1_80' title='bbox 1496 881 1756 942; x_wconf 82' lang='grc' dir='ltr'>Μωυσέως,</span> <span class='ocrx_word' id='word_1_81' title='bbox 1784 904 1930 931; x_wconf 92' lang='grc' dir='ltr'>συνα-</span> 
     </span>
     <span class='ocr_line' id='line_1_11' title="bbox 347 962 1927 1032; baseline -0.001 -18"><span class='ocrx_word' id='word_1_82' title='bbox 347 962 528 1028; x_wconf 71' lang='grc' dir='ltr'>σπίζειν</span> <span class='ocrx_word' id='word_1_83' title='bbox 554 962 601 1014; x_wconf 78' lang='grc' dir='ltr'>δὲ</span> <span class='ocrx_word' id='word_1_84' title='bbox 626 963 789 1028; x_wconf 78' lang='grc' dir='ltr'>ὥσπερ</span> <span class='ocrx_word' id='word_1_85' title='bbox 816 968 912 1017; x_wconf 85' lang='grc' dir='ltr'>τοῖς</span> <span class='ocrx_word' id='word_1_86' title='bbox 941 962 1175 1032; x_wconf 75' lang='grc' dir='ltr'>πατρῴοις</span> <span class='ocrx_word' id='word_1_87' title='bbox 1208 965 1561 1029; x_wconf 82' lang='grc' dir='ltr'>ὑποκρινοῦνται</span> <span class='ocrx_word' id='word_1_88' title='bbox 1594 962 1765 1026; x_wconf 83' lang='grc' dir='ltr'>νόμοις·</span> <span class='ocrx_word' id='word_1_89' title='bbox 1817 964 1927 1012; x_wconf 90' lang='grc' dir='ltr'>ἀλλ’</span> 
     </span>
     <span class='ocr_line' id='line_1_12' title="bbox 351 1043 1931 1113; baseline -0.001 -17"><span class='ocrx_word' id='word_1_90' title='bbox 351 1051 382 1097; x_wconf 78' lang='grc' dir='ltr'>εἰ</span> <span class='ocrx_word' id='word_1_91' title='bbox 415 1044 500 1108; x_wconf 73' lang='grc' dir='ltr'>μὲν</span> <span class='ocrx_word' id='word_1_92' title='bbox 531 1044 592 1113; x_wconf 65' lang='grc' dir='ltr'>μῖγ</span> <span class='ocrx_word' id='word_1_93' title='bbox 618 1044 771 1096; x_wconf 81' lang='grc' dir='ltr'>ἐλθὼν</span> <span class='ocrx_word' id='word_1_94' title='bbox 806 1048 888 1109; x_wconf 82' lang='grc' dir='ltr'>τῆς</span> <span class='ocrx_word' id='word_1_95' title='bbox 915 1045 990 1096; x_wconf 77' lang='grc' dir='ltr'>διὰ</span> <span class='ocrx_word' id='word_1_96' title='bbox 1025 1045 1272 1099; x_wconf 77' lang='grc' dir='ltr'>Μωυσέως</span> <span class='ocrx_word' id='word_1_97' title='bbox 1297 1047 1490 1108; x_wconf 82' lang='grc' dir='ltr'>ἐντολῆς</span> <span class='ocrx_word' id='word_1_98' title='bbox 1517 1045 1569 1095; x_wconf 79' lang='grc' dir='ltr'>οὐ</span> <span class='ocrx_word' id='word_1_99' title='bbox 1595 1044 1847 1112; x_wconf 73' lang='grc' dir='ltr'>παρέδειξα</span> <span class='ocrx_word' id='word_1_100' title='bbox 1872 1043 1931 1095; x_wconf 78' lang='grc' dir='ltr'>τὰ</span> 
     </span>
    </p>
   </div>
   <div class='ocr_carea' id='block_1_3' title="bbox 124 1125 1930 1194">
    <p class='ocr_par' dir='ltr' id='par_1_3' title="bbox 124 1125 1930 1194">
     <span class='ocr_line' id='line_1_13' title="bbox 124 1125 1930 1194; baseline -0.002 -15"><span class='ocrx_word' id='word_1_101' title='bbox 124 1144 212 1179; x_wconf 87' lang='grc'>905</span> <span class='ocrx_word' id='word_1_102' title='bbox 228 1143 276 1178; x_wconf 88' lang='lat' dir='ltr'>A.</span> <span class='ocrx_word' id='word_1_103' title='bbox 310 1127 587 1189; x_wconf 60' lang='grc' dir='ltr'>εβελτιόνα,</span> <span class='ocrx_word' id='word_1_104' title='bbox 613 1131 649 1177; x_wconf 83' lang='grc' dir='ltr'>εἷ</span> <span class='ocrx_word' id='word_1_105' title='bbox 680 1127 744 1190; x_wconf 79' lang='grc' dir='ltr'>μὴ</span> <span class='ocrx_word' id='word_1_106' title='bbox 780 1126 855 1177; x_wconf 75' lang='grc' dir='ltr'>διὰ</span> <span class='ocrx_word' id='word_1_107' title='bbox 892 1132 1093 1178; x_wconf 82' lang='grc' dir='ltr'>πολλῶν</span> <span class='ocrx_word' id='word_1_108' title='bbox 1118 1126 1527 1194; x_wconf 90' lang='grc' dir='ltr'>πεπληροφόρηκα</span> <span class='ocrx_word' id='word_1_109' title='bbox 1563 1125 1738 1191; x_wconf 88' lang='grc' dir='ltr'>λόγων,</span> <span class='ocrx_word' id='word_1_110' title='bbox 1775 1128 1837 1178; x_wconf 85' lang='grc' dir='ltr'>ὡς</span> <span class='ocrx_word' id='word_1_111' title='bbox 1863 1125 1930 1189; x_wconf 79' lang='grc' dir='ltr'>εἴη</span> 
     </span>
    </p>
   </div>
   <div class='ocr_carea' id='block_1_4' title="bbox 122 1453 232 1536">
    <p class='ocr_par' dir='ltr' id='par_1_4' title="bbox 122 1453 232 1536">
     <span class='ocr_line' id='line_1_14' title="bbox 123 1453 232 1494; baseline 0 -10"><span class='ocrx_word' id='word_1_112' title='bbox 123 1453 232 1494; x_wconf 76' lang='lat' dir='ltr'>Supra</span> 
     </span>
     <span class='ocr_line' id='line_1_15' title="bbox 122 1496 221 1536; baseline 0.01 -9"><span class='ocrx_word' id='word_1_113' title='bbox 122 1507 152 1528; x_wconf 87' lang='lat' dir='ltr'>V.</span> <span class='ocrx_word' id='word_1_114' title='bbox 169 1496 221 1536; x_wconf 76' lang='lat'>46.</span> 
     </span>
    </p>
   </div>
   <div class='ocr_carea' id='block_1_5' title="bbox 301 1206 1932 2586">
    <p class='ocr_par' dir='ltr' id='par_1_5' title="bbox 301 1206 1932 2586">
     <span class='ocr_line' id='line_1_16' title="bbox 347 1206 1931 1278; baseline -0.001 -19"><span class='ocrx_word' id='word_1_115' title='bbox 347 1208 432 1273; x_wconf 72' lang='grc' dir='ltr'>μὲν</span> <span class='ocrx_word' id='word_1_116' title='bbox 458 1209 549 1273; x_wconf 77' lang='grc' dir='ltr'>ἤδη</span> <span class='ocrx_word' id='word_1_117' title='bbox 584 1208 741 1275; x_wconf 78' lang='grc' dir='ltr'>καιρὸς</span> <span class='ocrx_word' id='word_1_118' title='bbox 774 1209 833 1259; x_wconf 81' lang='grc' dir='ltr'>τὰ</span> <span class='ocrx_word' id='word_1_119' title='bbox 863 1211 912 1259; x_wconf 88' lang='grc' dir='ltr'>ἐν</span> <span class='ocrx_word' id='word_1_120' title='bbox 937 1209 1070 1278; x_wconf 76' lang='grc' dir='ltr'>τύπῳ</span> <span class='ocrx_word' id='word_1_121' title='bbox 1100 1209 1372 1275; x_wconf 82' lang='grc' dir='ltr'>παρελάσαι</span> <span class='ocrx_word' id='word_1_122' title='bbox 1400 1207 1581 1269; x_wconf 83' lang='grc' dir='ltr'>λοιπὸν,</span> <span class='ocrx_word' id='word_1_123' title='bbox 1610 1210 1684 1258; x_wconf 76' lang='grc' dir='ltr'>καὶ</span> <span class='ocrx_word' id='word_1_124' title='bbox 1712 1206 1782 1257; x_wconf 80' lang='grc' dir='ltr'>ὅτι</span> <span class='ocrx_word' id='word_1_125' title='bbox 1808 1229 1931 1274; x_wconf 83' lang='grc' dir='ltr'>σχη-</span> 
     </span>
     <span class='ocr_line' id='line_1_17' title="bbox 348 1288 1931 1357; baseline -0.003 -16"><span class='ocrx_word' id='word_1_126' title='bbox 348 1291 511 1354; x_wconf 81' lang='grc' dir='ltr'>μάτων</span> <span class='ocrx_word' id='word_1_127' title='bbox 551 1289 637 1353; x_wconf 77' lang='grc' dir='ltr'>μὲν</span> <span class='ocrx_word' id='word_1_128' title='bbox 663 1291 770 1345; x_wconf 79' lang='grc' dir='ltr'>ἅλις</span> <span class='ocrx_word' id='word_1_129' title='bbox 805 1293 881 1342; x_wconf 76' lang='grc' dir='ltr'>καὶ</span> <span class='ocrx_word' id='word_1_130' title='bbox 920 1295 1072 1353; x_wconf 81' lang='grc' dir='ltr'>σκιᾶς,</span> <span class='ocrx_word' id='word_1_131' title='bbox 1113 1289 1211 1356; x_wconf 75' lang='grc' dir='ltr'>ὥρα</span> <span class='ocrx_word' id='word_1_132' title='bbox 1250 1290 1298 1341; x_wconf 80' lang='grc' dir='ltr'>δὲ</span> <span class='ocrx_word' id='word_1_133' title='bbox 1338 1289 1483 1354; x_wconf 82' lang='grc' dir='ltr'>αὐτὴν</span> <span class='ocrx_word' id='word_1_134' title='bbox 1522 1288 1807 1357; x_wconf 75' lang='grc' dir='ltr'>ἀναλάμψαι</span> <span class='ocrx_word' id='word_1_135' title='bbox 1845 1288 1931 1352; x_wconf 81' lang='grc' dir='ltr'>τὴν</span> 
     </span>
     <span class='ocr_line' id='line_1_18' title="bbox 350 1370 1921 1441; baseline -0.002 -18"><span class='ocrx_word' id='word_1_136' title='bbox 350 1372 593 1437; x_wconf 86' lang='grc' dir='ltr'>ἀλήθειαν·</span> <span class='ocrx_word' id='word_1_137' title='bbox 649 1377 684 1423; x_wconf 78' lang='grc' dir='ltr'>εἰ</span> <span class='ocrx_word' id='word_1_138' title='bbox 723 1372 787 1437; x_wconf 84' lang='grc' dir='ltr'>μὴ</span> <span class='ocrx_word' id='word_1_139' title='bbox 827 1379 965 1424; x_wconf 89' lang='grc' dir='ltr'>τοῦτο</span> <span class='ocrx_word' id='word_1_140' title='bbox 1006 1374 1082 1424; x_wconf 78' lang='grc' dir='ltr'>καὶ</span> <span class='ocrx_word' id='word_1_141' title='bbox 1109 1373 1165 1441; x_wconf 72' lang='grc' dir='ltr'>ἐξ</span> <span class='ocrx_word' id='word_1_142' title='bbox 1201 1374 1342 1423; x_wconf 77' lang='grc' dir='ltr'>αὑτοῦ</span> <span class='ocrx_word' id='word_1_143' title='bbox 1370 1372 1550 1438; x_wconf 78' lang='grc' dir='ltr'>δέδειχα</span> <span class='ocrx_word' id='word_1_144' title='bbox 1582 1370 1739 1434; x_wconf 81' lang='grc' dir='ltr'>νόμου,</span> <span class='ocrx_word' id='word_1_145' title='bbox 1767 1370 1921 1436; x_wconf 78' lang='grc' dir='ltr'>σαφέ-</span> 
     </span>
     <span class='ocr_line' id='line_1_19' title="bbox 349 1451 1924 1521; baseline -0.003 -16"><span class='ocrx_word' id='word_1_146' title='bbox 349 1478 506 1505; x_wconf 90' lang='grc' dir='ltr'>στατα</span> <span class='ocrx_word' id='word_1_147' title='bbox 536 1455 690 1521; x_wconf 75' lang='grc' dir='ltr'>λε’γων</span> <span class='ocrx_word' id='word_1_148' title='bbox 729 1463 755 1485; x_wconf 78' lang='grc'><strong>“</strong></span> <span class='ocrx_word' id='word_1_149' title='bbox 775 1459 831 1506; x_wconf 73' lang='lat' dir='ltr'>El</span> <span class='ocrx_word' id='word_1_150' title='bbox 867 1455 1133 1506; x_wconf 81' lang='grc' dir='ltr'>ἐπιστεύετε</span> <span class='ocrx_word' id='word_1_151' title='bbox 1162 1459 1376 1515; x_wconf 85' lang='grc' dir='ltr'>Μωυσεῖ,</span> <span class='ocrx_word' id='word_1_152' title='bbox 1417 1453 1681 1504; x_wconf 82' lang='grc' dir='ltr'>ἐπιστεύετε</span> <span class='ocrx_word' id='word_1_153' title='bbox 1713 1451 1770 1502; x_wconf 80' lang='grc' dir='ltr'>ἂν</span> <span class='ocrx_word' id='word_1_154' title='bbox 1808 1452 1924 1515; x_wconf 86' lang='grc' dir='ltr'>ἐμοί·</span> 
     </span>
     <span class='ocr_line' id='line_1_20' title="bbox 349 1535 1931 1604; baseline -0.003 -17"><span class='ocrx_word' id='word_1_155' title='bbox 349 1543 377 1565; x_wconf 83' lang='lat'>“</span> <span class='ocrx_word' id='word_1_156' title='bbox 396 1539 498 1602; x_wconf 80' lang='grc' dir='ltr'>περὶ</span> <span class='ocrx_word' id='word_1_157' title='bbox 524 1537 617 1602; x_wconf 80' lang='grc' dir='ltr'>γὰρ</span> <span class='ocrx_word' id='word_1_158' title='bbox 643 1539 755 1600; x_wconf 85' lang='grc' dir='ltr'>ἐμοῦ</span> <span class='ocrx_word' id='word_1_159' title='bbox 781 1539 947 1590; x_wconf 88' lang='grc' dir='ltr'>ἐκεῖνος</span> <span class='ocrx_word' id='word_1_160' title='bbox 975 1537 1229 1604; x_wconf 63' lang='grc' dir='ltr'>ἔργαψενῇ</span> <span class='ocrx_word' id='word_1_161' title='bbox 1275 1541 1313 1586; x_wconf 78' lang='grc' dir='ltr'>εἰ</span> <span class='ocrx_word' id='word_1_162' title='bbox 1339 1535 1403 1600; x_wconf 82' lang='grc' dir='ltr'>μὴ</span> <span class='ocrx_word' id='word_1_163' title='bbox 1424 1540 1525 1589; x_wconf 86' lang='grc' dir='ltr'>ταῖς</span> <span class='ocrx_word' id='word_1_164' title='bbox 1550 1539 1644 1585; x_wconf 88' lang='grc' dir='ltr'>τῶν</span> <span class='ocrx_word' id='word_1_165' title='bbox 1670 1537 1931 1601; x_wconf 75' lang='grc' dir='ltr'>προφητῶν</span> 
     </span>
     <span class='ocr_line' id='line_1_21' title="bbox 345 1615 1932 1688; baseline 0 -20"><span class='ocrx_word' id='word_1_166' title='bbox 345 1620 620 1685; x_wconf 87' lang='grc' dir='ltr'>μαρτυρίαις</span> <span class='ocrx_word' id='word_1_167' title='bbox 664 1618 880 1688; x_wconf 79' lang='grc' dir='ltr'>συνῳδὸν</span> <span class='ocrx_word' id='word_1_168' title='bbox 925 1618 1079 1686; x_wconf 74' lang='grc' dir='ltr'>ἔδειξα</span> <span class='ocrx_word' id='word_1_169' title='bbox 1128 1617 1209 1668; x_wconf 78' lang='grc' dir='ltr'>τὸν</span> <span class='ocrx_word' id='word_1_170' title='bbox 1255 1619 1454 1681; x_wconf 83' lang='grc' dir='ltr'>ἐμαυτοῦ</span> <span class='ocrx_word' id='word_1_171' title='bbox 1507 1615 1675 1682; x_wconf 85' lang='grc' dir='ltr'>λόγον,</span> <span class='ocrx_word' id='word_1_172' title='bbox 1722 1618 1797 1666; x_wconf 79' lang='grc' dir='ltr'>καὶ</span> <span class='ocrx_word' id='word_1_173' title='bbox 1848 1618 1932 1679; x_wconf 82' lang='grc' dir='ltr'>τῆς</span> 
     </span>
     <span class='ocr_line' id='line_1_22' title="bbox 346 1697 1928 1766; baseline -0.003 -15"><span class='ocrx_word' id='word_1_174' title='bbox 346 1702 458 1764; x_wconf 82' lang='grc' dir='ltr'>ἐμῆς</span> <span class='ocrx_word' id='word_1_175' title='bbox 484 1703 749 1766; x_wconf 85' lang='grc' dir='ltr'>παρουσίας</span> <span class='ocrx_word' id='word_1_176' title='bbox 776 1699 861 1763; x_wconf 86' lang='grc' dir='ltr'>τὴν</span> <span class='ocrx_word' id='word_1_177' title='bbox 886 1700 1082 1763; x_wconf 81' lang='grc' dir='ltr'>δύναμιν</span> <span class='ocrx_word' id='word_1_178' title='bbox 1112 1698 1461 1766; x_wconf 84' lang='grc' dir='ltr'>προῤῥηθεῖσάν</span> <span class='ocrx_word' id='word_1_179' title='bbox 1487 1722 1535 1749; x_wconf 91' lang='grc' dir='ltr'>τε</span> <span class='ocrx_word' id='word_1_180' title='bbox 1569 1697 1657 1761; x_wconf 73' lang='grc' dir='ltr'>ἤδη</span> <span class='ocrx_word' id='word_1_181' title='bbox 1686 1700 1761 1747; x_wconf 76' lang='grc' dir='ltr'>καὶ</span> <span class='ocrx_word' id='word_1_182' title='bbox 1792 1720 1928 1760; x_wconf 89' lang='grc' dir='ltr'>κεκη-</span> 
     </span>
     <span class='ocr_line' id='line_1_23' title="bbox 347 1779 1929 1849; baseline -0.003 -16"><span class='ocrx_word' id='word_1_183' title='bbox 347 1783 595 1849; x_wconf 75' lang='grc' dir='ltr'>ρυγμένην,</span> <span class='ocrx_word' id='word_1_184' title='bbox 635 1783 780 1849; x_wconf 74' lang='grc' dir='ltr'>ε”σχον</span> <span class='ocrx_word' id='word_1_185' title='bbox 818 1781 875 1832; x_wconf 79' lang='grc' dir='ltr'>ἂν</span> <span class='ocrx_word' id='word_1_186' title='bbox 917 1781 1137 1849; x_wconf 77' lang='grc' dir='ltr'>ἀφορμὰς</span> <span class='ocrx_word' id='word_1_187' title='bbox 1179 1780 1402 1847; x_wconf 81' lang='grc' dir='ltr'>εὐλόγους</span> <span class='ocrx_word' id='word_1_188' title='bbox 1442 1783 1524 1843; x_wconf 78' lang='grc' dir='ltr'>τῆς</span> <span class='ocrx_word' id='word_1_189' title='bbox 1565 1779 1663 1830; x_wconf 85' lang='grc' dir='ltr'>κατ’</span> <span class='ocrx_word' id='word_1_190' title='bbox 1702 1781 1813 1842; x_wconf 86' lang='grc' dir='ltr'>ἐμοῦ</span> <span class='ocrx_word' id='word_1_191' title='bbox 1856 1782 1929 1829; x_wconf 80' lang='grc' dir='ltr'>καὶ</span> 
     </span>
     <span class='ocr_line' id='line_1_24' title="bbox 301 1860 1930 1929; baseline -0.003 -14"><span class='ocrx_word' id='word_1_192' title='bbox 301 1873 329 1914; x_wconf 89' lang='lat' dir='ltr'>b</span> <span class='ocrx_word' id='word_1_193' title='bbox 350 1867 479 1928; x_wconf 86' lang='grc' dir='ltr'>ὑμῶν</span> <span class='ocrx_word' id='word_1_194' title='bbox 504 1865 743 1918; x_wconf 84' lang='grc' dir='ltr'>ἀπονοίας.</span> <span class='ocrx_word' id='word_1_195' title='bbox 800 1862 955 1927; x_wconf 81' lang='grc' dir='ltr'>ἐπειδὴ</span> <span class='ocrx_word' id='word_1_196' title='bbox 986 1862 1034 1914; x_wconf 76' lang='grc' dir='ltr'>δὲ</span> <span class='ocrx_word' id='word_1_197' title='bbox 1060 1863 1441 1929; x_wconf 76' lang='grc' dir='ltr'>παραλέλειπται</span> <span class='ocrx_word' id='word_1_198' title='bbox 1467 1862 1551 1926; x_wconf 74' lang='grc' dir='ltr'>μὲν</span> <span class='ocrx_word' id='word_1_199' title='bbox 1578 1861 1725 1923; x_wconf 74' lang='grc' dir='ltr'>οὐδὲν,</span> <span class='ocrx_word' id='word_1_200' title='bbox 1755 1860 1930 1926; x_wconf 78' lang='grc' dir='ltr'>εἴρηται</span> 
     </span>
     <span class='ocr_line' id='line_1_25' title="bbox 348 1941 1931 2010; baseline -0.004 -12"><span class='ocrx_word' id='word_1_201' title='bbox 348 1947 396 1998; x_wconf 79' lang='grc' dir='ltr'>δὲ</span> <span class='ocrx_word' id='word_1_202' title='bbox 435 1945 574 2009; x_wconf 81' lang='grc' dir='ltr'>ἅπαν,</span> <span class='ocrx_word' id='word_1_203' title='bbox 602 1946 720 1997; x_wconf 77' lang='grc' dir='ltr'>ὅσον</span> <span class='ocrx_word' id='word_1_204' title='bbox 756 1946 863 2010; x_wconf 76' lang='grc' dir='ltr'>ἧκεν</span> <span class='ocrx_word' id='word_1_205' title='bbox 899 1949 1042 1997; x_wconf 78' lang='grc' dir='ltr'>εἰπεῖν</span> <span class='ocrx_word' id='word_1_206' title='bbox 1070 1947 1342 2010; x_wconf 87' lang='grc' dir='ltr'>ἀναγκαῖον,</span> <span class='ocrx_word' id='word_1_207' title='bbox 1378 1948 1558 2006; x_wconf 78' lang='grc' dir='ltr'>εἰκαῖος,</span> <span class='ocrx_word' id='word_1_208' title='bbox 1587 1941 1637 1996; x_wconf 69' lang='grc' dir='ltr'>ὃς</span> <span class='ocrx_word' id='word_1_209' title='bbox 1676 1944 1830 1996; x_wconf 80' lang='grc' dir='ltr'>αὐτοῖς</span> <span class='ocrx_word' id='word_1_210' title='bbox 1869 1945 1931 1996; x_wconf 83' lang='grc' dir='ltr'>εἰς</span> 
     </span>
     <span class='ocr_line' id='line_1_26' title="bbox 348 2025 1857 2098; baseline -0.004 -18"><span class='ocrx_word' id='word_1_211' title='bbox 348 2032 572 2098; x_wconf 75' lang='grc' dir='ltr'>πρόφασιν</span> <span class='ocrx_word' id='word_1_212' title='bbox 599 2028 957 2092; x_wconf 84' lang='grc' dir='ltr'>ἐπινοηθήσεται</span> <span class='ocrx_word' id='word_1_213' title='bbox 986 2026 1131 2092; x_wconf 82' lang='grc' dir='ltr'>λόγος</span> <span class='ocrx_word' id='word_1_214' title='bbox 1158 2026 1232 2086; x_wconf 65' lang='grc' dir='ltr'>τῆς</span> <span class='ocrx_word' id='word_1_215' title='bbox 1259 2028 1379 2077; x_wconf 81' lang='grc' dir='ltr'>οὕτω</span> <span class='ocrx_word' id='word_1_216' title='bbox 1405 2028 1586 2091; x_wconf 87' lang='grc' dir='ltr'>γυμνῆς</span> <span class='ocrx_word' id='word_1_217' title='bbox 1611 2025 1857 2094; x_wconf 66' lang='grc' dir='ltr'>ἁμαρτίαις.</span> 
     </span>
     <span class='ocr_line' id='line_1_27' title="bbox 421 2105 1929 2175; baseline -0.004 -13"><span class='ocrx_word' id='word_1_218' title='bbox 421 2110 613 2175; x_wconf 76' lang='grc' dir='ltr'>Ταύτην</span> <span class='ocrx_word' id='word_1_219' title='bbox 652 2108 779 2172; x_wconf 76' lang='grc' dir='ltr'>οἶμαι</span> <span class='ocrx_word' id='word_1_220' title='bbox 818 2113 910 2161; x_wconf 88' lang='grc' dir='ltr'>δεῖν</span> <span class='ocrx_word' id='word_1_221' title='bbox 949 2114 1043 2162; x_wconf 87' lang='grc' dir='ltr'>τοῖς</span> <span class='ocrx_word' id='word_1_222' title='bbox 1081 2114 1164 2159; x_wconf 91' lang='grc' dir='ltr'>τοῦ</span> <span class='ocrx_word' id='word_1_223' title='bbox 1197 2111 1416 2174; x_wconf 79' lang='grc' dir='ltr'>Σωτῆρος</span> <span class='ocrx_word' id='word_1_224' title='bbox 1454 2108 1617 2173; x_wconf 89' lang='grc' dir='ltr'>λόγοις</span> <span class='ocrx_word' id='word_1_225' title='bbox 1655 2105 1929 2175; x_wconf 84' lang='grc' dir='ltr'>ἐφαρμόσαι</span> 
     </span>
     <span class='ocr_line' id='line_1_28' title="bbox 349 2187 1924 2257; baseline -0.005 -13"><span class='ocrx_word' id='word_1_226' title='bbox 349 2195 447 2244; x_wconf 76' lang='grc' dir='ltr'>νυνὶ</span> <span class='ocrx_word' id='word_1_227' title='bbox 486 2192 569 2257; x_wconf 82' lang='grc' dir='ltr'>τὴν</span> <span class='ocrx_word' id='word_1_228' title='bbox 597 2192 819 2254; x_wconf 86' lang='grc' dir='ltr'>διάνοιαν,</span> <span class='ocrx_word' id='word_1_229' title='bbox 849 2190 1176 2256; x_wconf 83' lang='grc' dir='ltr'>ἀσύγγνωστα</span> <span class='ocrx_word' id='word_1_230' title='bbox 1208 2190 1255 2240; x_wconf 76' lang='grc' dir='ltr'>δὲ</span> <span class='ocrx_word' id='word_1_231' title='bbox 1291 2194 1385 2243; x_wconf 85' lang='grc' dir='ltr'>τοῖς</span> <span class='ocrx_word' id='word_1_232' title='bbox 1417 2193 1478 2243; x_wconf 83' lang='grc' dir='ltr'>εἷς</span> <span class='ocrx_word' id='word_1_233' title='bbox 1510 2187 1677 2242; x_wconf 74' lang='grc' dir='ltr'>αὐτοὺς</span> <span class='ocrx_word' id='word_1_234' title='bbox 1702 2196 1924 2251; x_wconf 88' lang='grc' dir='ltr'>πλημμε-</span> 
     </span>
     <span class='ocr_line' id='line_1_29' title="bbox 347 2270 1929 2337; baseline -0.004 -12"><span class='ocrx_word' id='word_1_235' title='bbox 347 2281 518 2325; x_wconf 90' lang='grc' dir='ltr'>λοῦσιν</span> <span class='ocrx_word' id='word_1_236' title='bbox 554 2273 805 2326; x_wconf 77' lang='grc' dir='ltr'>ἐπιδεικνῦς</span> <span class='ocrx_word' id='word_1_237' title='bbox 844 2272 902 2323; x_wconf 77' lang='grc' dir='ltr'>τὰ</span> <span class='ocrx_word' id='word_1_238' title='bbox 940 2271 1232 2337; x_wconf 84' lang='grc' dir='ltr'>ἐγκλήματα,</span> <span class='ocrx_word' id='word_1_239' title='bbox 1265 2274 1340 2322; x_wconf 80' lang='grc' dir='ltr'>καὶ</span> <span class='ocrx_word' id='word_1_240' title='bbox 1379 2270 1780 2334; x_wconf 85' lang='grc' dir='ltr'>κολασθήσεσθαί</span> <span class='ocrx_word' id='word_1_241' title='bbox 1813 2292 1929 2320; x_wconf 88' lang='grc' dir='ltr'>ποτε</span> 
     </span>
     <span class='ocr_line' id='line_1_30' title="bbox 348 2351 1928 2418; baseline -0.002 -10"><span class='ocrx_word' id='word_1_242' title='bbox 348 2355 454 2410; x_wconf 79' lang='grc' dir='ltr'>τοῦς</span> <span class='ocrx_word' id='word_1_243' title='bbox 488 2355 546 2407; x_wconf 77' lang='grc' dir='ltr'>τὰ</span> <span class='ocrx_word' id='word_1_244' title='bbox 587 2361 778 2406; x_wconf 86' lang='grc' dir='ltr'>τοιαῦτα</span> <span class='ocrx_word' id='word_1_245' title='bbox 816 2359 1092 2418; x_wconf 82' lang='grc' dir='ltr'>τολμῶντας</span> <span class='ocrx_word' id='word_1_246' title='bbox 1131 2352 1285 2415; x_wconf 76' lang='grc' dir='ltr'>εἰπὼν,</span> <span class='ocrx_word' id='word_1_247' title='bbox 1324 2357 1614 2418; x_wconf 88' lang='grc' dir='ltr'>παραιρεῖται</span> <span class='ocrx_word' id='word_1_248' title='bbox 1653 2354 1735 2415; x_wconf 85' lang='grc' dir='ltr'>τῆς</span> <span class='ocrx_word' id='word_1_249' title='bbox 1773 2351 1928 2415; x_wconf 79' lang='grc' dir='ltr'>λύπης</span> 
     </span>
     <span class='ocr_line' id='line_1_31' title="bbox 310 2431 1928 2504; baseline -0.004 -15"><span class='ocrx_word' id='word_1_250' title='bbox 310 2436 403 2494; x_wconf 76' lang='grc' dir='ltr'>ρτὸ</span> <span class='ocrx_word' id='word_1_251' title='bbox 428 2439 576 2489; x_wconf 64' lang='grc' dir='ltr'>πλέον</span> <span class='ocrx_word' id='word_1_252' title='bbox 603 2440 676 2488; x_wconf 80' lang='grc' dir='ltr'>καὶ</span> <span class='ocrx_word' id='word_1_253' title='bbox 719 2436 1001 2487; x_wconf 77' lang='grc' dir='ltr'>ὑποκλέπτει</span> <span class='ocrx_word' id='word_1_254' title='bbox 1038 2440 1218 2504; x_wconf 81' lang='grc' dir='ltr'>σοφῶς,</span> <span class='ocrx_word' id='word_1_255' title='bbox 1248 2435 1361 2500; x_wconf 80' lang='grc' dir='ltr'>ὅπερ</span> <span class='ocrx_word' id='word_1_256' title='bbox 1394 2433 1450 2498; x_wconf 78' lang='grc' dir='ltr'>ἦν</span> <span class='ocrx_word' id='word_1_257' title='bbox 1476 2433 1593 2487; x_wconf 80' lang='grc' dir='ltr'>εἰκὸς</span> <span class='ocrx_word' id='word_1_258' title='bbox 1632 2431 1842 2484; x_wconf 87' lang='grc' dir='ltr'>ἀνιάσειν</span> <span class='ocrx_word' id='word_1_259' title='bbox 1873 2433 1928 2483; x_wconf 82' lang='grc' dir='ltr'>οὐ</span> 
     </span>
     <span class='ocr_line' id='line_1_32' title="bbox 348 2514 1927 2586; baseline -0.004 -15"><span class='ocrx_word' id='word_1_260' title='bbox 348 2521 545 2586; x_wconf 85' lang='grc' dir='ltr'>μετρίως</span> <span class='ocrx_word' id='word_1_261' title='bbox 586 2518 769 2572; x_wconf 74' lang='grc' dir='ltr'>αὐτούς.</span> <span class='ocrx_word' id='word_1_262' title='bbox 837 2517 1049 2585; x_wconf 79' lang='grc' dir='ltr'>φορητὴν</span> <span class='ocrx_word' id='word_1_263' title='bbox 1084 2517 1176 2583; x_wconf 80' lang='grc' dir='ltr'>γὰρ</span> <span class='ocrx_word' id='word_1_264' title='bbox 1215 2517 1323 2567; x_wconf 74' lang='grc' dir='ltr'>ἔσθ’</span> <span class='ocrx_word' id='word_1_265' title='bbox 1365 2515 1441 2567; x_wconf 78' lang='grc' dir='ltr'>ὅτε</span> <span class='ocrx_word' id='word_1_266' title='bbox 1479 2520 1575 2569; x_wconf 89' lang='grc' dir='ltr'>τοῖς</span> <span class='ocrx_word' id='word_1_267' title='bbox 1613 2514 1927 2577; x_wconf 78' lang='grc' dir='ltr'>ἀδικουμένοις</span> 
     </span>
    </p>
   </div>
   <div class='ocr_carea' id='block_1_6' title="bbox 1949 572 1971 610">
    <p class='ocr_par' dir='ltr' id='par_1_6' title="bbox 1949 572 1971 610">
     <span class='ocr_line' id='line_1_33' title="bbox 1949 572 1971 610; baseline 0 0"><span class='ocrx_word' id='word_1_268' title='bbox 1949 572 1971 610; x_wconf 91' lang='grc'><em>5</em></span> 
     </span>
    </p>
   </div>
   <div class='ocr_carea' id='block_1_7' title="bbox 1952 989 2000 1013">
    <p class='ocr_par' dir='ltr' id='par_1_7' title="bbox 1952 989 2000 1013">
     <span class='ocr_line' id='line_1_34' title="bbox 1952 989 2000 1013; baseline 0 0"><span class='ocrx_word' id='word_1_269' title='bbox 1952 989 2000 1013; x_wconf 92' lang='lat'>10</span> 
     </span>
    </p>
   </div>
   <div class='ocr_carea' id='block_1_8' title="bbox 1950 1803 2001 1828">
    <p class='ocr_par' dir='ltr' id='par_1_8' title="bbox 1950 1803 2001 1828">
     <span class='ocr_line' id='line_1_35' title="bbox 1950 1803 2001 1828; baseline 0 0"><span class='ocrx_word' id='word_1_270' title='bbox 1950 1803 2001 1828; x_wconf 89' lang='lat'>20</span> 
     </span>
    </p>
   </div>
   <div class='ocr_carea' id='block_1_9' title="bbox 347 2596 1996 2669">
    <p class='ocr_par' dir='ltr' id='par_1_9' title="bbox 347 2596 1996 2669">
     <span class='ocr_line' id='line_1_36' title="bbox 347 2596 1996 2669; baseline -0.005 -16"><span class='ocrx_word' id='word_1_271' title='bbox 347 2601 434 2666; x_wconf 86' lang='grc' dir='ltr'>τὴν</span> <span class='ocrx_word' id='word_1_272' title='bbox 469 2601 748 2669; x_wconf 74' lang='grc' dir='ltr'>πλεονεξίαν</span> <span class='ocrx_word' id='word_1_273' title='bbox 784 2601 1034 2666; x_wconf 75' lang='grc' dir='ltr'>ἐργάζεται,</span> <span class='ocrx_word' id='word_1_274' title='bbox 1072 2598 1126 2649; x_wconf 81' lang='grc' dir='ltr'>τὸ</span> <span class='ocrx_word' id='word_1_275' title='bbox 1166 2596 1405 2664; x_wconf 88' lang='grc' dir='ltr'>ἀραρότως</span> <span class='ocrx_word' id='word_1_276' title='bbox 1444 2597 1624 2647; x_wconf 70' lang='grc' dir='ltr'>οἴεσθαι</span> <span class='ocrx_word' id='word_1_277' title='bbox 1665 2596 1795 2648; x_wconf 87' lang='grc' dir='ltr'>δίκας</span> <span class='ocrx_word' id='word_1_278' title='bbox 1833 2600 1927 2646; x_wconf 85' lang='grc' dir='ltr'>τῶν</span> <span class='ocrx_word' id='word_1_279' title='bbox 1946 2617 1996 2653; x_wconf 83' lang='lat'>30</span> 
     </span>
    </p>
   </div>
   <div class='ocr_carea' id='block_1_10' title="bbox 347 2676 1925 2747">
    <p class='ocr_par' dir='ltr' id='par_1_10' title="bbox 347 2676 1925 2747">
     <span class='ocr_line' id='line_1_37' title="bbox 347 2676 1925 2747; baseline -0.004 -13"><span class='ocrx_word' id='word_1_280' title='bbox 347 2683 785 2747; x_wconf 79' lang='grc' dir='ltr'>πλημμεληθέντων</span> <span class='ocrx_word' id='word_1_281' title='bbox 824 2682 1070 2732; x_wconf 88' lang='grc' dir='ltr'>ἀποτίσειν</span> <span class='ocrx_word' id='word_1_282' title='bbox 1111 2679 1218 2734; x_wconf 75' lang='grc' dir='ltr'>τοὺς</span> <span class='ocrx_word' id='word_1_283' title='bbox 1265 2683 1347 2743; x_wconf 83' lang='grc' dir='ltr'>τῆς</span> <span class='ocrx_word' id='word_1_284' title='bbox 1389 2678 1667 2747; x_wconf 77' lang='grc' dir='ltr'>πλεονεξίας</span> <span class='ocrx_word' id='word_1_285' title='bbox 1712 2676 1925 2743; x_wconf 87' lang='grc' dir='ltr'>ἐργάτας.</span> 
     </span>
    </p>
   </div>
   <div class='ocr_carea' id='block_1_11' title="bbox 345 2820 1925 2963">
    <p class='ocr_par' dir='ltr' id='par_1_11' title="bbox 345 2820 1925 2963">
     <span class='ocr_line' id='line_1_38' title="bbox 392 2820 1925 2872; baseline -0.005 -11"><span class='ocrx_word' id='word_1_286' title='bbox 392 2838 426 2870; x_wconf 80' lang='grc'>3.</span> <span class='ocrx_word' id='word_1_287' title='bbox 453 2842 489 2861; x_wconf 83' lang='grc' dir='ltr'>τε</span> <span class='ocrx_word' id='word_1_288' title='bbox 508 2833 736 2872; x_wconf 81' lang='lat' dir='ltr'>assumptum</span> <span class='ocrx_word' id='word_1_289' title='bbox 755 2839 797 2860; x_wconf 83' lang='lat' dir='ltr'>ex</span> <span class='ocrx_word' id='word_1_290' title='bbox 816 2826 858 2860; x_wconf 87' lang='lat' dir='ltr'>E.</span> <span class='ocrx_word' id='word_1_291' title='bbox 1114 2836 1168 2859; x_wconf 82' lang='grc' dir='ltr'>ΙΙ.</span> <span class='ocrx_word' id='word_1_292' title='bbox 1194 2824 1366 2869; x_wconf 81' lang='grc' dir='ltr'>παρέθηκα</span> <span class='ocrx_word' id='word_1_293' title='bbox 1384 2835 1413 2858; x_wconf 88' lang='lat' dir='ltr'>a.</span> <span class='ocrx_word' id='word_1_294' title='bbox 1669 2822 1722 2857; x_wconf 92' lang='lat'>16.</span> <span class='ocrx_word' id='word_1_295' title='bbox 1747 2820 1864 2865; x_wconf 78' lang='grc' dir='ltr'>μωσέα</span> <span class='ocrx_word' id='word_1_296' title='bbox 1883 2821 1925 2855; x_wconf 88' lang='grc' dir='ltr'>Ε.</span> 
     </span>
     <span class='ocr_line' id='line_1_39' title="bbox 345 2869 1923 2917; baseline -0.004 -10"><span class='ocrx_word' id='word_1_297' title='bbox 345 2873 403 2917; x_wconf 78' lang='grc' dir='ltr'>ἐμὲ</span> <span class='ocrx_word' id='word_1_298' title='bbox 424 2874 465 2908; x_wconf 91' lang='grc' dir='ltr'>Ε.</span> <span class='ocrx_word' id='word_1_299' title='bbox 634 2885 689 2907; x_wconf 81' lang='grc'>21.</span> <span class='ocrx_word' id='word_1_300' title='bbox 715 2873 874 2908; x_wconf 83' lang='grc' dir='ltr'>ὑπονοίας</span> <span class='ocrx_word' id='word_1_301' title='bbox 891 2884 921 2907; x_wconf 84' lang='lat' dir='ltr'>a.</span> <span class='ocrx_word' id='word_1_302' title='bbox 1099 2882 1154 2917; x_wconf 83' lang='lat'>25.</span> <span class='ocrx_word' id='word_1_303' title='bbox 1182 2872 1301 2906; x_wconf 72' lang='grc' dir='ltr'>αὐτοὺς</span> <span class='ocrx_word' id='word_1_304' title='bbox 1320 2871 1361 2905; x_wconf 88' lang='grc' dir='ltr'>Ε.</span> <span class='ocrx_word' id='word_1_305' title='bbox 1380 2871 1481 2905; x_wconf 82' lang='grc' dir='ltr'>αὐτὸν</span> <span class='ocrx_word' id='word_1_306' title='bbox 1500 2869 1565 2904; x_wconf 88' lang='lat' dir='ltr'>Ed.</span> <span class='ocrx_word' id='word_1_307' title='bbox 1733 2879 1788 2912; x_wconf 88' lang='lat'>29.</span> <span class='ocrx_word' id='word_1_308' title='bbox 1814 2869 1923 2913; x_wconf 88' lang='grc' dir='ltr'>φορη-</span> 
     </span>
     <span class='ocr_line' id='line_1_40' title="bbox 345 2919 723 2963; baseline 0 -10"><span class='ocrx_word' id='word_1_309' title='bbox 345 2920 405 2963; x_wconf 87' lang='grc' dir='ltr'>τὴν</span> <span class='ocrx_word' id='word_1_310' title='bbox 424 2920 465 2954; x_wconf 83' lang='grc' dir='ltr'>Ε.</span> <span class='ocrx_word' id='word_1_311' title='bbox 484 2920 638 2963; x_wconf 87' lang='grc' dir='ltr'>φορητὸν</span> <span class='ocrx_word' id='word_1_312' title='bbox 657 2919 723 2953; x_wconf 83' lang='lat' dir='ltr'>Ed.</span> 
     </span>
    </p>
   </div>
  </div>
 </body>
</html>
