2037 3266
111 405 154 436 Su
160 416 218 446 pra

111 460 177 480 VBP.
197 459 244 490 19.

109 510 160 541 Il).
177 509 226 541 26.

110 585 161 616 ΙΙ).
178 593 227 625 27.

334 137 418 177 528
736 137 785 178 B.
820 136 1096 178 CYRILLI
1137 136 1520 177 ALEXANDR.
1662 134 1829 189 xiv.30,
1849 146 1915 188 31.

333 243 573 311 πρέποντα
600 244 757 310 νόμον·
801 245 923 300 Θεὸς
957 246 1005 298 δὲ
1041 244 1159 297 κατὰ
1196 247 1345 313 φύσιν
1372 244 1596 311 ὑπάρχων
1624 241 1730 308 ἐγὼ,
1757 242 1840 292 οὐκ
1871 243 1920 292 ἐν

333 326 426 396 ἰ’σῳ
452 327 606 398 με’τρῳ
640 333 733 383 τοῖς
768 329 822 379 δι’
851 330 1051 389 ἐμαυτοῦ
1077 327 1302 393 γεγονόσι
1328 328 1558 388 κείσομαι,
1584 322 1667 376 τὸν
1692 326 1774 387 τῆς
1799 324 1914 373 ἀνα·-

333 408 551 464 στάσεως
587 411 846 475 περιμένων
885 409 1062 476 καιρόν*
1113 408 1173 474 ζῶ
1217 409 1311 475 γὰρ
1352 411 1436 471 ἀεὶ,
1479 406 1570 474 ζωὴ
1611 405 1731 457 κατὰ
1770 405 1920 473 φύσιν

335 490 576 559 ὑπάρχων·
619 493 695 543 καὶ
725 494 982 542 ἀποστελῶ
1014 491 1096 541 τὸν
1126 488 1459 555 Παράκλητον,
1485 488 1703 540 ἐπιδώσω
1736 485 1786 537 δὲ
1812 487 1920 549 ὑμῖν

335 573 410 623 καὶ
437 572 621 639 εἰρήνην
647 572 732 637 τὴν
758 571 886 637 ἐμὴν,
913 574 989 624 καὶ
1016 573 1069 623 οὐ
1097 571 1433 640 διαψεύσομαι,
1460 571 1570 621 ἀλλ’
1600 570 1675 620 ἵνα
1701 567 1919 634 τυχόντες
1939 581 1962 620 5

334 657 416 718 τῆς
455 655 742 721 ἐπαγγελίας
780 656 856 705 καὶ
894 658 953 722 τῇ
991 659 1074 705 τοῦ
1111 655 1280 720 Ἀγίου
1321 652 1600 716 Πνεύματος
1642 657 1921 715 λελαμπρυ-

111 749 196 783 853
211 748 261 782 A.
293 736 499 800 ιισμένοι
553 735 720 804 χάριτι,
772 741 868 791 τοῖς
924 737 1049 800 ἐμοῖς
1105 736 1266 802 λόγοις
1323 732 1784 803 ἐπιψηφισθήσεσθε
1834 731 1920 794 τὴν

332 816 571 882 ἀλήθειαν,
611 822 673 872 εἰς
711 817 992 882 ἀνάμνησιν,
1032 819 1094 872 ὡς
1132 817 1266 886 ἔφην,
1304 817 1422 882 μετὰ
1459 816 1544 880 τὴν
1583 819 1747 881 πεῖραν
1786 812 1920 880 ε’ρχό-

331 923 475 964 μενοι,
510 904 586 951 καὶ
621 900 694 952 ’ἵνα
732 901 995 960 πιστεύσητε
1032 899 1314 966 πεπηγότως
1355 899 1424 950 ὅτι
1460 897 1644 961 σύνειμι
1683 897 1758 946 καὶ
1796 917 1921 958 συμ-

331 982 576 1044 βασιλεύω
602 985 669 1051 τῷ
697 983 865 1048 Πατρὶ,
882 982 1240 1047 προδιείλεγμαι
1266 983 1397 1032 ταυτὶ
1424 982 1500 1031 καὶ
1526 977 1776 1042 λελάληκα
1801 976 1919 1042 πρὸς
1942 996 1990 1022 10

333 1065 469 1128 ὑμᾶς·
512 1063 852 1133 ἐξεγγυήσεται
889 1063 975 1127 τὴν
1011 1065 1059 1114 ἐν
1092 1068 1187 1116 τοῖς
1222 1062 1474 1129 εἰρημένοις
1509 1060 1735 1125 ἀλήθειαν
1765 1059 1921 1110 τοίνυν

331 1148 414 1210 τῆς
451 1147 740 1212 ἐπαγγελίας
781 1145 835 1197 τὸ
873 1146 1033 1245 πέρας.
1099 1149 1136 1196 εἰ
1179 1144 1272 1211 γὰρ
1316 1144 1381 1209 μὴ
1427 1143 1532 1211 ζωὴ,
1572 1145 1736 1211 φησὶν,
1776 1145 1814 1191 εὶ
1855 1140 1920 1204 μὴ

285 1239 311 1280 b
332 1228 594 1295 συνεδρευω
633 1233 699 1296 τῷ
735 1231 842 1296 Θεῷ
881 1251 957 1278 και
997 1229 1168 1293 Πατρι,
1206 1231 1306 1280 πῶς
1345 1225 1403 1277 ἂν
1442 1225 1580 1279 αὐτὸς
1618 1224 1824 1287 ἐπιδοίην
1861 1221 1921 1274 τὰ

332 1315 432 1361 θεῖα
459 1333 534 1360 και
559 1332 851 1373 πνευματικα
877 1330 1184 1377 χαρισματα·
1174 1350 1185 1369 ,
1223 1312 1421 1371 διανεμῶ
1451 1306 1513 1369 δε,
1540 1306 1752 1372 καθαπερ
1777 1328 1921 1371 επηγ-

331 1399 517 1458 γελμαι,
545 1391 804 1460 χορηγήσω
836 1390 884 1441 δε
920 1393 995 1442 καὶ
1030 1389 1084 1441 τὸ
1116 1394 1312 1453 Πνεῦμα
1344 1392 1418 1440 καὶ
1453 1413 1541 1453 την
1567 1387 1766 1454 εὶρηνην.
1823 1385 1921 1438 εἶτα
1943 1408 1990 1444 15

331 1498 431 1528 πως
467 1475 550 1525 οὐκ
584 1474 932 1541 ἀναμφίλογον,
959 1473 1028 1523 ὅτι
1064 1471 1156 1537 ζωή
1192 1495 1283 1535 ειμι
1318 1495 1393 1522 και
1430 1469 1777 1534 συμβασιλεύω
1802 1493 1921 1534 μετα

334 1556 559 1622 Πατρός;
613 1558 667 1607 οὐ
705 1555 799 1622 γὰρ
837 1561 920 1606 τοῦ
958 1554 1022 1619 μὴ
1062 1554 1195 1607 ὄντος
1237 1552 1264 1618 ἢ
1311 1553 1455 1618 μηδὲν
1495 1552 1743 1621 ἰσχύοντος
1781 1553 1920 1620 ε’ργον

328 1640 445 1700 ἐστὶ,
484 1638 538 1689 τὸ
576 1643 672 1691 τοῖς
711 1639 848 1691 θείοις
886 1636 1302 1702 καταλαμπρύνειν
1341 1636 1610 1703 χαρίσμασι
1654 1634 1762 1689 τοὺς
1803 1636 1921 1701 ἀγα-

329 1725 517 1774 πῶντας
544 1720 701 1778 αὐτὸν,
731 1718 864 1769 ἀλλὰ
898 1725 981 1769 τοῦ
1019 1717 1153 1772 ὄντος
1187 1741 1237 1769 τε
1274 1719 1349 1769 καὶ
1384 1717 1640 1780 δυναμένου
1671 1720 1746 1768 καὶ
1774 1719 1920 1769 εἰσαεὶ

330 1802 689 1863 βασιλεύοντος.
757 1801 827 1852 ὅτι
867 1800 1024 1851 τοίνυν
1066 1802 1149 1850 οὐκ
1190 1800 1364 1850 εἰκαίαν
1406 1799 1492 1863 τὴν
1530 1798 1795 1866 πρόῤῥησιν
1834 1798 1920 1863 τὴν
1941 1819 1991 1844 20

292 1886 406 1935 οέπὶ
441 1888 539 1937 τοῖς
573 1883 812 1947 ἐσομένοις
846 1883 1116 1947 ἐποιήσατο,
1145 1881 1221 1932 διὰ
1256 1881 1435 1933 τούτων
1462 1881 1671 1949 ἐδίδαξεν
1702 1882 1726 1932 ὁ
1760 1884 1918 1947 Χρισ-

331 1966 427 2020 τός.
483 1966 558 2017 ἵνα
597 1965 690 2032 γὰρ
729 1964 1104 2034 ἀσφαλεστέραν
1142 1964 1290 2031 ε”χοιεν
1330 1962 1416 2027 τὴν
1455 1963 1525 2014 ἐπ’
1567 1964 1692 2032 αὐτῷ
1733 1964 1917 2027 πίστιν,

331 2048 450 2113 μετὰ
476 2048 561 2113 τὴν
587 2053 682 2099 τῶν
707 2046 1017 2115 χαρισμάτων
1042 2051 1207 2113 πεῖραν
1233 2050 1295 2100 εἷς
1334 2045 1513 2096 ε”ννοιοῖν
1538 2068 1588 2096 τε
1620 2047 1697 2096 καὶ
1732 2045 1922 2110 μνήμην

332 2135 428 2182 τῶν
453 2130 917 2198 προεπηγγελμένων
941 2128 1196 2196 ἐρχόμενοι,
1223 2128 1517 2192 πεποιῆσθαί
1547 2130 1671 2196 φησι
1706 2126 1792 2192 τὴν
1817 2125 1917 2178 διά-

334 2213 480 2282 λεξιν.
1940 2228 1989 2267 25

266 2367 316 2403 30
337 2355 493 2398 Οὐκέτι
529 2355 669 2397 Πολλὰ
708 2354 888 2396 λαλήσω
924 2354 1012 2403 μεθ’
1058 2352 1190 2402 ὑμῶν·
1240 2352 1411 2409 ἔρχεται
1454 2352 1532 2409 Γαρ
1573 2352 1595 2394 ὁ
1643 2354 1713 2393 τοῦ
1758 2351 1918 2399 κόσμου

265 2454 310 2490 31
402 2439 559 2496 ἅρχων,
599 2439 668 2480 καὶ
703 2438 748 2479 ἐν
786 2437 881 2486 ἐμοὶ
917 2436 992 2477 οὐκ
1029 2436 1115 2492 ἔχει
1152 2435 1291 2487 οὐδὲν,
1327 2436 1417 2476 ἀλλ’
1456 2435 1525 2476 ἵνα
1569 2437 1654 2489 1·νῷ
1691 2434 1714 2477 ὁ
1761 2434 1917 2482 κόσμος

402 2524 467 2565 ὅτι
501 2521 657 2570 (ison-td)
688 2522 762 2564 τὸν
788 2521 975 2578 Πατέρα,
1003 2520 1146 2562 καθὼς
1178 2520 1358 2561 ἐντολήν
1385 2534 1457 2569 μοι
1491 2518 1680 2561 δέδωκεν
1707 2520 1729 2561 ὁ
1756 2517 1917 2575 Πατὴρ,

401 2607 516 2647 οὕτω
553 2605 679 2647 Ποιώ.

288 2665 316 2706 d
406 2703 492 2757 Ὠς
526 2706 621 2753 τῶν
647 2701 852 2753 ἀνοσίων
877 2701 1115 2752 Ἰουδαίων
1149 2699 1489 2768 παρεσομένων
1520 2720 1569 2750 τε
1602 2698 1704 2762 ἤδη,
1731 2697 1837 2761 μεθ’
1865 2695 1919 2762 ἧς
1938 2719 1987 2755 30

383 2857 414 2903 7.
441 2847 775 2894 ε’πιψηφισθὴσεσθε
794 2848 835 2882 Ε.
854 2847 1117 2893 ἐπιψηφίσεσθε
1138 2846 1204 2881 Ed.
1371 2857 1403 2890 9.
1428 2845 1618 2901 πεπηγότος
1637 2842 1678 2878 Ε.
1743 2842 1917 2899 συμβασι·

333 2896 442 2928 λευων
461 2895 501 2929 Ε.
629 2906 681 2939 13.
708 2894 918 2940 συνεδρεύων
938 2895 977 2930 Ε.
1103 2904 1158 2928 20.
1185 2893 1310 2928 εἷκιιίαν
1329 2892 1370 2927 Ε.
1389 2890 1518 2926 εἰκαίως
1537 2889 1603 2924 Ed.
1728 2889 1783 2923 28.
1810 2887 1917 2922 καθως

335 2940 376 2975 Ε
396 2941 450 2975 καὶ
467 2941 574 2977 καθὼς
594 2941 660 2976 Ed.
