2001 3261
296 129 378 169 160
697 131 747 171 B.
781 130 1056 172 CYRILLI
1097 130 1477 172 ALEXANDR.
1653 131 1879 181 ix.10,11.

294 236 349 288 τὸ
386 239 435 289 ἐν
472 239 698 304 μεγάλοις
739 240 942 306 ὁρᾶσθαι
980 240 1203 309 προξενεῖ
1236 241 1292 291 δι’
1335 239 1607 307 ὑπερβολὴν
1645 238 1881 303 δυνάμεως

296 320 643 386 ἀπιστούμενον
679 322 733 373 τὸ
773 322 1063 391 παράδοξον.

230 485 279 511 10
407 475 586 524 ἜλεΓον
625 474 697 518 οὖν
736 476 853 530 αὐτῷ
885 477 985 517 Πῶς
1022 477 1296 532 ἀνεῲχΘΗσάν
1335 491 1409 519 σου
1447 474 1485 518 οἷ
1522 475 1767 532 ὀφθαλμοί;

251 594 278 636 b
373 589 657 640 Συννεύουσι
700 589 840 653 μόλις
879 589 1021 641 αὐτὸν
1059 591 1231 640 ἐκεῖνον
1269 587 1383 641 εἶναι
1420 589 1785 652 πιστεύσαντες,
1828 587 1881 640 ὃν

296 671 555 737 ἐγίνωσκον
580 671 637 740 ἐξ
659 673 821 739 ἀρχῆς,
849 674 922 722 καὶ
951 671 1005 723 τὸ
1031 673 1135 738 περὶ
1161 671 1339 723 τούτων
1365 672 1561 741 ἀφέντες
1587 674 1879 740 ἀμφιγνοεῖν,
1899 687 1922 725 5

295 755 537 820 ἐρωτῶσιν
556 753 684 808 ὅπως
710 753 795 818 τὴν
814 752 1095 823 τυφλότητα
1121 753 1439 820 διεκρούσατο,
1463 756 1538 805 καὶ
1563 755 1632 807 τίς
1656 755 1680 805 ὁ
1707 753 1881 820 τρόπος

296 841 380 887 τοῦ
423 837 532 902 παρ’
580 837 750 888 ἐλπίδα
799 834 1092 903 πράγματος.
1164 837 1212 886 ἐν
1255 835 1346 886 ε”θει
1390 835 1483 903 γάρ
1526 858 1627 889 πως
1672 836 1741 886 ἀεὶ
1785 840 1881 889 τοῖς

297 917 589 984 θαυμάζουσι
633 917 687 969 τὸ
732 921 1072 987 φιλοπευστεῖν
1112 919 1465 985 ἀκριβέστερον,
1506 920 1581 968 καὶ
1625 922 1720 968 τῶν
1762 921 1881 983 δρω-

295 998 446 1062 μένων
488 998 568 1051 τὸν
609 1000 786 1066 τρόπον
825 999 1230 1067 περιεργάζεσθαι·
1287 998 1312 1051 ὃ
1358 999 1413 1065 δὴ
1457 1002 1530 1050 καὶ
1576 998 1689 1050 αὐτὸ
1732 1004 1881 1050 ποιεῖν

295 1081 559 1147 ἐγνώκασιν
593 1083 675 1132 οὐκ
714 1084 848 1144 ἀθεεὶ,
884 1081 1004 1133 κατά
1040 1105 1094 1148 γε
1133 1081 1215 1132 τὸν
1253 1081 1476 1148 ἡμέτερον
1514 1087 1634 1143 νοῦν,
1667 1083 1777 1132 ἀλλ’
1805 1082 1880 1132 ἵνα
1903 1102 1953 1129 10

295 1165 372 1213 καὶ
405 1164 492 1231 οὐχ
525 1162 704 1217 ἑκόντες
731 1163 1012 1228 μανθάνωσι
1037 1169 1121 1214 τοῦ
1148 1166 1369 1229 Σωτῆρος
1395 1164 1526 1227 ἡμῶν
1551 1162 1637 1228 τὴν
1664 1164 1876 1228 δύναμιν,

295 1244 651 1310 ἐκδιηγουμένου
675 1248 751 1297 καὶ
776 1250 948 1315 σαφῶς
974 1247 1128 1299 αὐτοῖς
1154 1245 1525 1311 διαγγέλλοντος
1556 1251 1640 1296 τοῦ
1670 1250 1877 1315 τυφλοῦ,

257 1350 279 1376 e
297 1327 412 1394 ὅπερ
439 1330 503 1381 εἰς
529 1326 681 1378 εἰκόνα
707 1327 847 1396 λήψῃ
880 1327 1034 1391 καλὴν
1060 1333 1143 1378 τοῦ
1178 1328 1399 1393 γενέσθαι
1435 1326 1752 1381 διδασκάλους
1784 1333 1881 1382 τοῖς

295 1408 354 1478 ἐξ
398 1408 603 1476 Ἰσραὴλ
651 1409 759 1463 τοῦς
809 1410 867 1479 ἐξ
912 1411 1057 1461 ἐθνῶν
1101 1410 1496 1477 ἐπιστρέψαντας,
1542 1411 1617 1460 καὶ
1666 1408 1752 1473 τὴν
1795 1409 1881 1473 μὲν

296 1492 499 1559 ἀρχαίαν
534 1491 813 1558 διαδράντας
851 1491 1144 1561 τυφλότητα,
1174 1492 1256 1542 τὸν
1290 1491 1339 1542 δὲ
1376 1490 1505 1557 παρὰ
1543 1497 1627 1542 τοῦ
1660 1494 1880 1558 Σωτῆρος
1903 1512 1950 1551 15

296 1574 430 1637 ἡμῶν
471 1577 689 1640 Χριστοῦ
734 1574 810 1625 διὰ
859 1580 943 1626 τοῦ
990 1575 1266 1638 Πνεύματος
1311 1572 1720 1639 ἀποκερδάναντας
1772 1579 1875 1641 φω-

294 1654 484 1720 τισμόν.
553 1655 625 1707 ὅτι
671 1655 721 1707 δὲ
765 1655 819 1708 τὸ
866 1656 1106 1723 εἰρημένον
1150 1656 1323 1721 ἀληθές
1363 1655 1507 1720 ἐστιν,
1550 1655 1670 1707 αὐτὰ
1710 1654 1880 1720 βοήσει

294 1736 354 1789 τὰ
391 1736 665 1805 πράγματα.

229 1871 521 1930 ΙΙἈΠεκρίθΗ
557 1869 720 1914 ἐκεῖνος
747 1872 1000 1929 Ἄνθρωπος
1032 1873 1055 1914 ὁ
1089 1871 1506 1920 λεγόμενοςἸΗσοῦε
1538 1869 1675 1912 ΠΗλὸν
1702 1870 1878 1912 ὲΠοίΗσε

361 1956 431 1997 καὶ
463 1956 659 2013 ὲΠὲχρισέ
693 1972 773 2005 μου
811 1957 909 1998 τοὺς
947 1957 1198 2012 ὀφθαλμοὺς
1237 1955 1305 1996 καὶ
1340 1950 1432 1997 εἶπέ
1468 1969 1539 2003 μοι
1562 1954 1726 2001 ”ΥΠα]-ε
1761 1954 1877 2004 νίψαι
1901 1968 1951 1992 20

248 2034 275 2075 d
361 2037 421 2080 εἰς
459 2040 531 2082 τὸν
567 2040 761 2089 Σιλωάμ,
816 2039 1019 2081 ἀπελθὼν
1051 2037 1124 2080 οὖν
1159 2038 1227 2080 καὶ
1265 2040 1497 2088 νιψάμενος
1535 2037 1768 2087 ἀνέβλεψα.

359 2154 476 2205 ’Ότι
516 2154 601 2218 μὲν
634 2154 756 2208 Θεὸς
794 2153 913 2204 κατὰ
956 2152 1105 2221 φύσιν
1145 2155 1276 2203 ἐστὶν
1315 2153 1339 2202 ὁ
1379 2151 1547 2217 Σωτὴρ
1590 2153 1775 2217 ἀγνοῶν
1813 2150 1879 2202 ἔτι

293 2235 521 2304 φαίνεται·
562 2237 615 2286 οὐ
641 2235 734 2302 γὰρ
762 2235 819 2286 ἂν
846 2237 966 2286 οὕτω
992 2239 1323 2301 μικροπρεπῶς
1349 2233 1561 2297 ἐλάλησε
1588 2235 1691 2300 περὶ
1718 2234 1875 2284 αὐτοῦ·

293 2317 408 2368 ε”οικε
445 2317 499 2368 δέ
527 2340 628 2370 πως
662 2319 724 2371 ὡς
757 2318 867 2384 περί
899 2340 1024 2370 τινος
1060 2321 1154 2367 τῶν
1181 2317 1328 2382 ἁγίων
1356 2314 1410 2366 τὸ
1437 2315 1506 2367 ἐπ’
1535 2316 1661 2385 αὐτῷ
1688 2320 1879 2384 φρονεῖν

291 2401 367 2450 καὶ
402 2399 689 2466 λογίζεσθαι,
721 2399 778 2468 ἐξ
812 2398 1129 2465 ἀμυδροτέρας
1167 2400 1229 2452 ὡς
1268 2397 1386 2451 εἰκὸς
1425 2399 1499 2448 καὶ
1539 2403 1678 2448 τοῦτο
1715 2396 1876 2464 φήμης
1899 2422 1948 2461 25

290 2480 413 2532 ἑλὼν
447 2481 799 2551 περιφοιτώσης
840 2479 1036 2532 ἅπασαν
1070 2479 1155 2544 τὴν
1179 2477 1513 2547 Ἰερουσαλὴμ,
1541 2481 1616 2530 καὶ
1656 2481 1870 2545 ἐκτεθρυ-

335 2620 369 2654 3.
398 2608 636 2656 [ἢνεώχθησιιν
653 2608 702 2655 a.]
856 2623 889 2652 4.
916 2608 1136 2645 πιστεύοντες
1153 2621 1184 2643 a.
1348 2618 1380 2652 5.
1406 2608 1536 2643 τούτων
1553 2620 1583 2643 a.
1601 2614 1634 2642 et
1650 2609 1698 2642 ita
1715 2608 1878 2643 emendat

290 2656 421 2702 Heyse.
439 2659 560 2691 τοῦτον
579 2657 621 2691 Β.
642 2657 760 2692 Holst.
778 2656 899 2691 τούτου
918 2657 1012 2691 Aah.
1030 2656 1074 2690 cf.
1095 2668 1201 2701 supra
1220 2656 1287 2700 598
1306 2667 1336 2690 a.
1522 2668 1554 2701 9.
1580 2656 1661 2690 αὐτὸ
1680 2667 1710 2689 c.
1729 2656 1821 2689 αὐτοὶ
1841 2655 1875 2690 b.

291 2702 399 2737 Cord.
419 2703 511 2738 οὗτοι
530 2703 596 2738 Ed.
782 2715 834 2738 10.
861 2704 952 2738 ἀθεεὶ
970 2703 1072 2738 a.b.c.
1093 2703 1229 2747 Migne.
1246 2701 1322 2737 ἀθεῒ
1338 2702 1406 2737 Ed.
1592 2713 1645 2736 11.
1670 2701 1762 2745 ἡμῶν
1781 2701 1877 2736 deest

288 2750 325 2783 in
345 2749 499 2784 Catenis.
566 2750 692 2784 Statim
709 2750 768 2794 τὴν
786 2750 925 2795 δύναμιν
941 2762 959 2784 e
979 2750 1056 2784 Cat.
1078 2749 1179 2784 Harl.
1198 2750 1389 2793 assumpsit
1409 2755 1449 2783 ut
1471 2748 1616 2783 adnotat
1639 2749 1713 2793 ipse
1731 2748 1824 2782 Aub.
1843 2754 1877 2782 et

289 2796 336 2829 ita
354 2808 416 2830 a.c.
437 2796 543 2831 Cord.
563 2796 660 2832 deest
677 2797 713 2831 in
732 2797 773 2831 B.
903 2808 955 2841 13.
982 2797 1029 2832 εἷς
1046 2797 1172 2841 εἶκόνα]
1199 2801 1232 2837 -1-
1254 2797 1308 2830 καὶ
1325 2795 1430 2830 τύπον
1448 2807 1477 2830 a.
1546 2795 1671 2828 Statim
1689 2793 1787 2838 λήψῃ
1805 2794 1875 2828 a.b.

288 2841 398 2886 λήψει
416 2854 444 2876 c.
465 2843 571 2877 Cord.
592 2844 658 2878 Ed.
806 2843 858 2879 16.
883 2844 1176 2888 ἀποκερδάναντας
1193 2854 1224 2877 a.
1242 2842 1544 2888 ἇποκερδαίνοντας
1562 2841 1629 2875 Ed.
1777 2852 1829 2885 19.
1855 2842 1875 2874 ὁ

288 2889 472 2932 λεγόμενος
487 2888 621 2933 Ἰησοῦς
642 2891 681 2925 Β.
698 2890 834 2934 Ἰησοῦς
849 2892 1037 2936 λεγόμενος
1056 2889 1119 2924 Ht.
1140 2889 1205 2924 Ed.
1446 2889 1501 2923 26.
1527 2887 1825 2932 περιφοιτησάσης
1842 2898 1873 2921 a.

288 2934 529 2980 Ἰερουσαλὴμ]
549 2938 612 2981 γῆν
629 2949 658 2971 a.
