2022 3272
112 119 194 159 xiv.
222 133 282 159 11.
362 120 429 160 IN
479 121 519 160 S.
555 118 891 159 -JOANNEM,
956 119 1078 158 12113.
1115 118 1190 158 IX.
1253 117 1387 157 CAP.
1424 117 1456 157 Ι.
1620 116 1704 156 439

113 231 232 296 ἔχειν
276 235 342 298 τῷ
384 253 499 281 ποτε
554 233 711 282 καλῶς
762 228 1011 279 διιθύνοντι
1058 232 1182 297 Θεῷ·
1243 226 1300 290 ἦν
1345 227 1426 277 οὖν
1470 226 1562 290 ἄρα
1610 229 1706 275 τῶν

113 312 440 379 ἐνδεχομένων,
480 314 553 362 καὶ
594 311 669 360 διά
707 333 831 363 τινος
869 314 963 359 τῶν
1003 309 1192 360 ἀτόπων
1231 308 1259 373 ἦ
1307 311 1381 358 καὶ
1427 310 1577 374 ὀρθῶς
1623 308 1706 356 οὐκ

115 395 451 460 εἰργασμένων,
468 391 885 459 προσκεκρουκότα
912 396 977 461 τῷ
1002 396 1109 460 Θεῷ
1136 391 1219 441 τὸν
1244 390 1473 456 μακάριον
1494 394 1707 450 Παῦλον,

115 475 260 541 ἤγουν
287 474 390 525 τινὰ
425 480 519 526 τῶν
546 475 644 526 κατ’
674 476 846 525 ἐκεῖνον
873 474 1043 538 ἕτερον,
1072 472 1244 538 ε’ρημον
1270 471 1354 535 μὲν
1381 474 1462 534 τῆς
1491 471 1709 534 δοθείσης

74 559 243 626 5αὐτῲ
279 557 469 625 χάριτος
505 559 711 625 ὀφθῆναι
746 557 992 617 δύνασθαι,
1021 559 1337 605 κατωθεῖσθαι
1377 553 1424 603 δὲ
1464 554 1594 605 αὖθις
1633 554 1709 602 καὶ

118 641 397 691 ὑπονοστεῖν
436 643 498 692 εἰς
542 638 628 703 τὴν
667 638 773 689 ὅθεν
813 638 957 702 ἀνέβη
996 638 1296 689 ταπείνωσιν.
1361 635 1414 686 τὸ
1454 635 1546 701 γὰρ
1586 633 1708 687 ὅλως
1727 641 1753 681 b

118 722 293 790 ἔξωθεν
323 724 397 772 καὶ
435 721 639 772 ἐπακτὸν
671 720 840 788 ῥᾳδίως
877 718 933 770 ἂν
964 720 1255 770 ἀποπτύοιτο
1285 721 1360 768 καὶ
1396 715 1711 785 ἀναφαίρετόν

118 806 264 866 ἐστιν,
292 806 354 857 ὡς
381 803 534 854 δοτόν.
591 801 661 869 ἆρ’
691 803 772 853 οὖν
798 801 834 852 ὦ
861 799 1102 863 βέλτιστε·
1146 800 1432 868 τετράψεται
1464 798 1557 864 γὰρ
1593 797 1712 864 πρὸς

118 885 175 936 σὲ
215 887 240 936 ὁ
282 885 427 950 λόγος
468 885 628 936 πάλιν·
675 889 712 936 εὶ
751 883 870 934 κατὰ
908 882 994 947 τὴν
1031 882 1151 950 πρὸς
1189 882 1245 933 σὲ
1287 881 1596 933 ἀπαιδευσίαν
1636 882 1713 930 καὶ

51 986 100 1013 10
120 967 452 1032 ἀσεβεστάτην
479 966 743 1034 ὑπόληψιν,
769 965 983 1031 καθάπερ
1018 964 1075 1030 ἧν
1102 967 1150 1015 ἐν
1175 969 1242 1034 τῶ
1281 963 1464 1032 Παύλω
1498 961 1714 1028 Χριστὸς

119 1054 286 1101 λαλῶν
313 1072 389 1100 και
414 1053 757 1146 τερατουργῶν,
784 1049 930 1101 οὕτως
961 1045 1077 1098 εἶναι
1116 1047 1218 1111 δοίη
1255 1070 1324 1101 τις
1361 1046 1419 1096 ἂν
1445 1047 1492 1096 ἐν
1519 1049 1586 1096 τῶ
1612 1048 1715 1113 Υὶῷ

118 1131 202 1183 τὸν
231 1132 437 1198 Πατερα,
469 1136 570 1185 πῶς
609 1132 692 1182 οὐκ
728 1131 1004 1199 ἀμφίλογον
1039 1132 1102 1183 ὡς
1141 1128 1262 1182 Θεὸς
1300 1152 1385 1193 μεν
1420 1150 1556 1178 εσται
1594 1125 1715 1177 κατὰ

121 1213 272 1282 φύσιν
298 1216 526 1279 οὐδαμῶς,
552 1215 663 1264 ἀλλ’
694 1213 851 1279 ἕτερόν
877 1235 922 1263 τι
949 1211 1079 1278 παρὰ
1104 1211 1187 1262 τὸν
1213 1213 1478 1262 ἐνοικοῦντα
1506 1209 1714 1275 Πατέρα,

123 1297 250 1348 Θεὸν
288 1296 401 1347 ὅντα
446 1295 565 1347 κατὰ
610 1295 865 1360 ἀλήθειαν;
927 1296 1049 1345 οὕτω
1093 1293 1187 1360 γὰρ
1232 1292 1290 1358 ἦν
1331 1295 1379 1343 ἐν
1418 1296 1484 1361 τῷ
1530 1291 1754 1360 Παύλῳο

57 1390 102 1428 15
122 1377 351 1445 Χριστός.
407 1378 611 1446 ὄργανον
643 1378 725 1429 οὖν
757 1378 849 1444 ἄρα
884 1379 959 1427 καὶ
994 1375 1161 1442 ὥσπερ
1200 1398 1245 1427 τι
1283 1374 1453 1428 σκεῦός
1489 1376 1620 1424 ἐστιν
1651 1377 1714 1426 εἰς

123 1461 270 1530 δόξαν
310 1460 685 1527 κατηρτισμένον
725 1461 750 1512 ὁ
795 1457 1091 1525 Μονογενὴς,
1131 1460 1205 1509 καὶ
1247 1457 1413 1509 διοίσει
1458 1456 1543 1520 μὲν
1585 1453 1716 1506 οὐδὲν

124 1545 272 1595 αὐλοῦ
312 1546 388 1595 καὶ
424 1543 585 1609 λύρας,
616 1545 760 1594 ἐκεῖνο
798 1546 986 1611 φωνῶν,
1019 1541 1135 1608 ὅπερ
1170 1539 1228 1591 ἂν
1260 1540 1513 1604 ἐμπνεήται
1547 1537 1712 1605 τυχὸν,

123 1627 271 1692 ἤγουν
297 1626 536 1693 εὐρύθμως
563 1627 885 1694 ἀναμελῳδεῖν
910 1627 976 1693 τῷ
1006 1623 1238 1692 πλήκτρῳ
1266 1621 1528 1685 κελεύηται·
1581 1620 1717 1670 ε”σται

125 1708 174 1760 δὲ
218 1711 338 1760 οὕτω
378 1707 672 1775 παραδεκτὸς
713 1711 775 1760 εἰς
816 1705 1203 1771 θαυματουργίαν
1241 1708 1307 1774 τῷ
1348 1705 1517 1769 Πατρῖ,
1558 1705 1620 1756 ὡς
1659 1700 1718 1752 ἂν

55 1813 106 1838 20
127 1796 278 1843 νοοῖτο
304 1789 450 1858 τυχὸν
475 1790 627 1857 πρίων
652 1788 681 1854 ἢ
715 1789 990 1853 σκέπαρνον
1016 1793 1113 1841 τοῖς
1146 1785 1295 1838 εἰδόσι
1327 1786 1381 1837 τὸ
1415 1786 1713 1854 ξυλουργεῖν.

125 1872 224 1926 εἶτα
263 1874 311 1924 τί
347 1873 516 1924 τούτου
555 1872 958 1938 παραλογώτερον
979 1893 992 1933 3
1046 1872 1168 1921 οὕτω
1210 1871 1304 1935 γὰρ
1345 1869 1466 1935 ἔχων
1506 1868 1714 1936 φύσεως,

127 1955 338 2021 καθάπερ
373 1955 538 2005 ἐκεῖνοί
570 1958 737 2022 φασιν,
764 1951 1021 2017 ἀλλότριος
1047 1952 1183 2002 ἔσται
1208 1954 1456 2004 παντελῶς
1482 1954 1565 2000 τοῦ
1592 1952 1719 1999 Θεοῦ

126 2040 202 2089 καὶ
250 2035 454 2103 Πατρὸς,
501 2035 619 2086 ὅσον
661 2039 724 2088 εἷς
766 2033 820 2085 τὸ
866 2031 981 2084 εἶναι
1026 2032 1173 2101 φύσει
1218 2031 1340 2086 Θεὸς
1384 2033 1433 2082 ἐν
1473 2031 1600 2096 ἡμῖν,
1643 2031 1765 2081 καὶᾶ

126 2119 280 2185 ἕτερος
314 2119 422 2184 παρ’
453 2116 596 2168 αὐτὸν
627 2116 789 2170 οὐδείς.
851 2120 889 2166 εὶ
925 2114 975 2165 δὲ
1013 2118 1097 2180 τῆς
1136 2120 1219 2166 τοῦ
1256 2113 1450 2179 Πατρὸς
1490 2114 1654 2166 οὐσίας
1694 2113 1719 2162 ὁ

57 2209 107 2248 25
127 2201 242 2255 Υἱὸς
269 2199 661 2267 ἀποσχοινίζεται,
689 2197 810 2249 κατά
846 2221 900 2264 γε
935 2196 990 2248 τὸ
1026 2195 1141 2247 εἶναι
1177 2197 1323 2265 φύσει
1350 2195 1486 2258 Θεὸς,
1510 2199 1610 2248 πῶς
1637 2194 1720 2244 οὐκ

127 2285 319 2347 ἀληθῶς
345 2282 434 2346 ἤδη
459 2280 630 2351 φαμὲν,
658 2280 729 2332 ὅτι
754 2285 812 2349 τῇ
844 2280 996 2331 κτίσει
1030 2278 1356 2341 συντέτακται,
1384 2281 1459 2328 καὶ
1487 2277 1716 2342 συνηρίθ,

127 2367 271 2430 μηται
305 2369 401 2418 τοῖς
437 2363 687 2428 ποιήμασι,
715 2366 790 2414 καὶ
825 2364 873 2413 ἐν
899 2362 1103 2428 ὀργάνου
1138 2361 1429 2431 παρελήφθη
1463 2360 1613 2427 χρείᾳ,
1645 2355 1721 2408 καὶ

130 2446 364 2512 ὑπουργὸς
409 2446 520 2511 ἡμῖν
560 2447 663 2496 ἀντὶ
707 2443 945 2496 δεσπότου
987 2443 1197 2511 πέφηνεν
1237 2443 1326 2507 ἤδη
1373 2439 1545 2493 λοιπὸν
1587 2441 1611 2490 ὁ
1655 2443 1722 2508 τῷ

130 2532 240 2597 Θεῷ
266 2529 341 2578 καὶ
370 2528 525 2592 Πατρὶ
552 2526 845 2592 συνεδρεύων
872 2523 1001 2578 Υἱός·
1044 2529 1237 2587 μᾶλλον
1264 2523 1312 2574 δὲ
1347 2522 1452 2574 οὐδὲ
1487 2520 1582 2575 υἱός
1617 2522 1722 2571 ἐστι

61 2633 111 2669 30
132 2609 250 2661 κατὰ
277 2608 505 2673 ἀλήθειαν
528 2629 539 2669 ;
584 2609 638 2658 οὐ
673 2606 767 2673 γὰρ
806 2605 860 2657 τὸ
895 2609 943 2657 ἐν
969 2605 1173 2672 ὀργάνου
1204 2604 1337 2673 τάξει
1363 2603 1507 2665 τεθὲν,
1533 2606 1596 2656 εἷς
1622 2601 1722 2653 υἱόν

131 2715 201 2747 τις
227 2691 396 2755 νοήσαι
423 2691 499 2740 καὶ
524 2688 858 2757 παραδέξαιτό.
917 2689 1164 2753 ἐργαλεῖον
1190 2687 1272 2736 οὖν
1299 2686 1392 2752 ἄρα
1417 2687 1499 2749 τῆς
1523 2684 1720 2748 ἐνούσης
1738 2707 1760 2734 e

184 2887 213 2911 1.
239 2890 322 2910 ποτε
341 2875 382 2910 Ε.
400 2875 508 2909 πάντα
527 2874 594 2909 Ed.
823 2882 853 2918 7.
881 2872 930 2908 ἰ’σ.
950 2872 1175 2916 ἐναφαίρετον
1194 2870 1261 2904 Ed.
1280 2882 1351 2916 mg.
1372 2870 1599 2915 ἀναφαιρετόν
1617 2868 1721 2904 habet

136 2923 174 2957 F.
194 2923 247 2967 (=
267 2922 356 2958 Cod.
377 2922 414 2956 S.
430 2922 542 2956 Marci
557 2921 644 2955 Ven.
663 2921 755 2964 121.)
899 2931 955 2963 23.
981 2919 1027 2954 εἷς
1046 2919 1087 2952 E.
1107 2918 1183 2953 ἐστὶ
1203 2917 1255 2951 Ed
