<?xml version="1.0" encoding="UTF-8"?>
<!DOCTYPE html PUBLIC "-//W3C//DTD XHTML 1.0 Transitional//EN"
    "http://www.w3.org/TR/xhtml1/DTD/xhtml1-transitional.dtd">
<html xmlns="http://www.w3.org/1999/xhtml" xml:lang="en" lang="en">
 <head>
  <title>
</title>
<meta http-equiv="Content-Type" content="text/html;charset=utf-8" />
  <meta name='ocr-system' content='tesseract 3.04.00' />
  <meta name='ocr-capabilities' content='ocr_page ocr_carea ocr_par ocr_line ocrx_word'/>
</head>
<body>
  <div class='ocr_page' id='page_1' title='image "./operacyrilli04cyriuoft/operacyrilli04cyriuoft_0687.png"; bbox 0 0 2022 3272; ppageno 0'>
   <div class='ocr_carea' id='block_1_1' title="bbox 119 155 1714 211">
    <p class='ocr_par' dir='ltr' id='par_1_1' title="bbox 119 155 1714 211">
     <span class='ocr_line' id='line_1_1' title="bbox 119 155 1714 211; baseline -0.003 -14"><span class='ocrx_word' id='word_1_1' title='bbox 119 157 335 211; x_wconf 81' lang='lat' dir='ltr'><strong>xvii.4,5.</strong></span> <span class='ocrx_word' id='word_1_2' title='bbox 375 158 448 198; x_wconf 93' lang='lat' dir='ltr'>IN</span> <span class='ocrx_word' id='word_1_3' title='bbox 492 158 534 198; x_wconf 85' lang='lat' dir='ltr'>S.</span> <span class='ocrx_word' id='word_1_4' title='bbox 569 156 906 198; x_wconf 75' lang='lat' dir='ltr'>JOANNEM.</span> <span class='ocrx_word' id='word_1_5' title='bbox 977 156 1095 195; x_wconf 57' lang='lat'>[1113.</span> <span class='ocrx_word' id='word_1_6' title='bbox 1132 156 1209 196; x_wconf 76' lang='lat' dir='ltr'>xl.</span> <span class='ocrx_word' id='word_1_7' title='bbox 1274 157 1409 196; x_wconf 66' lang='lat' dir='ltr'>(fAl&#39;.</span> <span class='ocrx_word' id='word_1_8' title='bbox 1439 156 1513 195; x_wconf 64' lang='lat' dir='ltr'>VI.</span> <span class='ocrx_word' id='word_1_9' title='bbox 1633 155 1714 195; x_wconf 77' lang='lat'>675</span> 
     </span>
    </p>
   </div>
   <div class='ocr_carea' id='block_1_2' title="bbox 117 262 1754 497">
    <p class='ocr_par' dir='ltr' id='par_1_2' title="bbox 117 262 1754 497">
     <span class='ocr_line' id='line_1_2' title="bbox 118 262 1716 333; baseline -0.002 -17"><span class='ocrx_word' id='word_1_10' title='bbox 118 267 194 316; x_wconf 80' lang='grc' dir='ltr'>καὶ</span> <span class='ocrx_word' id='word_1_11' title='bbox 233 266 353 333; x_wconf 83' lang='grc' dir='ltr'>πρὸς</span> <span class='ocrx_word' id='word_1_12' title='bbox 392 266 445 318; x_wconf 78' lang='grc' dir='ltr'>ὃν</span> <span class='ocrx_word' id='word_1_13' title='bbox 475 267 502 331; x_wconf 86' lang='grc' dir='ltr'>ἡ</span> <span class='ocrx_word' id='word_1_14' title='bbox 540 265 724 329; x_wconf 88' lang='grc' dir='ltr'>ἐντολὴ,</span> <span class='ocrx_word' id='word_1_15' title='bbox 759 267 1053 331; x_wconf 84' lang='grc' dir='ltr'>παραχρῆμα</span> <span class='ocrx_word' id='word_1_16' title='bbox 1090 263 1210 330; x_wconf 81' lang='grc' dir='ltr'>πρὸς</span> <span class='ocrx_word' id='word_1_17' title='bbox 1249 264 1445 328; x_wconf 80' lang='grc' dir='ltr'>ἑνότητα</span> <span class='ocrx_word' id='word_1_18' title='bbox 1484 262 1716 315; x_wconf 84' lang='grc' dir='ltr'>συνάπτει</span> 
     </span>
     <span class='ocr_line' id='line_1_3' title="bbox 117 344 1716 418; baseline -0.002 -20"><span class='ocrx_word' id='word_1_19' title='bbox 117 347 204 413; x_wconf 82' lang='grc' dir='ltr'>τὴν</span> <span class='ocrx_word' id='word_1_20' title='bbox 230 348 454 418; x_wconf 85' lang='grc' dir='ltr'>φυσικὴν,</span> <span class='ocrx_word' id='word_1_21' title='bbox 482 347 760 414; x_wconf 86' lang='grc' dir='ltr'>ὁλοκλήρως</span> <span class='ocrx_word' id='word_1_22' title='bbox 795 351 854 414; x_wconf 86' lang='grc' dir='ltr'>τῇ</span> <span class='ocrx_word' id='word_1_23' title='bbox 893 346 993 414; x_wconf 76' lang='grc' dir='ltr'>θείᾳ</span> <span class='ocrx_word' id='word_1_24' title='bbox 1027 369 1078 397; x_wconf 90' lang='grc' dir='ltr'>τε</span> <span class='ocrx_word' id='word_1_25' title='bbox 1115 348 1190 396; x_wconf 77' lang='grc' dir='ltr'>καὶ</span> <span class='ocrx_word' id='word_1_26' title='bbox 1225 345 1413 415; x_wconf 76' lang='grc' dir='ltr'>ἀρ’ῥήτῳ</span> <span class='ocrx_word' id='word_1_27' title='bbox 1451 345 1596 413; x_wconf 80' lang='grc' dir='ltr'>φύσει</span> <span class='ocrx_word' id='word_1_28' title='bbox 1629 344 1716 409; x_wconf 83' lang='grc' dir='ltr'>τὴν</span> 
     </span>
     <span class='ocr_line' id='line_1_4' title="bbox 117 426 1754 497; baseline -0.004 -16"><span class='ocrx_word' id='word_1_29' title='bbox 117 436 201 481; x_wconf 86' lang='grc' dir='ltr'>τοῦ</span> <span class='ocrx_word' id='word_1_30' title='bbox 227 430 510 497; x_wconf 88' lang='grc' dir='ltr'>πράγματος</span> <span class='ocrx_word' id='word_1_31' title='bbox 538 430 738 491; x_wconf 75' lang='grc' dir='ltr'>ἔκβασιν</span> <span class='ocrx_word' id='word_1_32' title='bbox 764 430 1012 490; x_wconf 78' lang='grc' dir='ltr'>ἀνατιθεὶς,</span> <span class='ocrx_word' id='word_1_33' title='bbox 1043 427 1120 478; x_wconf 82' lang='grc' dir='ltr'>διὰ</span> <span class='ocrx_word' id='word_1_34' title='bbox 1153 433 1238 478; x_wconf 91' lang='grc' dir='ltr'>τοῦ</span> <span class='ocrx_word' id='word_1_35' title='bbox 1272 426 1539 496; x_wconf 85' lang='grc' dir='ltr'>πανσόφως</span> <span class='ocrx_word' id='word_1_36' title='bbox 1574 431 1714 477; x_wconf 81' lang='grc' dir='ltr'>εἰπεῖν</span> <span class='ocrx_word' id='word_1_37' title='bbox 1733 447 1754 473; x_wconf 86' lang='lat' dir='ltr'>c</span> 
     </span>
    </p>
   </div>
   <div class='ocr_carea' id='block_1_3' title="bbox 1778 509 1940 540">
    <p class='ocr_par' dir='ltr' id='par_1_3' title="bbox 1778 509 1940 540">
     <span class='ocr_line' id='line_1_5' title="bbox 1778 509 1940 540; baseline 0.006 -2"><span class='ocrx_word' id='word_1_38' title='bbox 1778 509 1831 538; x_wconf 54' lang='grc' dir='ltr'>ΡΒ.</span> <span class='ocrx_word' id='word_1_39' title='bbox 1851 509 1940 540; x_wconf 74' lang='lat' dir='ltr'>lxvii.</span> 
     </span>
    </p>
   </div>
   <div class='ocr_carea' id='block_1_4' title="bbox 117 507 1818 593">
    <p class='ocr_par' dir='ltr' id='par_1_4' title="bbox 117 507 1818 593">
     <span class='ocr_line' id='line_1_6' title="bbox 117 507 1818 593; baseline -0.004 -30"><span class='ocrx_word' id='word_1_40' title='bbox 117 511 424 576; x_wconf 86' lang='grc' dir='ltr'>Δυνάμωσον</span> <span class='ocrx_word' id='word_1_41' title='bbox 456 514 480 563; x_wconf 84' lang='grc' dir='ltr'>ὁ</span> <span class='ocrx_word' id='word_1_42' title='bbox 521 511 645 565; x_wconf 78' lang='grc' dir='ltr'>Θεὸς</span> <span class='ocrx_word' id='word_1_43' title='bbox 682 516 821 563; x_wconf 88' lang='grc' dir='ltr'>τοῦτο</span> <span class='ocrx_word' id='word_1_44' title='bbox 860 509 885 561; x_wconf 73' lang='grc' dir='ltr'><em>ὃ</em></span> <span class='ocrx_word' id='word_1_45' title='bbox 925 511 1196 576; x_wconf 86' lang='grc' dir='ltr'>κατηρτίσω</span> <span class='ocrx_word' id='word_1_46' title='bbox 1235 510 1360 572; x_wconf 80' lang='grc' dir='ltr'>ἡμῖν.</span> <span class='ocrx_word' id='word_1_47' title='bbox 1416 507 1714 575; x_wconf 75' lang='grc' dir='ltr'>ἐγχειρίζεται</span> <span class='ocrx_word' id='word_1_48' title='bbox 1778 562 1818 593; x_wconf 67' lang='lat'>⁰9</span> 
     </span>
    </p>
   </div>
   <div class='ocr_carea' id='block_1_5' title="bbox 48 590 1933 2713">
    <p class='ocr_par' dir='ltr' id='par_1_5' title="bbox 48 590 1933 2713">
     <span class='ocr_line' id='line_1_7' title="bbox 74 590 1715 662; baseline -0.004 -15"><span class='ocrx_word' id='word_1_49' title='bbox 74 595 273 647; x_wconf 87' lang='grc' dir='ltr'>5τοίνυν</span> <span class='ocrx_word' id='word_1_50' title='bbox 311 594 413 659; x_wconf 76' lang='grc' dir='ltr'>η’τοι</span> <span class='ocrx_word' id='word_1_51' title='bbox 450 594 631 662; x_wconf 79' lang='grc' dir='ltr'>δέχεται</span> <span class='ocrx_word' id='word_1_52' title='bbox 669 592 800 659; x_wconf 80' lang='grc' dir='ltr'>παρὰ</span> <span class='ocrx_word' id='word_1_53' title='bbox 844 599 927 643; x_wconf 89' lang='grc' dir='ltr'>τοῦ</span> <span class='ocrx_word' id='word_1_54' title='bbox 966 593 1082 643; x_wconf 83' lang='grc' dir='ltr'><em>ἰδίου</em></span> <span class='ocrx_word' id='word_1_55' title='bbox 1126 591 1318 657; x_wconf 71' lang='grc' dir='ltr'>Πατρός</span> <span class='ocrx_word' id='word_1_56' title='bbox 1358 595 1402 641; x_wconf 74' lang='grc' dir='ltr'>τὸ</span> <span class='ocrx_word' id='word_1_57' title='bbox 1444 591 1552 640; x_wconf 91' lang='grc' dir='ltr'>καθ’</span> <span class='ocrx_word' id='word_1_58' title='bbox 1595 590 1715 653; x_wconf 81' lang='grc' dir='ltr'>ἡμᾶς</span> 
     </span>
     <span class='ocr_line' id='line_1_8' title="bbox 120 669 1714 745; baseline -0.004 -19"><span class='ocrx_word' id='word_1_59' title='bbox 120 675 239 745; x_wconf 72' lang='grc' dir='ltr'>ἔργον</span> <span class='ocrx_word' id='word_1_60' title='bbox 277 677 302 727; x_wconf 82' lang='grc' dir='ltr'>ὁ</span> <span class='ocrx_word' id='word_1_61' title='bbox 341 676 472 729; x_wconf 78' lang='grc' dir='ltr'>Υἱός.</span> <span class='ocrx_word' id='word_1_62' title='bbox 529 675 648 727; x_wconf 75' lang='grc' dir='ltr'>κατὰ</span> <span class='ocrx_word' id='word_1_63' title='bbox 686 676 791 726; x_wconf 87' lang='grc' dir='ltr'>τίνα</span> <span class='ocrx_word' id='word_1_64' title='bbox 831 674 879 725; x_wconf 79' lang='grc' dir='ltr'>δὲ</span> <span class='ocrx_word' id='word_1_65' title='bbox 920 673 1098 741; x_wconf 84' lang='grc' dir='ltr'>τρόπον</span> <span class='ocrx_word' id='word_1_66' title='bbox 1138 672 1166 738; x_wconf 86' lang='grc' dir='ltr'>ὴ</span> <span class='ocrx_word' id='word_1_67' title='bbox 1206 677 1306 727; x_wconf 81' lang='grc' dir='ltr'>πῶς</span> <span class='ocrx_word' id='word_1_68' title='bbox 1344 671 1617 722; x_wconf 77' lang='grc' dir='ltr'>ἐντέλλεται</span> <span class='ocrx_word' id='word_1_69' title='bbox 1655 669 1714 739; x_wconf 79' lang='grc' dir='ltr'>τῇ</span> 
     </span>
     <span class='ocr_line' id='line_1_9' title="bbox 117 755 1714 826; baseline -0.003 -17"><span class='ocrx_word' id='word_1_70' title='bbox 117 759 211 826; x_wconf 78' lang='grc' dir='ltr'>ἰδίᾳ</span> <span class='ocrx_word' id='word_1_71' title='bbox 242 758 434 822; x_wconf 82' lang='grc' dir='ltr'>δυνάμει</span> <span class='ocrx_word' id='word_1_72' title='bbox 462 756 598 816; x_wconf 79' lang='grc' dir='ltr'>Θεὸς,</span> <span class='ocrx_word' id='word_1_73' title='bbox 626 757 949 823; x_wconf 85' lang='grc' dir='ltr'>περιαθρῆσαί</span> <span class='ocrx_word' id='word_1_74' title='bbox 980 780 1029 808; x_wconf 94' lang='grc' dir='ltr'>τε</span> <span class='ocrx_word' id='word_1_75' title='bbox 1066 757 1141 806; x_wconf 82' lang='grc' dir='ltr'>καὶ</span> <span class='ocrx_word' id='word_1_76' title='bbox 1175 760 1316 806; x_wconf 81' lang='grc' dir='ltr'>εἰπεῖν</span> <span class='ocrx_word' id='word_1_77' title='bbox 1343 756 1620 819; x_wconf 81' lang='grc' dir='ltr'>ἀναγκαῖον,</span> <span class='ocrx_word' id='word_1_78' title='bbox 1653 755 1714 806; x_wconf 87' lang='grc' dir='ltr'>ὡς</span> 
     </span>
     <span class='ocr_line' id='line_1_10' title="bbox 117 834 1715 908; baseline -0.003 -18"><span class='ocrx_word' id='word_1_79' title='bbox 117 838 176 890; x_wconf 78' lang='grc' dir='ltr'>ἂν</span> <span class='ocrx_word' id='word_1_80' title='bbox 200 840 440 908; x_wconf 78' lang='grc' dir='ltr'>ἐνδέχηται</span> <span class='ocrx_word' id='word_1_81' title='bbox 476 839 596 891; x_wconf 85' lang='grc' dir='ltr'>κατά</span> <span class='ocrx_word' id='word_1_82' title='bbox 635 862 690 906; x_wconf 88' lang='grc' dir='ltr'>γε</span> <span class='ocrx_word' id='word_1_83' title='bbox 725 838 779 890; x_wconf 77' lang='grc' dir='ltr'>τὸ</span> <span class='ocrx_word' id='word_1_84' title='bbox 815 840 1121 905; x_wconf 79' lang='grc' dir='ltr'>ἀνθρωπίνως</span> <span class='ocrx_word' id='word_1_85' title='bbox 1157 841 1486 904; x_wconf 90' lang='grc' dir='ltr'>διερμηνεῦσαι</span> <span class='ocrx_word' id='word_1_86' title='bbox 1513 834 1572 885; x_wconf 81' lang='grc' dir='ltr'>τὰ</span> <span class='ocrx_word' id='word_1_87' title='bbox 1600 834 1715 900; x_wconf 74' lang='grc' dir='ltr'>ὑπὲρ</span> 
     </span>
     <span class='ocr_line' id='line_1_11' title="bbox 117 918 1715 987; baseline -0.005 -13"><span class='ocrx_word' id='word_1_88' title='bbox 117 928 243 974; x_wconf 84' lang='grc' dir='ltr'>νοῦν.</span> <span class='ocrx_word' id='word_1_89' title='bbox 310 923 578 973; x_wconf 83' lang='grc' dir='ltr'>ὑποκείσθω</span> <span class='ocrx_word' id='word_1_90' title='bbox 618 927 870 987; x_wconf 84' lang='grc' dir='ltr'>τοιγαροῦν</span> <span class='ocrx_word' id='word_1_91' title='bbox 909 920 1028 987; x_wconf 84' lang='grc' dir='ltr'>ἀνήρ</span> <span class='ocrx_word' id='word_1_92' title='bbox 1070 943 1140 973; x_wconf 88' lang='grc' dir='ltr'>τις</span> <span class='ocrx_word' id='word_1_93' title='bbox 1179 923 1273 970; x_wconf 82' lang='grc' dir='ltr'>τῶν</span> <span class='ocrx_word' id='word_1_94' title='bbox 1313 920 1420 969; x_wconf 83' lang='grc' dir='ltr'>καθ’</span> <span class='ocrx_word' id='word_1_95' title='bbox 1462 918 1597 981; x_wconf 80' lang='grc' dir='ltr'>ἡμᾶς,</span> <span class='ocrx_word' id='word_1_96' title='bbox 1639 918 1715 966; x_wconf 81' lang='grc' dir='ltr'>καὶ</span> 
     </span>
     <span class='ocr_line' id='line_1_12' title="bbox 48 1001 1709 1070; baseline -0.005 -14"><span class='ocrx_word' id='word_1_97' title='bbox 48 1022 98 1048; x_wconf 90' lang='lat'>10</span> <span class='ocrx_word' id='word_1_98' title='bbox 117 1009 284 1055; x_wconf 90' lang='grc' dir='ltr'>τοῦτον</span> <span class='ocrx_word' id='word_1_99' title='bbox 326 1002 441 1055; x_wconf 75' lang='grc' dir='ltr'>εἶναι</span> <span class='ocrx_word' id='word_1_100' title='bbox 485 1003 782 1067; x_wconf 81' lang='grc' dir='ltr'>πιστεύωμεν</span> <span class='ocrx_word' id='word_1_101' title='bbox 823 1002 988 1070; x_wconf 81' lang='grc' dir='ltr'>τέχνης</span> <span class='ocrx_word' id='word_1_102' title='bbox 1033 1001 1330 1066; x_wconf 88' lang='grc' dir='ltr'>ἐπιστήμονα</span> <span class='ocrx_word' id='word_1_103' title='bbox 1377 1003 1460 1063; x_wconf 86' lang='grc' dir='ltr'>τῆς</span> <span class='ocrx_word' id='word_1_104' title='bbox 1504 1006 1709 1066; x_wconf 87' lang='grc' dir='ltr'>χαλκευ-</span> 
     </span>
     <span class='ocr_line' id='line_1_13' title="bbox 115 1080 1717 1153; baseline -0.003 -15"><span class='ocrx_word' id='word_1_105' title='bbox 115 1089 264 1151; x_wconf 80' lang='grc' dir='ltr'>τικῆς’</span> <span class='ocrx_word' id='word_1_106' title='bbox 307 1084 405 1137; x_wconf 75' lang='grc' dir='ltr'>εἶτα</span> <span class='ocrx_word' id='word_1_107' title='bbox 430 1084 550 1153; x_wconf 81' lang='grc' dir='ltr'>πρὸς</span> <span class='ocrx_word' id='word_1_108' title='bbox 576 1083 849 1152; x_wconf 77' lang='grc' dir='ltr'>ἀνδριάντος</span> <span class='ocrx_word' id='word_1_109' title='bbox 876 1084 1156 1145; x_wconf 78' lang='grc' dir='ltr'>ἐκτύπωσιν,</span> <span class='ocrx_word' id='word_1_110' title='bbox 1184 1083 1332 1148; x_wconf 77' lang='grc' dir='ltr'>ἤγουν</span> <span class='ocrx_word' id='word_1_111' title='bbox 1360 1082 1449 1147; x_wconf 75' lang='grc' dir='ltr'>ἤδη</span> <span class='ocrx_word' id='word_1_112' title='bbox 1482 1080 1717 1133; x_wconf 75' lang='grc' dir='ltr'>παθόντος</span> 
     </span>
     <span class='ocr_line' id='line_1_14' title="bbox 116 1162 1759 1234; baseline -0.005 -15"><span class='ocrx_word' id='word_1_113' title='bbox 116 1170 192 1219; x_wconf 80' lang='grc' dir='ltr'>καὶ</span> <span class='ocrx_word' id='word_1_114' title='bbox 231 1167 584 1232; x_wconf 74' lang='grc' dir='ltr'>λελωβημένου,</span> <span class='ocrx_word' id='word_1_115' title='bbox 624 1165 885 1234; x_wconf 79' lang='grc' dir='ltr'>τετράφθαι</span> <span class='ocrx_word' id='word_1_116' title='bbox 925 1165 1046 1232; x_wconf 83' lang='grc' dir='ltr'>πρὸς</span> <span class='ocrx_word' id='word_1_117' title='bbox 1087 1163 1430 1230; x_wconf 82' lang='grc' dir='ltr'>ἐπανόρθωσιν.</span> <span class='ocrx_word' id='word_1_118' title='bbox 1491 1167 1592 1216; x_wconf 82' lang='grc' dir='ltr'>πῶς</span> <span class='ocrx_word' id='word_1_119' title='bbox 1632 1162 1759 1213; x_wconf 76' lang='grc' dir='ltr'>οῦνᾱ</span> 
     </span>
     <span class='ocr_line' id='line_1_15' title="bbox 116 1246 1711 1316; baseline -0.003 -16"><span class='ocrx_word' id='word_1_120' title='bbox 116 1250 387 1316; x_wconf 84' lang='grc' dir='ltr'>ἐργάσεται,</span> <span class='ocrx_word' id='word_1_121' title='bbox 414 1249 709 1316; x_wconf 83' lang='grc' dir='ltr'>κατορθώσει</span> <span class='ocrx_word' id='word_1_122' title='bbox 745 1247 794 1298; x_wconf 77' lang='grc' dir='ltr'>δὲ</span> <span class='ocrx_word' id='word_1_123' title='bbox 830 1248 958 1302; x_wconf 77' lang='grc' dir='ltr'>ὅπως</span> <span class='ocrx_word' id='word_1_124' title='bbox 991 1248 1046 1298; x_wconf 79' lang='grc' dir='ltr'>τὸ</span> <span class='ocrx_word' id='word_1_125' title='bbox 1081 1250 1281 1309; x_wconf 67' lang='grc' dir='ltr'>δοκοῦνς,</span> <span class='ocrx_word' id='word_1_126' title='bbox 1331 1246 1589 1313; x_wconf 73' lang='grc' dir='ltr'>ἐπιτρέψας</span> <span class='ocrx_word' id='word_1_127' title='bbox 1629 1247 1711 1308; x_wconf 90' lang='grc' dir='ltr'>δη-</span> 
     </span>
     <span class='ocr_line' id='line_1_16' title="bbox 116 1325 1716 1400; baseline -0.004 -17"><span class='ocrx_word' id='word_1_128' title='bbox 116 1331 279 1383; x_wconf 89' lang='grc' dir='ltr'>λονότι</span> <span class='ocrx_word' id='word_1_129' title='bbox 311 1337 371 1400; x_wconf 83' lang='grc' dir='ltr'>τῇ</span> <span class='ocrx_word' id='word_1_130' title='bbox 401 1330 592 1395; x_wconf 88' lang='grc' dir='ltr'>δυνάμει</span> <span class='ocrx_word' id='word_1_131' title='bbox 619 1335 715 1381; x_wconf 84' lang='grc' dir='ltr'>τῶν</span> <span class='ocrx_word' id='word_1_132' title='bbox 742 1329 869 1381; x_wconf 87' lang='grc' dir='ltr'>ἰδίων</span> <span class='ocrx_word' id='word_1_133' title='bbox 905 1334 1072 1397; x_wconf 82' lang='grc' dir='ltr'>χειρῶν</span> <span class='ocrx_word' id='word_1_134' title='bbox 1099 1330 1175 1380; x_wconf 80' lang='grc' dir='ltr'>καὶ</span> <span class='ocrx_word' id='word_1_135' title='bbox 1207 1328 1361 1397; x_wconf 75' lang='grc' dir='ltr'>σοφία</span> <span class='ocrx_word' id='word_1_136' title='bbox 1392 1331 1451 1395; x_wconf 84' lang='grc' dir='ltr'>τῇ</span> <span class='ocrx_word' id='word_1_137' title='bbox 1484 1326 1604 1378; x_wconf 79' lang='grc' dir='ltr'>κατὰ</span> <span class='ocrx_word' id='word_1_138' title='bbox 1629 1325 1716 1391; x_wconf 86' lang='grc' dir='ltr'>τὴν</span> 
     </span>
     <span class='ocr_line' id='line_1_17' title="bbox 50 1409 1716 1482; baseline -0.003 -18"><span class='ocrx_word' id='word_1_139' title='bbox 50 1436 97 1474; x_wconf 87' lang='lat'>15</span> <span class='ocrx_word' id='word_1_140' title='bbox 117 1413 297 1482; x_wconf 77' lang='grc' dir='ltr'>τέχνην,</span> <span class='ocrx_word' id='word_1_141' title='bbox 333 1413 420 1478; x_wconf 86' lang='grc' dir='ltr'>τὴν</span> <span class='ocrx_word' id='word_1_142' title='bbox 460 1415 530 1482; x_wconf 87' lang='grc' dir='ltr'>ἐφ’</span> <span class='ocrx_word' id='word_1_143' title='bbox 566 1412 633 1466; x_wconf 72' lang='grc' dir='ltr'>οἷς</span> <span class='ocrx_word' id='word_1_144' title='bbox 671 1411 730 1463; x_wconf 81' lang='grc' dir='ltr'>ἂν</span> <span class='ocrx_word' id='word_1_145' title='bbox 769 1411 924 1462; x_wconf 73' lang='grc' dir='ltr'>ἕλοιτο</span> <span class='ocrx_word' id='word_1_146' title='bbox 963 1414 1080 1478; x_wconf 82' lang='grc' dir='ltr'>δρᾶν</span> <span class='ocrx_word' id='word_1_147' title='bbox 1117 1410 1481 1477; x_wconf 83' lang='grc' dir='ltr'>ἀποπλήρωσιν.</span> <span class='ocrx_word' id='word_1_148' title='bbox 1535 1409 1647 1460; x_wconf 81' lang='grc' dir='ltr'>ἀλλ’</span> <span class='ocrx_word' id='word_1_149' title='bbox 1676 1412 1716 1459; x_wconf 87' lang='grc' dir='ltr'>εἰ</span> 
     </span>
     <span class='ocr_line' id='line_1_18' title="bbox 118 1492 1716 1561; baseline -0.004 -14"><span class='ocrx_word' id='word_1_150' title='bbox 118 1497 195 1547; x_wconf 79' lang='grc' dir='ltr'>καὶ</span> <span class='ocrx_word' id='word_1_151' title='bbox 229 1501 330 1551; x_wconf 82' lang='grc' dir='ltr'>ταῖς</span> <span class='ocrx_word' id='word_1_152' title='bbox 362 1497 583 1549; x_wconf 77' lang='grc' dir='ltr'>ἐπινοίαις</span> <span class='ocrx_word' id='word_1_153' title='bbox 618 1494 782 1561; x_wconf 81' lang='grc' dir='ltr'>ὥσπερ</span> <span class='ocrx_word' id='word_1_154' title='bbox 809 1492 963 1560; x_wconf 81' lang='grc' dir='ltr'>ἕτερόν</span> <span class='ocrx_word' id='word_1_155' title='bbox 994 1516 1039 1544; x_wconf 90' lang='grc' dir='ltr'>τι</span> <span class='ocrx_word' id='word_1_156' title='bbox 1069 1493 1179 1559; x_wconf 85' lang='grc' dir='ltr'>παρ’</span> <span class='ocrx_word' id='word_1_157' title='bbox 1209 1492 1352 1543; x_wconf 80' lang='grc' dir='ltr'>αὑτὸν</span> <span class='ocrx_word' id='word_1_158' title='bbox 1379 1493 1716 1560; x_wconf 85' lang='grc' dir='ltr'>διαφαίνεσθαι</span> 
     </span>
     <span class='ocr_line' id='line_1_19' title="bbox 119 1573 1713 1646; baseline -0.004 -18"><span class='ocrx_word' id='word_1_159' title='bbox 119 1581 247 1629; x_wconf 82' lang='grc' dir='ltr'>δοκεῖ</span> <span class='ocrx_word' id='word_1_160' title='bbox 273 1602 374 1633; x_wconf 87' lang='grc' dir='ltr'>πως</span> <span class='ocrx_word' id='word_1_161' title='bbox 401 1578 433 1643; x_wconf 85' lang='grc' dir='ltr'><em>ἥ</em></span> <span class='ocrx_word' id='word_1_162' title='bbox 461 1601 511 1629; x_wconf 88' lang='grc' dir='ltr'>τε</span> <span class='ocrx_word' id='word_1_163' title='bbox 543 1577 698 1646; x_wconf 85' lang='grc' dir='ltr'>σοφία</span> <span class='ocrx_word' id='word_1_164' title='bbox 733 1578 810 1626; x_wconf 81' lang='grc' dir='ltr'>καὶ</span> <span class='ocrx_word' id='word_1_165' title='bbox 846 1576 874 1640; x_wconf 83' lang='grc' dir='ltr'>ἡ</span> <span class='ocrx_word' id='word_1_166' title='bbox 907 1576 1102 1639; x_wconf 84' lang='grc' dir='ltr'>δύναμις</span> <span class='ocrx_word' id='word_1_167' title='bbox 1128 1575 1285 1637; x_wconf 81' lang='grc' dir='ltr'>αὐτοῦ,</span> <span class='ocrx_word' id='word_1_168' title='bbox 1311 1575 1421 1625; x_wconf 86' lang='grc' dir='ltr'>ἀλλ’</span> <span class='ocrx_word' id='word_1_169' title='bbox 1450 1574 1538 1641; x_wconf 83' lang='grc' dir='ltr'>οὐχ</span> <span class='ocrx_word' id='word_1_170' title='bbox 1563 1573 1713 1639; x_wconf 79' lang='grc' dir='ltr'>ἕτεραι</span> 
     </span>
     <span class='ocr_line' id='line_1_20' title="bbox 118 1655 1713 1728; baseline -0.004 -17"><span class='ocrx_word' id='word_1_171' title='bbox 118 1659 229 1726; x_wconf 87' lang='grc' dir='ltr'>παρ’</span> <span class='ocrx_word' id='word_1_172' title='bbox 256 1660 398 1712; x_wconf 81' lang='grc' dir='ltr'>αὐτὸν</span> <span class='ocrx_word' id='word_1_173' title='bbox 424 1658 483 1711; x_wconf 77' lang='grc' dir='ltr'>ἂν</span> <span class='ocrx_word' id='word_1_174' title='bbox 509 1658 614 1711; x_wconf 77' lang='grc' dir='ltr'>εἶεν.</span> <span class='ocrx_word' id='word_1_175' title='bbox 673 1661 722 1710; x_wconf 89' lang='grc' dir='ltr'>ἐν</span> <span class='ocrx_word' id='word_1_176' title='bbox 749 1657 844 1725; x_wconf 81' lang='grc' dir='ltr'>γὰρ</span> <span class='ocrx_word' id='word_1_177' title='bbox 871 1660 938 1728; x_wconf 71' lang='grc' dir='ltr'>τῷ</span> <span class='ocrx_word' id='word_1_178' title='bbox 973 1660 1055 1721; x_wconf 85' lang='grc' dir='ltr'>τῆς</span> <span class='ocrx_word' id='word_1_179' title='bbox 1091 1657 1255 1710; x_wconf 80' lang='grc' dir='ltr'>οὐσίας</span> <span class='ocrx_word' id='word_1_180' title='bbox 1289 1655 1423 1725; x_wconf 77' lang='grc' dir='ltr'>λόγῳ</span> <span class='ocrx_word' id='word_1_181' title='bbox 1459 1657 1534 1706; x_wconf 77' lang='grc' dir='ltr'>καὶ</span> <span class='ocrx_word' id='word_1_182' title='bbox 1565 1660 1713 1706; x_wconf 89' lang='grc' dir='ltr'>ταῦτα</span> 
     </span>
     <span class='ocr_line' id='line_1_21' title="bbox 119 1736 1753 1807; baseline -0.004 -15"><span class='ocrx_word' id='word_1_183' title='bbox 119 1741 410 1807; x_wconf 88' lang='grc' dir='ltr'>κεκτήσεται.</span> <span class='ocrx_word' id='word_1_184' title='bbox 481 1744 558 1793; x_wconf 83' lang='grc' dir='ltr'>καὶ</span> <span class='ocrx_word' id='word_1_185' title='bbox 601 1740 788 1805; x_wconf 89' lang='grc' dir='ltr'>νοήσεις</span> <span class='ocrx_word' id='word_1_186' title='bbox 829 1740 915 1804; x_wconf 72' lang='grc' dir='ltr'>μέν</span> <span class='ocrx_word' id='word_1_187' title='bbox 960 1762 1005 1790; x_wconf 88' lang='grc' dir='ltr'>τι</span> <span class='ocrx_word' id='word_1_188' title='bbox 1048 1743 1260 1791; x_wconf 87' lang='grc' dir='ltr'>τοιοῦτον</span> <span class='ocrx_word' id='word_1_189' title='bbox 1301 1739 1375 1789; x_wconf 81' lang='grc' dir='ltr'>ἐπὶ</span> <span class='ocrx_word' id='word_1_190' title='bbox 1419 1741 1556 1798; x_wconf 79' lang='grc' dir='ltr'>Θεοῦ,</span> <span class='ocrx_word' id='word_1_191' title='bbox 1599 1736 1753 1805; x_wconf 69' lang='grc' dir='ltr'>δέξῃρ</span> 
     </span>
     <span class='ocr_line' id='line_1_22' title="bbox 50 1817 1708 1891; baseline -0.004 -15"><span class='ocrx_word' id='word_1_192' title='bbox 50 1850 100 1876; x_wconf 88' lang='lat'>20</span> <span class='ocrx_word' id='word_1_193' title='bbox 121 1823 272 1889; x_wconf 84' lang='grc' dir='ltr'>γεμὴν</span> <span class='ocrx_word' id='word_1_194' title='bbox 297 1825 379 1876; x_wconf 83' lang='grc' dir='ltr'>οὐκ</span> <span class='ocrx_word' id='word_1_195' title='bbox 406 1822 610 1876; x_wconf 86' lang='grc' dir='ltr'>εἰσάπαν</span> <span class='ocrx_word' id='word_1_196' title='bbox 636 1825 816 1891; x_wconf 85' lang='grc' dir='ltr'>ἐμφερῆ</span> <span class='ocrx_word' id='word_1_197' title='bbox 848 1821 934 1886; x_wconf 90' lang='grc' dir='ltr'>τὴν</span> <span class='ocrx_word' id='word_1_198' title='bbox 959 1826 1043 1872; x_wconf 89' lang='grc' dir='ltr'>τοῦ</span> <span class='ocrx_word' id='word_1_199' title='bbox 1078 1820 1460 1886; x_wconf 79' lang='grc' dir='ltr'>παραδείγματος</span> <span class='ocrx_word' id='word_1_200' title='bbox 1495 1817 1708 1882; x_wconf 84' lang='grc' dir='ltr'>δύναμιν.</span> 
     </span>
     <span class='ocr_line' id='line_1_23' title="bbox 121 1899 1711 1973; baseline -0.006 -15"><span class='ocrx_word' id='word_1_201' title='bbox 121 1906 243 1960; x_wconf 80' lang='grc' dir='ltr'>Θεὸς</span> <span class='ocrx_word' id='word_1_202' title='bbox 288 1906 382 1973; x_wconf 77' lang='grc' dir='ltr'>γὰρ</span> <span class='ocrx_word' id='word_1_203' title='bbox 425 1907 450 1957; x_wconf 84' lang='grc' dir='ltr'><strong>ὁ</strong></span> <span class='ocrx_word' id='word_1_204' title='bbox 490 1904 605 1972; x_wconf 75' lang='grc' dir='ltr'>ὑπὲρ</span> <span class='ocrx_word' id='word_1_205' title='bbox 646 1903 817 1966; x_wconf 87' lang='grc' dir='ltr'>πάντα,</span> <span class='ocrx_word' id='word_1_206' title='bbox 856 1905 933 1953; x_wconf 87' lang='grc' dir='ltr'>καὶ</span> <span class='ocrx_word' id='word_1_207' title='bbox 974 1901 1090 1967; x_wconf 78' lang='grc' dir='ltr'>ὑπὲρ</span> <span class='ocrx_word' id='word_1_208' title='bbox 1135 1907 1273 1952; x_wconf 89' lang='grc' dir='ltr'>τοῦτο</span> <span class='ocrx_word' id='word_1_209' title='bbox 1312 1899 1612 1964; x_wconf 86' lang='grc' dir='ltr'>νοηθήσεται.</span> <span class='ocrx_word' id='word_1_210' title='bbox 1686 1900 1711 1950; x_wconf 85' lang='grc' dir='ltr'>ὁ</span> 
     </span>
     <span class='ocr_line' id='line_1_24' title="bbox 121 1981 1709 2053; baseline -0.005 -14"><span class='ocrx_word' id='word_1_211' title='bbox 121 1987 260 2042; x_wconf 81' lang='grc' dir='ltr'>αὐτὸς</span> <span class='ocrx_word' id='word_1_212' title='bbox 285 1989 328 2039; x_wconf 84' lang='grc' dir='ltr'>δ’</span> <span class='ocrx_word' id='word_1_213' title='bbox 357 1986 415 2038; x_wconf 76' lang='grc' dir='ltr'>ἂν</span> <span class='ocrx_word' id='word_1_214' title='bbox 441 1988 623 2053; x_wconf 80' lang='grc' dir='ltr'>γένοιτο</span> <span class='ocrx_word' id='word_1_215' title='bbox 649 1985 807 2052; x_wconf 83' lang='grc' dir='ltr'>λόγος,</span> <span class='ocrx_word' id='word_1_216' title='bbox 835 1986 883 2036; x_wconf 87' lang='grc' dir='ltr'>ἐν</span> <span class='ocrx_word' id='word_1_217' title='bbox 910 1984 1017 2035; x_wconf 88' lang='grc' dir='ltr'>ε’ίδει</span> <span class='ocrx_word' id='word_1_218' title='bbox 1043 1985 1119 2034; x_wconf 82' lang='grc' dir='ltr'>καὶ</span> <span class='ocrx_word' id='word_1_219' title='bbox 1145 1981 1306 2052; x_wconf 77' lang='grc' dir='ltr'>τρόπῳ</span> <span class='ocrx_word' id='word_1_220' title='bbox 1334 1983 1533 2050; x_wconf 74' lang='grc' dir='ltr'>ληφθεὶς</span> <span class='ocrx_word' id='word_1_221' title='bbox 1559 2004 1709 2048; x_wconf 91' lang='grc' dir='ltr'>παρα-</span> 
     </span>
     <span class='ocr_line' id='line_1_25' title="bbox 122 2062 1712 2136; baseline -0.004 -16"><span class='ocrx_word' id='word_1_222' title='bbox 122 2071 365 2136; x_wconf 89' lang='grc' dir='ltr'>δείγματος</span> <span class='ocrx_word' id='word_1_223' title='bbox 391 2071 471 2121; x_wconf 88' lang='grc' dir='ltr'>ἐπί</span> <span class='ocrx_word' id='word_1_224' title='bbox 492 2091 541 2120; x_wconf 90' lang='grc' dir='ltr'>τε</span> <span class='ocrx_word' id='word_1_225' title='bbox 568 2069 705 2132; x_wconf 86' lang='grc' dir='ltr'>ἡλίου</span> <span class='ocrx_word' id='word_1_226' title='bbox 730 2069 804 2118; x_wconf 80' lang='grc' dir='ltr'>καὶ</span> <span class='ocrx_word' id='word_1_227' title='bbox 830 2064 991 2133; x_wconf 88' lang='grc' dir='ltr'>πυρός.</span> <span class='ocrx_word' id='word_1_228' title='bbox 1044 2064 1317 2116; x_wconf 81' lang='grc' dir='ltr'>ἐντέλλεται</span> <span class='ocrx_word' id='word_1_229' title='bbox 1343 2063 1428 2126; x_wconf 78' lang='grc' dir='ltr'>μὲν</span> <span class='ocrx_word' id='word_1_230' title='bbox 1454 2062 1548 2129; x_wconf 78' lang='grc' dir='ltr'>γὰρ</span> <span class='ocrx_word' id='word_1_231' title='bbox 1576 2065 1712 2113; x_wconf 81' lang='grc' dir='ltr'>οἱονεὶ</span> 
     </span>
     <span class='ocr_line' id='line_1_26' title="bbox 123 2148 1712 2220; baseline -0.005 -18"><span class='ocrx_word' id='word_1_232' title='bbox 123 2154 196 2202; x_wconf 75' lang='grc' dir='ltr'>καὶ</span> <span class='ocrx_word' id='word_1_233' title='bbox 234 2153 258 2202; x_wconf 86' lang='grc' dir='ltr'>ὁ</span> <span class='ocrx_word' id='word_1_234' title='bbox 291 2151 424 2216; x_wconf 80' lang='grc' dir='ltr'>ἥλιος</span> <span class='ocrx_word' id='word_1_235' title='bbox 459 2155 525 2220; x_wconf 71' lang='grc' dir='ltr'>τῷ</span> <span class='ocrx_word' id='word_1_236' title='bbox 558 2150 615 2219; x_wconf 77' lang='grc' dir='ltr'>ἐξ</span> <span class='ocrx_word' id='word_1_237' title='bbox 646 2150 788 2200; x_wconf 83' lang='grc' dir='ltr'>αὐτοῦ</span> <span class='ocrx_word' id='word_1_238' title='bbox 822 2148 1124 2217; x_wconf 73' lang='grc' dir='ltr'>προχεομένῳ</span> <span class='ocrx_word' id='word_1_239' title='bbox 1160 2149 1282 2215; x_wconf 82' lang='grc' dir='ltr'>φωτὶ</span> <span class='ocrx_word' id='word_1_240' title='bbox 1317 2149 1712 2211; x_wconf 90' lang='grc' dir='ltr'>καταλαμπρῦναι</span> 
     </span>
     <span class='ocr_line' id='line_1_27' title="bbox 54 2227 1712 2299; baseline -0.006 -14"><span class='ocrx_word' id='word_1_241' title='bbox 54 2250 102 2289; x_wconf 89' lang='lat'>25</span> <span class='ocrx_word' id='word_1_242' title='bbox 123 2233 181 2284; x_wconf 80' lang='grc' dir='ltr'>τὰ</span> <span class='ocrx_word' id='word_1_243' title='bbox 222 2233 494 2296; x_wconf 83' lang='grc' dir='ltr'>σύμπαντα·</span> <span class='ocrx_word' id='word_1_244' title='bbox 550 2233 689 2299; x_wconf 70' lang='grc' dir='ltr'>ἔργον</span> <span class='ocrx_word' id='word_1_245' title='bbox 730 2231 778 2282; x_wconf 77' lang='grc' dir='ltr'>δὲ</span> <span class='ocrx_word' id='word_1_246' title='bbox 823 2230 987 2296; x_wconf 79' lang='grc' dir='ltr'>ὥσπερ</span> <span class='ocrx_word' id='word_1_247' title='bbox 1032 2234 1089 2297; x_wconf 85' lang='grc' dir='ltr'>τῇ</span> <span class='ocrx_word' id='word_1_248' title='bbox 1132 2233 1227 2280; x_wconf 82' lang='grc' dir='ltr'>τῶν</span> <span class='ocrx_word' id='word_1_249' title='bbox 1269 2228 1468 2279; x_wconf 81' lang='grc' dir='ltr'>ἀκτίνων</span> <span class='ocrx_word' id='word_1_250' title='bbox 1508 2227 1712 2294; x_wconf 71' lang='grc' dir='ltr'>ἐνεργείᾳ</span> 
     </span>
     <span class='ocr_line' id='line_1_28' title="bbox 120 2307 1710 2381; baseline -0.001 -18"><span class='ocrx_word' id='word_1_251' title='bbox 120 2316 289 2366; x_wconf 74' lang='grc' dir='ltr'>,δίδωσι</span> <span class='ocrx_word' id='word_1_252' title='bbox 327 2314 414 2380; x_wconf 86' lang='grc' dir='ltr'>τὴν</span> <span class='ocrx_word' id='word_1_253' title='bbox 451 2317 534 2379; x_wconf 81' lang='grc' dir='ltr'>τῆς</span> <span class='ocrx_word' id='word_1_254' title='bbox 573 2312 857 2381; x_wconf 87' lang='grc' dir='ltr'>θερμότητος</span> <span class='ocrx_word' id='word_1_255' title='bbox 896 2311 1092 2375; x_wconf 85' lang='grc' dir='ltr'>δύναμιν</span> <span class='ocrx_word' id='word_1_256' title='bbox 1131 2315 1227 2365; x_wconf 86' lang='grc' dir='ltr'>τοῖς</span> <span class='ocrx_word' id='word_1_257' title='bbox 1266 2309 1411 2374; x_wconf 80' lang='grc' dir='ltr'>αὐτὴν</span> <span class='ocrx_word' id='word_1_258' title='bbox 1449 2307 1710 2376; x_wconf 74' lang='grc' dir='ltr'>δεχομένοις</span> 
     </span>
     <span class='ocr_line' id='line_1_29' title="bbox 123 2390 1933 2461; baseline -0.005 -14"><span class='ocrx_word' id='word_1_259' title='bbox 123 2399 366 2461; x_wconf 79' lang='grc' dir='ltr'>ἐμβαλεῖν·</span> <span class='ocrx_word' id='word_1_260' title='bbox 410 2397 579 2460; x_wconf 86' lang='grc' dir='ltr'>ὁμοίως</span> <span class='ocrx_word' id='word_1_261' title='bbox 605 2395 652 2447; x_wconf 79' lang='grc' dir='ltr'>δὲ</span> <span class='ocrx_word' id='word_1_262' title='bbox 680 2398 756 2446; x_wconf 81' lang='grc' dir='ltr'>καὶ</span> <span class='ocrx_word' id='word_1_263' title='bbox 782 2395 836 2446; x_wconf 81' lang='grc' dir='ltr'>τὸ</span> <span class='ocrx_word' id='word_1_264' title='bbox 862 2399 957 2461; x_wconf 91' lang='grc' dir='ltr'>πῦρ</span> <span class='ocrx_word' id='word_1_265' title='bbox 985 2392 1260 2445; x_wconf 76' lang='grc' dir='ltr'>ἐντέλλεταί</span> <span class='ocrx_word' id='word_1_266' title='bbox 1287 2415 1336 2443; x_wconf 92' lang='grc' dir='ltr'>τε</span> <span class='ocrx_word' id='word_1_267' title='bbox 1372 2393 1447 2442; x_wconf 75' lang='grc' dir='ltr'>καὶ</span> <span class='ocrx_word' id='word_1_268' title='bbox 1477 2390 1709 2456; x_wconf 79' lang='grc' dir='ltr'>ἐπιτρέπει</span> <span class='ocrx_word' id='word_1_269' title='bbox 1729 2414 1750 2439; x_wconf 82' lang='lat' dir='ltr'>a</span> <span class='ocrx_word' id='word_1_270' title='bbox 1777 2405 1864 2440; x_wconf 88' lang='grc'>958</span> <span class='ocrx_word' id='word_1_271' title='bbox 1878 2403 1933 2439; x_wconf 86' lang='lat' dir='ltr'>A.</span> 
     </span>
     <span class='ocr_line' id='line_1_30' title="bbox 125 2472 1704 2545; baseline -0.006 -15"><span class='ocrx_word' id='word_1_272' title='bbox 125 2480 302 2545; x_wconf 87' lang='grc' dir='ltr'>τρόπον</span> <span class='ocrx_word' id='word_1_273' title='bbox 332 2478 436 2529; x_wconf 77' lang='grc' dir='ltr'>τινὰ</span> <span class='ocrx_word' id='word_1_274' title='bbox 468 2482 526 2545; x_wconf 82' lang='grc' dir='ltr'>τῇ</span> <span class='ocrx_word' id='word_1_275' title='bbox 562 2480 645 2541; x_wconf 83' lang='grc' dir='ltr'>τῆς</span> <span class='ocrx_word' id='word_1_276' title='bbox 680 2477 850 2530; x_wconf 81' lang='grc' dir='ltr'>οἰκείας</span> <span class='ocrx_word' id='word_1_277' title='bbox 884 2477 1077 2545; x_wconf 81' lang='grc' dir='ltr'>φύσεως</span> <span class='ocrx_word' id='word_1_278' title='bbox 1112 2474 1303 2538; x_wconf 80' lang='grc' dir='ltr'>ἰδιότητι</span> <span class='ocrx_word' id='word_1_279' title='bbox 1342 2473 1401 2524; x_wconf 80' lang='grc' dir='ltr'>τὰ</span> <span class='ocrx_word' id='word_1_280' title='bbox 1440 2473 1557 2538; x_wconf 81' lang='grc' dir='ltr'>αὐτῇ</span> <span class='ocrx_word' id='word_1_281' title='bbox 1590 2472 1704 2537; x_wconf 76' lang='grc' dir='ltr'>πρε’-</span> 
     </span>
     <span class='ocr_line' id='line_1_31' title="bbox 125 2552 1711 2626; baseline -0.004 -14"><span class='ocrx_word' id='word_1_282' title='bbox 125 2585 278 2614; x_wconf 89' lang='grc' dir='ltr'>ποντα</span> <span class='ocrx_word' id='word_1_283' title='bbox 315 2565 545 2626; x_wconf 87' lang='grc' dir='ltr'>πληροῦν·</span> <span class='ocrx_word' id='word_1_284' title='bbox 597 2560 707 2609; x_wconf 87' lang='grc' dir='ltr'>ἀλλ’</span> <span class='ocrx_word' id='word_1_285' title='bbox 737 2560 790 2608; x_wconf 84' lang='grc' dir='ltr'>οὐ</span> <span class='ocrx_word' id='word_1_286' title='bbox 827 2557 959 2624; x_wconf 82' lang='grc' dir='ltr'>παρὰ</span> <span class='ocrx_word' id='word_1_287' title='bbox 996 2555 1134 2608; x_wconf 90' lang='grc' dir='ltr'>τοῦτό</span> <span class='ocrx_word' id='word_1_288' title='bbox 1174 2560 1329 2624; x_wconf 90' lang='grc' dir='ltr'>φαμεν</span> <span class='ocrx_word' id='word_1_289' title='bbox 1367 2556 1414 2604; x_wconf 90' lang='grc' dir='ltr'>ἐν</span> <span class='ocrx_word' id='word_1_290' title='bbox 1453 2552 1711 2619; x_wconf 85' lang='grc' dir='ltr'>ὑπουργίας</span> 
     </span>
     <span class='ocr_line' id='line_1_32' title="bbox 58 2634 1708 2713; baseline -0.008 -18"><span class='ocrx_word' id='word_1_291' title='bbox 58 2669 108 2705; x_wconf 81' lang='lat'>30</span> <span class='ocrx_word' id='word_1_292' title='bbox 127 2643 257 2713; x_wconf 76' lang='grc' dir='ltr'>τάξει</span> <span class='ocrx_word' id='word_1_293' title='bbox 283 2645 365 2706; x_wconf 83' lang='grc' dir='ltr'>τῆς</span> <span class='ocrx_word' id='word_1_294' title='bbox 392 2644 740 2707; x_wconf 89' lang='grc' dir='ltr'>δουλοπρεποῦς</span> <span class='ocrx_word' id='word_1_295' title='bbox 765 2638 849 2703; x_wconf 87' lang='grc' dir='ltr'>τὴν</span> <span class='ocrx_word' id='word_1_296' title='bbox 876 2641 1039 2690; x_wconf 81' lang='grc' dir='ltr'>ἀκτῖνα</span> <span class='ocrx_word' id='word_1_297' title='bbox 1065 2636 1150 2701; x_wconf 78' lang='grc' dir='ltr'>μὲν</span> <span class='ocrx_word' id='word_1_298' title='bbox 1176 2639 1250 2687; x_wconf 80' lang='grc' dir='ltr'>καὶ</span> <span class='ocrx_word' id='word_1_299' title='bbox 1277 2636 1330 2687; x_wconf 83' lang='grc' dir='ltr'>τὸ</span> <span class='ocrx_word' id='word_1_300' title='bbox 1357 2639 1459 2704; x_wconf 84' lang='grc' dir='ltr'>φῶς</span> <span class='ocrx_word' id='word_1_301' title='bbox 1484 2636 1550 2703; x_wconf 71' lang='grc' dir='ltr'>τῷ</span> <span class='ocrx_word' id='word_1_302' title='bbox 1574 2634 1708 2703; x_wconf 77' lang='grc' dir='ltr'>ἡλίῳ,</span> 
     </span>
    </p>
   </div>
   <div class='ocr_carea' id='block_1_6' title="bbox 129 2807 1708 3002">
    <p class='ocr_par' dir='ltr' id='par_1_6' title="bbox 129 2807 1708 3002">
     <span class='ocr_line' id='line_1_33' title="bbox 180 2807 1705 2858; baseline -0.008 -6"><span class='ocrx_word' id='word_1_303' title='bbox 180 2829 210 2853; x_wconf 91' lang='grc' dir='ltr'>Ι.</span> <span class='ocrx_word' id='word_1_304' title='bbox 236 2817 397 2851; x_wconf 85' lang='grc' dir='ltr'>συνάπτει</span> <span class='ocrx_word' id='word_1_305' title='bbox 416 2816 456 2850; x_wconf 86' lang='lat' dir='ltr'>E.</span> <span class='ocrx_word' id='word_1_306' title='bbox 477 2815 610 2858; x_wconf 75' lang='lat' dir='ltr'><strong>Migne.</strong></span> <span class='ocrx_word' id='word_1_307' title='bbox 630 2814 801 2847; x_wconf 83' lang='grc' dir='ltr'>συνάπτου</span> <span class='ocrx_word' id='word_1_308' title='bbox 820 2813 899 2855; x_wconf 75' lang='lat' dir='ltr'>(sic)</span> <span class='ocrx_word' id='word_1_309' title='bbox 919 2812 1012 2846; x_wconf 76' lang='lat' dir='ltr'>Aub.</span> <span class='ocrx_word' id='word_1_310' title='bbox 1218 2823 1250 2851; x_wconf 83' lang='lat'>4.</span> <span class='ocrx_word' id='word_1_311' title='bbox 1278 2809 1468 2853; x_wconf 80' lang='grc' dir='ltr'>κατηρτίσω</span> <span class='ocrx_word' id='word_1_312' title='bbox 1488 2807 1605 2842; x_wconf 78' lang='lat' dir='ltr'>E.F.a.</span> <span class='ocrx_word' id='word_1_313' title='bbox 1625 2811 1647 2825; x_wconf 71' lang='lat'>‘⁶</span> <span class='ocrx_word' id='word_1_314' title='bbox 1662 2808 1705 2841; x_wconf 79' lang='lat' dir='ltr'>al.</span> 
     </span>
     <span class='ocr_line' id='line_1_34' title="bbox 129 2854 1706 2908; baseline -0.007 -10"><span class='ocrx_word' id='word_1_315' title='bbox 129 2864 343 2908; x_wconf 83' lang='grc' dir='ltr'>κατηρτίσω”</span> <span class='ocrx_word' id='word_1_316' title='bbox 365 2862 430 2895; x_wconf 82' lang='lat' dir='ltr'>Ed.</span> <span class='ocrx_word' id='word_1_317' title='bbox 449 2874 520 2905; x_wconf 81' lang='lat' dir='ltr'>mg.</span> <span class='ocrx_word' id='word_1_318' title='bbox 541 2862 752 2905; x_wconf 77' lang='grc' dir='ltr'>κατειργάσω</span> <span class='ocrx_word' id='word_1_319' title='bbox 773 2859 837 2892; x_wconf 81' lang='lat' dir='ltr'>Ed.</span> <span class='ocrx_word' id='word_1_320' title='bbox 906 2859 1028 2891; x_wconf 78' lang='lat' dir='ltr'>Statim</span> <span class='ocrx_word' id='word_1_321' title='bbox 1049 2857 1082 2891; x_wconf 84' lang='grc' dir='ltr'>ἐν</span> <span class='ocrx_word' id='word_1_322' title='bbox 1100 2856 1196 2890; x_wconf 76' lang='lat' dir='ltr'>addit</span> <span class='ocrx_word' id='word_1_323' title='bbox 1214 2868 1244 2889; x_wconf 79' lang='lat' dir='ltr'>a.</span> <span class='ocrx_word' id='word_1_324' title='bbox 1493 2865 1521 2898; x_wconf 74' lang='grc' dir='ltr'>Ῑ.</span> <span class='ocrx_word' id='word_1_325' title='bbox 1549 2856 1565 2887; x_wconf 84' lang='grc' dir='ltr'><strong><em>ὁ</em></strong></span> <span class='ocrx_word' id='word_1_326' title='bbox 1585 2854 1658 2888; x_wconf 82' lang='grc' dir='ltr'>θεὸς</span> <span class='ocrx_word' id='word_1_327' title='bbox 1677 2866 1706 2887; x_wconf 73' lang='lat' dir='ltr'>a.</span> 
     </span>
     <span class='ocr_line' id='line_1_35' title="bbox 134 2901 1708 2954; baseline -0.008 -10"><span class='ocrx_word' id='word_1_328' title='bbox 134 2922 187 2944; x_wconf 85' lang='lat'>12.</span> <span class='ocrx_word' id='word_1_329' title='bbox 213 2909 401 2954; x_wconf 79' lang='grc' dir='ltr'>τετράφθαι</span> <span class='ocrx_word' id='word_1_330' title='bbox 422 2908 461 2941; x_wconf 85' lang='grc' dir='ltr'>Ε.</span> <span class='ocrx_word' id='word_1_331' title='bbox 481 2908 661 2952; x_wconf 84' lang='grc' dir='ltr'>τετράφθω</span> <span class='ocrx_word' id='word_1_332' title='bbox 682 2906 746 2940; x_wconf 79' lang='lat' dir='ltr'>Ed.</span> <span class='ocrx_word' id='word_1_333' title='bbox 980 2915 1031 2945; x_wconf 82' lang='lat'>14.</span> <span class='ocrx_word' id='word_1_334' title='bbox 1058 2905 1097 2946; x_wconf 76' lang='grc' dir='ltr'>τῇ</span> <span class='ocrx_word' id='word_1_335' title='bbox 1117 2903 1183 2946; x_wconf 84' lang='grc' dir='ltr'>ἰδίᾳ</span> <span class='ocrx_word' id='word_1_336' title='bbox 1202 2903 1337 2944; x_wconf 76' lang='grc' dir='ltr'>δυνάμει</span> <span class='ocrx_word' id='word_1_337' title='bbox 1355 2905 1420 2935; x_wconf 85' lang='grc' dir='ltr'>τῶν</span> <span class='ocrx_word' id='word_1_338' title='bbox 1439 2902 1529 2935; x_wconf 81' lang='grc' dir='ltr'>ἰδίων</span> <span class='ocrx_word' id='word_1_339' title='bbox 1547 2912 1576 2934; x_wconf 76' lang='lat' dir='ltr'>a.</span> <span class='ocrx_word' id='word_1_340' title='bbox 1649 2901 1708 2942; x_wconf 59' lang='grc' dir='ltr'>τὴν</span> 
     </span>
     <span class='ocr_line' id='line_1_36' title="bbox 129 2948 1321 3002; baseline -0.008 -11"><span class='ocrx_word' id='word_1_341' title='bbox 129 2963 352 3002; x_wconf 80' lang='lat' dir='ltr'><strong>assumptum</strong></span> <span class='ocrx_word' id='word_1_342' title='bbox 370 2967 411 2989; x_wconf 81' lang='lat' dir='ltr'>ex</span> <span class='ocrx_word' id='word_1_343' title='bbox 431 2954 503 2988; x_wconf 52' lang='lat' dir='ltr'>Ea.</span> <span class='ocrx_word' id='word_1_344' title='bbox 789 2963 843 2993; x_wconf 85' lang='lat'>24.</span> <span class='ocrx_word' id='word_1_345' title='bbox 870 2950 1109 2995; x_wconf 79' lang='grc' dir='ltr'>προερχομένῳ</span> <span class='ocrx_word' id='word_1_346' title='bbox 1129 2948 1272 2993; x_wconf 79' lang='lat' dir='ltr'>(errore)</span> <span class='ocrx_word' id='word_1_347' title='bbox 1293 2959 1321 2982; x_wconf 83' lang='lat' dir='ltr'>a.</span> 
     </span>
    </p>
   </div>
   <div class='ocr_carea' id='block_1_7' title="bbox 856 3017 978 3058">
    <p class='ocr_par' dir='ltr' id='par_1_7' title="bbox 856 3017 978 3058">
     <span class='ocr_line' id='line_1_37' title="bbox 856 3017 978 3058; baseline 0.025 -14"><span class='ocrx_word' id='word_1_348' title='bbox 856 3017 978 3058; x_wconf 63' lang='lat'>41³2</span> 
     </span>
    </p>
   </div>
  </div>
 </body>
</html>
