2007 3267
114 152 169 193 xi.
188 155 257 208 56,
275 166 343 211 57.
388 158 457 199 IN
489 158 532 200 S.
557 159 727 202 JOAN.
791 161 1028 204 LIB.VII.
1091 163 1478 206 FRAGMENTA.
1616 169 1698 209 297

112 262 292 332 ἔρχεται
319 267 496 335 καιρόν.
548 267 763 323 Ἰουδαίων
790 271 838 323 δὲ
866 272 912 324 τὶ
943 272 1127 337 Πάσχα
1155 280 1293 326 καλεῖ
1314 273 1368 325 τὸ
1395 274 1605 326 τυπικόν·
1647 277 1701 327 τὸ

111 345 205 413 γὰρ
243 349 468 414 ἀληθινὸν
496 350 680 421 Πάσχα
718 355 801 405 οὐκ
831 355 1083 419 Ἰουδαίων,
1109 356 1240 408 ἀλλὰ
1272 361 1577 424 Χριστιανῶν
1608 364 1702 409 τῶν

112 426 369 480 ἐσθιόντων
399 429 486 495 τὴν
519 431 677 498 σάρκα
711 437 930 500 Χριστοῦ
969 441 1052 486 τοῦ
1091 438 1319 501 ἀληθινοῦ
1357 439 1521 501 ἀμνοῦ.
1577 462 1696 504 προ-

111 510 355 576 ηγνίζοντο
390 511 439 563 δὲ
476 513 596 564 κατὰ
631 514 840 566 παλαιὸν
872 516 976 571 ἔθος
1013 520 1054 569 οἱ
1090 519 1409 586 ἡμαρτηκότες
1445 520 1636 571 ἑκούσια
1673 520 1700 585 ἢ

69 605 92 643 5
113 591 314 643 ἀκούσια
340 595 668 661 ἁμαρτήματα,
696 599 772 648 καὶ
806 599 860 649 οὐ
894 604 987 654 πᾶς
1021 601 1162 652 ἐποίει
1197 601 1251 653 τὸ
1287 602 1482 653 τυπικὸν
1507 602 1699 670 πάσχα,

113 674 196 725 οὐκ
230 675 421 741 ἐθνικὸς,
448 679 530 729 οὐκ
565 680 891 746 ἀπερίτμητος,
926 683 981 733 οὐ
1014 683 1252 749 πάροικος,
1279 686 1333 735 οὐ
1366 685 1622 749 μισθωτὸς,
1650 687 1703 736 οὐ

112 759 485 823 μεμολυσμένος,
527 761 647 828 ἅπερ
695 761 852 815 πάντα
902 771 1225 830 πνευματικῶς
1274 766 1350 818 διὰ
1397 772 1703 835 Χριστιανῶν

112 838 301 903 γίνεται.

1722 963 1743 988 a
1773 956 1863 990 694
1877 954 1927 989 A.

106 1015 311 1075 Ἐζήτουν
352 1018 426 1063 οὖν
466 1022 539 1065 τὸν
571 1022 753 1076 ἸΗσοῦν,
792 1024 861 1066 καὶ
902 1024 1051 1073 ἕλει-ον
1092 1027 1176 1075 μετ’
1223 1027 1428 1069 ἀλλήλων
1471 1027 1701 1070 ἑστΗκότεο
1725 1030 1772 1075 56

44 1112 93 1137 10
179 1101 224 1143 ἐν
251 1104 312 1157 τῷ
350 1101 452 1162 ἱερῷ
489 1105 539 1147 Τί
577 1104 671 1155 ὑμῖν
699 1105 842 1161 δοκεῖς
882 1109 948 1151 ὅτι
985 1111 1033 1151 οὐ
1071 1110 1127 1159 μή
1167 1111 1271 1169 ἓλθῌ
1310 1110 1370 1152 εἰς
1407 1112 1484 1153 τήν
1518 1112 1702 1169 ἑορτιὶνς

180 1183 469 1229 &bema-:mov
514 1189 559 1230 δὲ
603 1188 641 1232 οἶ
686 1189 899 1250 ἀρχιερεῖς
943 1193 1011 1234 καὶ
1056 1192 1093 1235 οἱ
1138 1192 1368 1251 Φαρισαῖοι
1411 1195 1593 1237 ἑντολι-ἰν
1634 1196 1703 1237 ἵνα
1726 1207 1771 1246 57

179 1267 255 1309 ἐάν
293 1285 355 1312 τις
394 1271 480 1318 Γνῶ
517 1275 599 1314 Ποῦ
638 1273 740 1326 ἐστι,
777 1276 957 1334 μΗνύσῌ,
996 1277 1116 1319 ὅπως
1155 1278 1367 1320 Πιάσωσιν
1406 1278 1549 1321 αὐτόν.

186 1393 490 1464 Ἀμφίβολος
528 1399 687 1462 με’ντοι
728 1402 753 1452 ὁ
792 1401 951 1468 λόγος,
990 1402 1192 1470 πότερον
1231 1404 1326 1455 ἀπὸ
1366 1404 1639 1469 μισούντων
1677 1405 1706 1471 ὴ

112 1476 408 1542 ἀγαπώντων
434 1479 606 1548 ἐλέχθη
644 1482 698 1533 τό
726 1488 919 1535 Δοκεῖτε
947 1484 1009 1536 ’ὄτι
1048 1489 1092 1537 οὐ
1127 1484 1187 1554 μὴ
1222 1485 1319 1560 ἔλθῃ
1354 1493 1414 1542 εἰς
1445 1486 1513 1548 τῆν
1541 1488 1703 1556 ἑορτῆνς

46 1571 93 1611 15
113 1557 230 1612 εἰκὸς
265 1559 359 1627 γὰρ
392 1560 450 1626 ἧν
482 1563 639 1629 λέγειν
669 1564 777 1619 τοὺς
816 1570 879 1620 εἷς
917 1567 1060 1619 αὐτὸν
1091 1569 1404 1623 πιστεύοντας
1443 1568 1562 1635 πρὸς
1599 1569 1708 1624 τοὺς

112 1641 346 1696 ἀπίστους
372 1645 518 1698 οὕτως
539 1646 732 1711 Ἐπειδὴ
757 1649 1117 1710 ἐβουλεύσασθε
1144 1655 1376 1718 φονεῦσαι
1402 1651 1484 1702 τὸν
1503 1653 1708 1717 Ἰησοῦν,

113 1724 188 1773 καὶ
221 1724 423 1791 νομίζετε
459 1725 531 1777 ὅτι
564 1729 729 1793 ἀγνοεῖ
758 1729 812 1781 τὸ
847 1730 1006 1798 λάθρα
1040 1733 1146 1796 ὑμῖν
1171 1734 1480 1797 ἐσκεμμένον,
1511 1739 1709 1799 σημεῖον

113 1804 248 1856 ἔσται
286 1813 426 1859 τοῦτο
464 1809 634 1878 σαφὲς,
674 1811 745 1862 ὅτι
786 1812 907 1867 Θεός
946 1815 1091 1867 ἐστιν.
1151 1816 1204 1866 οὐ
1242 1815 1336 1882 γὰρ
1375 1816 1432 1880 δὴ
1477 1817 1578 1885 ἥξει
1625 1824 1708 1867 νῦν

113 1888 450 1955 συνεορτάσων
488 1892 611 1955 ἡμῖν,
647 1893 777 1948 εἰδὼς
814 1894 874 1946 τά
913 1897 1163 1961 σκέμματα
1199 1899 1331 1962 ἡμῶν
1371 1901 1432 1952 ὡς
1472 1899 1608 1952 Θεός.
1677 1898 1750 1963 ἣῐ)

44 1993 93 2017 20
113 1969 259 2023 οὕτως
309 1973 666 2038 σχηματιστεόν
708 1975 792 2026 τὸν
836 1976 986 2043 λόγον
1038 1980 1100 2032 ὡς
1152 1978 1246 2030 ἀπὸ
1297 1984 1392 2030 τῶν
1436 1981 1706 2043 μισούντων

111 2050 337 2117 Ἐπείπερ
375 2053 478 2107 ἔθος
516 2055 585 2105 ἀεὶ
624 2060 690 2125 τῷ
728 2058 891 2122 Ἰησοῦ
929 2060 1189 2126 παραλύειν
1227 2060 1311 2112 τὸν
1350 2060 1507 2125 νόμον,
1547 2060 1708 2113 θέλετε

112 2137 289 2198 γνῶναι
331 2135 456 2198 ὑμεῖς
497 2140 538 2187 οἱ
577 2141 640 2191 εἷς
678 2138 821 2190 αὐτὸν
851 2142 1170 2202 πιστεύοντες,
1205 2143 1275 2194 ὅτι
1310 2143 1520 2198 τοιοῦτός
1556 2147 1705 2208 ἐστιν,

113 2215 171 2284 ἐξ
204 2214 268 2266 ῶν
306 2218 411 2268 οὔτε
451 2224 533 2269 νῦν
569 2225 628 2275 εἰς
664 2219 733 2281 τὴν
770 2222 900 2291 ἑορτὴν
931 2226 1254 2290 παραγίνεται,
1287 2228 1466 2278 ἀθετῶν
1505 2228 1587 2278 τὸν
1625 2231 1708 2292 τῆς

113 2297 276 2363 ἑορτῆς
303 2299 445 2362 νόμον
470 2301 589 2367 πρὸς
616 2301 670 2353 τὸ
696 2302 761 2368 μὴ
788 2306 1106 2372 συνεορτάσαι
1133 2308 1273 2372 ἡμῖν;
1317 2312 1441 2379 φασὶ
1475 2309 1523 2361 δὲ
1554 2317 1708 2373 τοῦτο,

44 2396 93 2436 25
115 2380 202 2447 οὐχ
227 2380 298 2432 ὅτι
325 2381 507 2448 ἀνάγκη
532 2382 591 2447 ἦν
615 2383 798 2441 πάντας
825 2391 1114 2455 συνδραμεῖν
1141 2393 1203 2444 εἷς
1223 2391 1543 2458 Ἰερουσαλὴμ
1569 2394 1617 2443 ἐν
1643 2401 1709 2462 τῷ

116 2462 312 2530 Πάσχα,
340 2465 403 2518 ὡς
428 2466 502 2516 ἐπὶ
528 2469 586 2534 τῇ
614 2470 939 2539 σκηνοπηγίᾳ,
971 2472 1083 2523 ἀλλ’
1112 2472 1215 2536 ἤτοι
1252 2475 1428 2528 δειλίας
1466 2473 1710 2543 ἀπόδειξιν

162 2648 197 2684 5.
232 2640 271 2674 οὗ
295 2640 377 2687 πᾶς]
406 2645 498 2677 οὕπω
525 2643 671 2690 (errore)
698 2646 794 2683 Aub.
890 2649 1046 2696 τυπικὸν]
1073 2653 1209 2695 νομικὸν
1234 2664 1264 2686 a.
1291 2652 1353 2686 sed
1378 2653 1517 2686 τυπικὸν
1540 2652 1646 2687 habet
1672 2653 1708 2688 k.

117 2694 149 2732 7.
176 2691 390 2731 Χριστιανῶν
407 2690 477 2724 a.k.
496 2689 573 2724 Cat.
586 2691 684 2726 Maio
701 2693 758 2727 cit.
777 2693 874 2730 unde
892 2696 1028 2741 Migne.
1048 2700 1199 2742 Χριστὸν
1217 2697 1294 2733 Cat.
1316 2699 1415 2732 Harl.
1435 2699 1530 2733 Aub.
1582 2699 1709 2734 Statim

115 2733 244 2778 γίνεται
262 2735 332 2768 a.k.
350 2735 500 2780 γίνονται
520 2737 597 2772 Cat.
617 2737 719 2774 Harl.
738 2739 806 2774 Ed.
972 2754 1005 2787 9.
1031 2745 1212 2787 ἑστηκότες
1229 2745 1264 2779 ἐν
1281 2747 1326 2791 τῷ
1347 2746 1423 2792 ἱερῷ
1441 2745 1560 2780 addidi
1579 2758 1619 2780 ex
1638 2747 1708 2781 ἃλς.

120 2791 172 2822 11,
196 2791 248 2815 12.
274 2781 721 2819 ἐδεδοίκεισαν-πιάσωσιν
737 2787 840 2820 αὐτόν
858 2787 977 2822 addidi
994 2801 1035 2823 ex
1053 2791 1101 2830 k.‚
1119 2790 1257 2825 favente
1274 2803 1304 2826 a.
1527 2804 1579 2837 13.
1606 2792 1643 2838 ἦ]
1668 2797 1704 2833 -1-

115 2826 183 2861 ἀπὸ
201 2828 269 2862 a.k.
438 2839 491 2874 15.
518 2828 557 2874 ἧν
574 2842 645 2866 om.
664 2832 734 2867 a.k.
752 2832 858 2867 habet
876 2841 915 2868 ut
933 2835 1003 2869 vid.
1023 2836 1058 2869 in
1076 2848 1148 2882 mg.
1169 2837 1246 2873 Cat.
1267 2838 1367 2872 Harl.
1538 2840 1591 2873 18.
1619 2840 1709 2874 ἔστω

117 2873 186 2907 a.k.
283 2876 341 2910 νῦν
358 2887 429 2911 om.
448 2888 478 2911 a.
722 2889 776 2925 19.
803 2880 880 2924 ὑμῖν
899 2892 930 2915 a.
949 2881 1026 2926 ἡμῖν
1044 2883 1148 2918 habet
1164 2884 1201 2919 k.
1298 2885 1390 2930 ὑμῶν
1407 2886 1476 2920 a.k.
1496 2885 1587 2930 ἡμῶν
1603 2886 1709 2921 habet

119 2918 197 2954 Cat.
217 2919 318 2955 Harl.
510 2934 565 2970 23.
593 2926 651 2959 νῦν
668 2931 748 2970 post
765 2926 885 2971 ἑορτὴν
903 2930 1101 2974 transponit
1118 2941 1148 2965 a.
1340 2942 1395 2975 24.
1421 2933 1513 2978 φασὶ
1531 2933 1599 2968 a.k.
1618 2934 1709 2979 φησί

120 2965 197 3000 Cat.
220 2966 318 3002 Harl.
338 2968 404 3003 Ed.
550 2980 605 3016 25.
631 2973 688 3016 τῆς
707 2974 935 3019 σκηνοπηγίας
953 2976 1022 3010 a.k.

176 3033 268 3061 VOL.
292 3035 340 3063 11.
874 3041 901 3080 Q
924 3044 949 3084 q
