2037 3266
117 671 214 703 Prov.

117 715 184 745 xiX.
206 724 235 754 3.

340 150 424 190 704·
742 152 793 193 B.
828 151 1107 195 CYRILLI
1149 154 1534 196 ALEXANDR.
1742 154 1926 208 xvii.13.

338 257 458 324 πρὸς
507 259 690 323 ἡδονὰς,
735 260 884 327 ἤγουν
928 267 992 317 εἰς
1036 264 1193 331 ἕτερον
1235 265 1466 332 ἁμαρτίας
1511 264 1703 332 τρόπον·
1763 268 1800 316 εἰ
1841 263 1927 328 τὴν

339 341 510 391 οἰκείαν
536 342 664 405 ἡμεῖς
691 344 816 412 αὐτῷ
849 346 1168 412 χαρισαίμεθα
1194 347 1448 412 βούλησιν,
1475 350 1551 399 καὶ
1582 352 1682 401 ταῖς
1709 350 1771 401 εἰς
1797 351 1921 416 φαυ-

339 420 521 487 λότητα
554 426 722 491 ῥοπαῖς
757 426 946 480 ἑαυτοὺς
982 428 1196 482 καθέντες
1223 433 1287 483 εἰς
1313 429 1396 481 τὸν
1422 431 1595 482 ἐκείνου
1627 429 1806 497 βρόχον
1833 432 1923 480 διε-

339 506 642 572 λεγχοίμεθα,
672 512 774 561 πῶς
809 507 866 558 ἂν
891 509 1047 575 ἕτερον
1086 510 1151 562 ἔτι
1189 510 1465 578 πρεπόντως
1493 513 1821 574 αἰτιασαίμεθα
1847 513 1923 563 καὶ

338 590 441 656 οὐχὶ
468 595 659 653 μᾶλλον
685 597 785 646 ταῖς
811 593 987 644 ἑαυτῶν
1008 595 1253 654 ἀβουλίαις
1279 594 1333 646 τὸ
1359 600 1526 647 παθεῖν
1550 595 1919 664 ἐπιγράψωμεν;
1942 618 1964 655 5

339 670 368 736 ἢ
412 672 505 738 γὰρ
557 673 610 722 οὐ
651 672 789 725 τοῦτό
835 676 980 737 ἐστιν,
1028 674 1140 742 ὅπερ
1184 676 1333 743 ε’ίρηκε
1379 676 1575 745 φθάσας
1621 678 1645 727 ὁ
1689 677 1922 741 Σολομών

119 763 256 798 977A
340 753 401 783 ιε’
610 755 620 769 ‘
732 758 743 771 ³
840 754 853 770 Χ
1073 757 1082 776 r
1291 759 1303 775 x
1380 761 1390 773 ι
1463 758 1476 774 x
1591 760 1601 774 ,
1671 764 1689 774 Α
1784 758 1797 773 x
1910 758 1922 776 x

260 789 269 799 ·
301 773 322 798 a
408 759 678 822 Αφροσυνη
717 758 886 822 ανδρος
931 766 1206 819 λυμαινεται
1250 782 1333 813 τας
1371 763 1506 813 οδους
1547 783 1709 821 αυτου,
1752 782 1834 809 τον
1873 761 1922 809 δε

338 843 366 865 “
393 835 517 887 Θεὸν
556 840 756 887 αἰτιᾶται
794 841 852 905 τῇ
886 840 1054 907 καρδίᾳ
1093 840 1281 891 αὑτοῦ·”
1333 841 1445 891 ἀλλ’
1476 841 1607 892 ἔστιν
1645 842 1729 891 οὐκ
1767 841 1916 909 ἀμφί-

337 924 504 983 λογον.
573 923 609 969 εἰ
648 918 733 981 μὲν
775 921 855 970 οὖν
902 921 955 971 οὐ
992 924 1136 985 μετῆν
1181 927 1247 991 τῷ
1288 921 1496 991 προδότῃ
1538 926 1620 987 τῆς
1664 921 1794 988 παρὰ
1838 927 1921 973 τοῦ

338 1003 561 1066 Σωτῆρος
587 1001 851 1067 ἐπικουρίας
879 1003 926 1052 ἐν
953 1001 1044 1071 ’ἴσῳ
1071 1008 1166 1057 τοῖς
1193 1004 1361 1058 ἄλλοις
1395 1005 1650 1056 ἀπολαύειν
1676 1008 1919 1069 μαθηταῖς,
1942 1033 1991 1059 ιο

335 1082 635 1133 ἐπιδεικνύτω
674 1105 756 1145 τις,
784 1086 860 1134 καὶ
893 1084 1147 1149 ἡττήμεθα·
1187 1089 1223 1136 εἰ
1252 1084 1299 1136 δὲ
1325 1091 1420 1140 τοῖς
1446 1087 1613 1140 ἄλλοις
1637 1089 1685 1137 ἐν
1710 1087 1801 1156 ’ίσῳ
1834 1086 1920 1150 τὴν

335 1166 385 1214 ἐκ
425 1167 507 1228 τῆς
548 1165 672 1218 θείας
704 1163 894 1232 χάριτος
933 1166 1052 1233 ἔχων
1085 1167 1362 1234 περιβολὴν,
1389 1170 1445 1237 ἐξ
1481 1170 1607 1220 ἰδίων
1640 1167 1921 1233 θελημάτων

334 1249 397 1300 εἰς
423 1245 476 1297 τὸ
503 1249 587 1310 τῆς
613 1247 850 1301 ἀπωλείας
882 1248 1150 1300 κατώλισθε
1182 1250 1438 1316 βάραθρον,
1465 1255 1565 1304 πῶς
1593 1252 1647 1301 οὐ
1673 1251 1920 1317 τετήρηκεν

333 1328 358 1377 ὁ
386 1328 600 1394 Χριστὸς
639 1328 698 1379 τὰ
736 1331 785 1380 ἐκ
817 1333 898 1393 τῆς
934 1331 1100 1385 οἰκείας
1135 1331 1418 1398 ἡμερότητος
1456 1331 1652 1395 ἐπιδοὺς,
1687 1334 1763 1384 καὶ
1802 1333 1919 1384 ὅσον

332 1409 441 1473 ἧκεν
467 1413 530 1464 εἰς
561 1409 646 1474 τὴν
675 1414 757 1475 τῆς
795 1413 1065 1479 ἀσφαλείας
1104 1414 1316 1465 ἐπίδοσιν
1344 1417 1580 1466 διασῶσαι
1618 1414 1699 1466 τὸν
1730 1415 1914 1482 ἄνθρω-
1941 1442 1987 1480 15

332 1514 438 1554 πον,
478 1496 515 1542 εἰ
554 1491 620 1556 μὴ
655 1492 709 1543 τὸ
748 1498 915 1544 παθεῖν
947 1495 1182 1559 ἠθέλησεν
1210 1496 1267 1565 ἐξ
1301 1497 1428 1548 ἰδίων
1455 1496 1733 1562 θελημοῖτων
1760 1497 1914 1551 αὐτός.

288 1580 315 1621 b
335 1572 556 1642 διὲπρεψε
591 1580 707 1640 γοῦν
733 1576 781 1626 ἐν
806 1580 902 1629 τοῖς
931 1576 1099 1642 ἑτέροις
1128 1578 1154 1641 ἡ
1182 1578 1330 1645 χοῖρις,
1358 1577 1494 1647 μέχρι
1527 1579 1703 1633 παντὸς
1736 1579 1912 1630 διασώ-

334 1678 471 1706 σασα
502 1656 609 1710 τοὺς
636 1655 721 1720 τὴν
748 1656 866 1707 ἰδίαν
889 1659 1166 1724 προαίρεσιν
1191 1661 1488 1726 συνεργάτην
1516 1660 1677 1727 ὥσπερ
1704 1685 1914 1726 ποιησα-

334 1737 498 1800 μένους
530 1739 665 1806 αὐτῇ.
723 1741 955 1790 διοικεῖται
995 1741 1088 1808 γὰρ
1115 1743 1235 1793 οὕτω
1274 1745 1356 1806 τῆς
1390 1743 1593 1794 ἑκάστου
1624 1745 1862 1810 σωτηρίας
1892 1745 1917 1795 ὁ

334 1822 522 1888 τρόπος.
1937 1858 1988 1883 20

339 1942 413 1984 Καὶ
450 1947 583 1986 ταῦτα
622 1945 744 1986 λαλῶ
781 1945 824 1986 ἐν
858 1947 919 2000 τῷ
955 1947 1114 2001 κόσμῳ,
1147 1948 1215 1989 ἵνα
1249 1948 1377 2005 ἔχωσι
1414 1948 1490 1991 τήν
1523 1950 1655 2009 χαρὰν
1693 1949 1771 1992 τήν
1807 1950 1915 1999 ἐμήν

812 2030 1160 2088 ΠεΠλΗρωμὲνΗν
1197 2033 1242 2073 ἐν
1281 2030 1440 2078 αὐτοῖς,

410 2118 724 2184 Διαμέμνησο
758 2118 906 2172 πάλιν
939 2119 1005 2172 ὧν
1040 2122 1264 2188 ἐλέγομεν
1289 2124 1471 2189 ἀρτίως,
1498 2126 1573 2174 καὶ
1609 2123 1834 2188 συνήσεις
1867 2125 1917 2175 εὖ

333 2197 466 2263 μάλα
502 2206 585 2251 τοῦ
618 2203 922 2267 προκειμένου
954 2203 1037 2255 τὸν
1068 2210 1190 2257 νοῦν.
1243 2205 1402 2269 διττὴν
1433 2205 1525 2272 γὰρ
1561 2206 1670 2270 ἡμῖν
1696 2209 1914 2274 πανταχῆ

334 2287 417 2331 τοῦ
445 2283 561 2333 ἰδίου
586 2283 849 2349 προσώπου
876 2285 1142 2337 διεσώσατο
1165 2285 1252 2351 τὴν
1276 2287 1598 2352 παράστασιν,
1619 2290 1693 2338 καὶ
1718 2287 1771 2338 τὸ
1793 2292 1914 2339 θεῖον
1935 2315 1954 2340 2
1962 2312 1984 2351 5

295 2364 384 2413 οέν
410 2364 556 2432 ἑαυτῷ
594 2365 851 2430 διαπρέπον
881 2366 1067 2434 ἀξίωμα
1106 2367 1293 2430 δεικνὺς,
1325 2370 1400 2419 καὶ
1437 2368 1492 2419 τὸ
1530 2369 1709 2435 πρέπον
1735 2372 1793 2436 τῇ
1830 2371 1912 2420 οἷν-

335 2444 602 2511 θρωπότητι
652 2446 822 2512 με’τρον
868 2448 951 2498 οὐκ
1002 2447 1282 2513 ἀπόβλητον
1333 2450 1653 2515 ποιησάμενος
1704 2449 1779 2502 διὰ
1830 2450 1915 2515 τὴν

334 2527 615 2591 οἰκονομίαν.
684 2530 759 2578 καὶ
809 2527 902 2595 γὰρ
944 2528 1000 2594 ἦν
1040 2554 1140 2584 πως
1191 2533 1368 2583 ἄτοπον
1412 2533 1710 2601 ἐξαριέἶσθαι
1761 2535 1915 2583 θέλειν

333 2607 476 2659 αὐτὸν
511 2607 565 2660 τὸ
602 2610 657 2659 δι’
692 2609 812 2673 ἡμᾶς
845 2612 1068 2665 ἑκουσίως
1106 2613 1440 2682 προσληφθέν.
1496 2613 1679 2668 οὐδενὸς
1716 2613 1810 2681 γὰρ
1849 2614 1914 2665 ὢν

332 2690 525 2754 ἐπιδεὴς,
553 2690 726 2745 τέλειος
754 2690 801 2742 δὲ
829 2691 948 2743 κατὰ
973 2693 1128 2744 πάντα
1156 2696 1205 2745 ἐκ
1230 2696 1410 2746 τελείου
1437 2694 1639 2761 Πατρὸς,
1667 2695 1913 2746 κεκένωκεν
1933 2723 1982 2759 30

332 2771 511 2835 ἑαυτὸν,
536 2774 623 2840 οὐχ
659 2775 805 2842 ἑαυτῷ
838 2796 881 2824 τι
917 2778 1011 2825 τῶν
1040 2776 1290 2842 χρησίμων
1315 2776 1771 2842 πραγματευόμενος,
1799 2779 1908 2828 ἀλλ’

331 2853 440 2916 ἡμῖν
481 2854 634 2908 αὐτοῖς
680 2854 734 2906 τὸ
773 2856 823 2906 ἐκ
858 2858 940 2918 τῆς
977 2856 1215 2910 κενώσεως
1253 2857 1494 2926 προξενῶν
1534 2858 1728 2924 ἀγαθόν.
1787 2866 1911 2911 Θεὸν

848 2964 901 3001 15.
929 2955 1179 3002 Legendumne
1197 2957 1395 2994 διασώσας.>
