2022 3272
108 147 280 191 xiv.11.
359 152 430 192 IN
473 154 514 194 S.
550 156 886 199 JOANNEM.
951 159 1073 201 LIB.
1113 160 1187 201 IX.
1249 162 1380 203 CAP.
1420 164 1449 203 1.
1614 167 1696 207 2133

107 278 372 330 μαινομενῳ
398 285 473 313 και
499 287 830 331 παραπαιοντι,
856 268 1070 334 χαλεπὸν
1099 270 1246 319 οὐδέν
1289 270 1411 340 ἐργω
1446 271 1595 337 γεμὴν
1623 276 1698 322 καὶ

108 338 299 403 δυνάμει
337 347 395 410 τῇ
433 349 685 413 θεοπρεπεΐ
717 350 786 402 τίς
824 348 882 399 ἀν
919 349 1154 417 χρησαιτό
1193 373 1337 413 ‘st-0763
1386 359 1612 420 χαριεῖται
1652 353 1698 404 δὲ

106 421 196 473 τίνι
235 430 331 476 τῶν
365 434 576 493 γενητῶν
610 431 696 496 τὴν
733 433 852 483 ἰδίαν
886 434 1032 502 δόξαν
1069 436 1094 484 ὁ
1136 436 1337 502 Πατήρ,
1393 435 1421 500 ἦ
1461 459 1555 502 γαρ
1595 438 1698 503 οὐχὶ

108 508 233 557 Θεοῦ
284 507 431 577 δόξαν
482 509 601 562 εἶναι’
648 518 806 582 φαμεν
851 514 904 566 τὸ
955 515 1112 567 πάντα
1163 517 1397 568 δύνασθαι
1447 520 1576 584 δρᾶν,
1622 521 1698 569 καὶ

64 590 457 656 5παντουργικὴν
496 594 616 661 ἔχειν
655 597 814 664 ἰσχύν·
875 599 1025 649 οὐδενὶ
1065 598 1214 663 γεμὴν
1253 599 1393 669 ἑτέρῳ
1430 605 1736 665 προσεῖναι,ο

107 674 175 739 τῷ
200 694 254 737 γε
282 672 406 727 ὅλως
433 677 806 748 ἐναριθμουμένῳ
833 685 930 733 τοῖς
957 681 1247 744 κτίσμασιν,
1287 683 1453 733 οὐκοῦν
1473 683 1530 751 ἐξ
1552 685 1698 748 ἀναγ-

108 754 251 805 καίων
277 778 326 805 τε
361 758 478 819 ὁμοῦ
515 761 591 809 καὶ
626 761 977 828 ἀναντιῤῥήτων
1003 763 1289 832 ἀποδείξεων
1314 763 1373 814 τὰ
1399 763 1506 815 καθ’
1534 764 1699 816 ἑαυτὸν

108 835 439 903 δοκιμάζεσθαι
496 841 787 906 βουλόμενος
845 844 870 893 ὁ
927 844 1155 909 Χριστὸς,
1208 845 1265 914 ἐξ
1316 848 1471 897 αὐτῶν
1522 847 1699 898 κελεύει

106 919 418 971 πιστεύεσθαι
453 927 547 973 τῶν
573 923 737 990 ἔργων,
765 927 827 979 ὡς
863 925 931 990 ε’ίη
966 925 1051 989 μὲν
1077 926 1216 982 αὐτὸς
1251 930 1299 979 ἐν
1328 931 1495 994 Πατρὶ,
1522 929 1615 996 ἔχει
1650 929 1699 980 δὲ

39 1017 88 1042 10
107 1000 167 1050 αὖ
203 1000 353 1053 πάλιν
387 1005 436 1054 ἐν
470 1005 618 1075 ἑαυτῷ
654 1006 738 1057 τὸν
765 1009 972 1074 Πατέρα,
1005 1010 1237 1073 τουτέστι,
1269 1010 1355 1074 τὴν
1389 1016 1472 1061 τοῦ
1507 1011 1700 1077 Πατρὸς

107 1081 260 1150 φύσιν
296 1085 345 1134 ἐν
384 1084 582 1156 ὑπάρξει
620 1091 679 1156 τῇ
718 1089 810 1158 ἰδίᾳ
849 1094 998 1158 φορεῖ,
1037 1093 1100 1144 ὡς
1138 1092 1338 1157 γνήσιον
1375 1092 1597 1158 γέννημα,
1638 1095 1699 1146 ὡς

108 1164 285 1231 καρπὸς
313 1168 518 1231 ἀληθῶς,
546 1171 607 1224 ὡς
633 1170 748 1225 Υἱὸς
774 1173 824 1223 ἐκ
851 1172 1042 1239 Πατρὸς
1067 1174 1291 1242 πεφηνὼς
1318 1181 1548 1243 φυσικῶς.

182 1247 324 1299 Ἀλλ’
354 1250 382 1314 ἦ
423 1250 509 1314 μὲν
535 1253 806 1318 Ἐκκλησία
843 1260 928 1306 τοῦ
966 1259 1198 1321 Χριστοῦ,
1226 1259 1376 1308 καίτοι
1410 1259 1520 1308 λίαν
1555 1260 1697 1309 ε’παυ·

108 1334 268 1397 χοῦσα
301 1335 359 1400 τῇ
394 1337 489 1383 τῶν
520 1335 773 1401 δογμάτων
803 1336 1038 1403 ὀρθότητι,
1065 1339 1287 1403 τοιαύτην
1312 1339 1405 1407 ἔχει
1440 1340 1525 1404 τὴν
1553 1339 1699 1409 δόξαν
1717 1362 1739 1386 a
1768 1354 1854 1389 785
1870 1353 1921 1387 A·

42 1423 89 1462 Ῑ5
109 1414 214 1478 περὶ
249 1419 334 1464 τοῦ
366 1419 686 1482 Μονογενοῦς·
728 1423 826 1472 τοῖς
859 1417 1009 1484 γεμὴν
1036 1421 1286 1488 θεομάχοις
1321 1425 1563 1487 αἱρετικοΐς
1596 1424 1696 1472 ἑτε-

107 1500 214 1561 ροῖα
244 1497 460 1563 παρέστη
493 1504 685 1567 φρονεῖν
712 1502 976 1552 ἀναπείθειν
1007 1501 1117 1556 τοὺς
1153 1508 1251 1557 τοῖς
1285 1505 1515 1570 ὀλεθρίοις
1546 1505 1701 1555 αὐτῶν

108 1577 398 1643 προσιόντας
433 1604 482 1631 τε
517 1583 592 1632 καὶ
626 1582 956 1650 προσέχοντας
994 1584 1175 1650 λόγοις.
1229 1587 1569 1641 ε’πιλυττῶντες
1607 1586 1701 1653 γὰρ

107 1664 210 1713 ταῖς
235 1661 355 1712 κατὰ
380 1666 598 1729 Χριστοῦ
625 1665 895 1731 λοιδορίαις,
923 1670 1279 1735 φιλονεικοῦσιν
1305 1672 1347 1720 οἱ
1379 1669 1593 1732 δείλαιοι,
1624 1692 1699 1720 και

109 1748 423 1795 κατανοοῦσιν
448 1746 709 1810 ἀλλήλους,
737 1748 820 1798 οὐκ
854 1752 916 1802 εἰς
949 1749 1267 1818 παροξυσμον
1299 1752 1556 1813 εὐσεβείας,
1586 1753 1697 1802 ἀλλ’
1761 1753 1850 1785 Heb.
1866 1765 1898 1785 x.

40 1842 91 1868 20
109 1824 163 1874 ιν’
191 1825 509 1893 ἀσεβεστερος
543 1828 702 1895 ἑτερου
738 1831 888 1899 ὁρῶτο
919 1832 1063 1882 δεῖν
1047 1854 1216 1897 ετερος,
1242 1856 1318 1883 και
1356 1833 1618 1902 φθεγξαιτό
1655 1857 1698 1884 τι

1764 1807 1813 1837 23·

108 1910 204 1957 τῶν
245 1908 598 1975 ἀπηχεστέρων.
663 1911 818 1975 ἐπειδὴ
860 1910 954 1978 γὰρ
997 1911 1080 1963 τὸν
1120 1914 1170 1963 ἐκ
1210 1913 1438 1978 Σοδόμων
1476 1917 1698 1966 πίνουσιν
1759 1924 1809 1955 Cf·
1823 1923 1923 1954 Deut-

109 1992 249 2050 οἶνον,
275 1991 350 2040 καὶ
383 1991 602 2056 πικράν’
580 2015 629 2042 εκ
663 1991 909 2060 Γομόρῥας
947 1998 1162 2061 τρυγῶσι
1196 1995 1472 2065 σταφυλήν·
1516 2021 1571 2048 ου
1605 1996 1742 2063 γάρὶ)

110 2070 159 2119 ἐκ
196 2070 322 2122 θείου
351 2071 565 2140 δεχονται
591 2074 870 2138 Πνεύματος
905 2075 966 2126 τὰ
1000 2078 1069 2127 ἐπ’
1104 2078 1230 2127 αυτῶ
1265 2079 1566 2144 θεωρηματα,
1595 2080 1698 2131 οὐδε

1759 1968 1862 1998 xxxii.
1872 1977 1923 2007 32.

109 2151 166 2220 ἐξ
197 2153 549 2223 ἀποκαλυψεως
589 2159 671 2219 τῆς
710 2162 793 2207 τοῦ
834 2157 1041 2223 Πατρος,
1076 2161 1186 2209 ἀλλ’
1229 2161 1279 2211 ἐκ
1312 2164 1406 2258 ,τῆς
1450 2167 1533 2212 τοῦ
1579 2161 1695 2228 δρά-
1761 2171 1878 2201 CfPs.

42 2244 91 2283 25
110 2256 275 2289 κοντος
314 2239 544 2304 κεφαλῆς
591 2237 726 2289 οὐδεν
762 2262 848 2302 μεν
887 2246 1123 2309 φρονοῦσι
1167 2246 1262 2292 τῶν
1300 2243 1504 2310 ἐχόντων
1544 2245 1697 2309 ὑγιῶς,

686 2318 704 2337 ελ

110 2317 260 2384 ἐκεῖνα
304 2316 351 2368 δὲ
396 2319 639 2384 λέγουσιν,
680 2345 710 2370 α
753 2320 838 2375 τὰς
881 2327 977 2373 τῶν
1018 2325 1328 2390 ἀκροωμένων
1368 2326 1700 2392 ταλαιπώρους

109 2398 362 2467 ἀποφαίνει
386 2400 563 2468 ψυχὰς,
588 2401 709 2468 πρὸς
744 2401 862 2472 ᾅδην
888 2404 1031 2458 αὐτὰς
1059 2407 1430 2473 κατακομίζοντα
1456 2410 1531 2458 καὶ
1557 2412 1618 2462 εἷς
1645 2408 1699 2458 τὸ

110 2479 237 2531 κάτω
269 2480 528 2548 βάραθρον.
581 2489 730 2535 ταῦτα
765 2487 840 2535 καὶ
875 2486 1084 2547 βιβλίοις
1120 2490 1316 2539 ἐνθεῖναι
1349 2489 1697 2554 τολμήσαντες,

108 2560 347 2613 ἀθάνατον
373 2561 538 2629 ὥσπερ
563 2564 648 2628 τὴν
672 2567 874 2617 ἐνοῦσαν
899 2569 1055 2622 αὐτοῖς
1081 2570 1430 2634 ἀνεστήλωσαν
1455 2573 1696 2637 πονηρίαν.

40 2662 91 2698 3ο
109 2642 199 2694 ἔδει
238 2643 323 2706 μὲν
361 2645 443 2694 οὖν
481 2645 603 2709 ἡμᾶς
646 2649 846 2712 διαρκῶς
891 2649 1134 2715 εἰρηκότας
1179 2655 1243 2704 εἷς
1287 2651 1341 2702 τὸ
1381 2654 1737 2718 προκει’μενον,ο

109 2723 229 2792 ἅπερ
264 2724 322 2789 ἧν
353 2725 471 2779 εἰκὸς
510 2729 715 2796 ὠφελεῖν
747 2728 980 2780 δύνασθαι
1017 2730 1125 2785 τοὺς
1157 2733 1524 2801 ἐντευξομένους,
1551 2736 1691 2800 ὀρθο-

162 2869 190 2892 1.
217 2861 443 2903 παραπαίοντι
462 2862 513 2895 καὶ
531 2861 739 2905 μαινομένων
757 2862 797 2896 Ε.
905 2863 937 2897 6.
964 2879 1002 2909 γε
1023 2864 1063 2898 Ε.
1083 2880 1117 2898 τε
1138 2865 1204 2899 Ed.
1311 2866 1415 2911 6-p.
1430 2878 1509 2912 434,
1524 2869 1544 2901 8
1563 2869 1644 2903 citat
1662 2882 1695 2914 p.

117 2913 186 2984 17d
195 2919 232 2938 τε
249 2918 319 2941 om.
338 2918 372 2951 p.
597 2919 653 2943 21.
678 2910 737 2943 τὸν
753 2921 822 2943 om.
842 2922 875 2954 p.
1101 2922 1155 2956 23.
1181 2911 1370 2956 πνεύματος
1388 2914 1567 2959 δέχονται
1560 2927 1618 2950 mv
1621 2927 1697 2950 erso

113 2962 152 2985 or
180 2963 235 2985 me
252 2964 287 2996 p.

172 3017 336 3047 VOL.11.
872 3025 894 3065 3
919 3024 945 3050 K

1760 2215 1862 2245 [xxiii.
1875 2223 1923 2254 13.
