2022 3272
92 123 175 164 xvi.
193 138 230 178 3.
332 124 404 164 IN
449 124 491 164 S.
525 122 868 164 JOANNEM.
932 121 1057 161 LIB.
1094 121 1145 160 X.
1207 119 1339 159 (JAP.
1378 118 1435 157 11.
1598 109 1681 153 013

91 231 320 299 θερμότης
357 232 728 300 προεγνωσμένη
766 236 863 285 τοῖς
907 229 1171 298 πάσχουσι,
1213 230 1288 279 καὶ
1333 225 1684 289 ἀσθενεστέραν

91 314 176 379 τὴν
201 315 374 384 ἔφοδον
399 315 651 381 ἐργάζεται.

228 464 302 506 Καὶ
341 469 475 507 ταῦτα
515 467 780 516 Ποιύσουσιν,
818 466 882 507 ὅτι
920 465 996 505 οὐκ
1033 462 1227 511 ἕΓνωσαν
1264 461 1338 504 τὸν
1376 460 1547 516 Πατέρα
1703 471 1725 507 3

775 548 874 589 οὐδὲ
912 548 1002 597 ἐμὲ,

825 656 838 672 ἲ
1657 649 1681 664 ”
1747 644 1895 676 R0111.x.

51 667 74 705 5
158 656 346 726 ’Έδειξε
385 662 480 708 τῶν
514 658 754 708 Ἰουδαίων
792 680 875 708 τον
902 664 929 686 “
949 656 1112 722 ζῆλον,
1149 655 1203 706 οὐ
1242 653 1341 705 κατ’
1378 652 1652 718 ἐπίγνωσιν·
1751 698 1778 720 2·

91 739 304 806 καθάπερ
355 738 518 803 ἀμέλει
569 742 644 790 καὶ
697 741 721 790 ὁ
775 738 971 792 Παῦλός
1021 742 1163 805 φησι·
1222 734 1586 798 πεπλανημένον
1638 731 1685 782 δὲ

91 821 286 891 σφόδρα
337 825 412 873 καὶ
457 822 548 891 ἔξω
593 845 685 874 που
729 822 956 882 βαίνοντα
1007 823 1089 884 τῆς
1141 820 1318 872 εὐθείας
1369 819 1493 878 ὁδοῦ,
1536 816 1686 866 καίτοι

92 908 319 956 δοκοῦντα
358 905 477 955 κατά
511 927 564 970 γε
599 903 682 955 τὸν
708 905 756 954 ἐν
780 905 936 957 αὐτοῖς
971 902 1084 954 ὄντα
1118 901 1304 952 σκοπὸν
1336 902 1576 951 τελεῖσθαι
1612 897 1686 948 διὰ

92 985 232 1039 Θεόν.
299 986 445 1057 ᾤοντο
489 985 575 1051 μὲν
615 986 709 1052 γὰρ
753 989 835 1050 τῆς
882 984 958 1036 διὰ
1001 984 1249 1037 Μωυσέως
1295 979 1687 1048 ὑπερασπίζοντες

26 1070 287 1133 1Οέντολῆς
337 1068 421 1120 τὸν
471 1073 553 1119 τοῦ
606 1067 750 1132 νόμου
802 1070 978 1133 δοτῆρα
1025 1066 1378 1135 κατευφραίνειν
1425 1062 1562 1124 Θεὸν,
1610 1063 1686 1112 καὶ

90 1149 350 1218 μαχόμενοι
404 1156 500 1204 τοῖς
557 1149 633 1201 διὰ
683 1154 901 1216 Χριστοῦ
957 1149 1290 1212 θεσπίσμασιν
1340 1147 1595 1209 εὐδοκιμεῖν
1644 1147 1725 1194 οἷο

91 1232 291 1288 τάλανες
333 1234 385 1284 οὐ
425 1237 601 1300 μικρῶς
642 1231 996 1295 ὑπελάμβανον.
1066 1229 1141 1280 διὰ
1181 1228 1275 1296 γάρ
1316 1251 1388 1279 τοι
1426 1233 1565 1278 τοῦτο
1611 1229 1687 1277 καὶ

91 1322 187 1370 τοῖς
225 1314 308 1367 τὸν
346 1313 655 1381 εὐαγγελικὸν
694 1313 1056 1380 διακηρύττουσι
1096 1311 1244 1378 λόγον
1282 1310 1513 1362 ἐπέκειντο
1553 1313 1683 1378 σφο-

92 1400 226 1465 δρῶς,
263 1398 374 1448 ἀλλ’
404 1397 605 1463 ἠγνόουν
636 1395 828 1461 ἀπάσης
864 1395 978 1446 εἵσω
1010 1393 1237 1447 πεσόντες
1272 1394 1463 1460 μωρίας,
1498 1392 1573 1442 καὶ
1613 1389 1688 1442 διὰ

26 1492 72 1532 15
92 1483 175 1544 τῆς
201 1483 262 1534 εἷς
288 1480 370 1530 τὸν
395 1479 514 1530 Υὶὸν
540 1478 724 1543 ἀτιμίας
760 1481 822 1532 εἷς
858 1476 999 1528 αὑτὸν
1025 1481 1418 1541 πλημμελοῦντες
1452 1472 1534 1525 τὸν
1563 1473 1688 1524 Θεὸν

92 1564 168 1612 καὶ
202 1561 407 1628 Πατέρα,
435 1566 626 1626 μᾶλλον
657 1559 705 1612 δὲ
743 1562 824 1612 οὐκ
859 1559 1029 1613 εἰδότες
1064 1559 1323 1623 ἡλίσκοντο
1356 1561 1616 1620 παντελῶς,
1644 1557 1693 1607 τί

91 1643 176 1708 μέν
215 1645 318 1695 ἐστι
359 1643 543 1710 Πατὴρ,
581 1644 631 1694 τί
667 1642 715 1694 δὲ
755 1641 905 1694 πάλιν
945 1642 969 1692 ὁ
1010 1641 1067 1710 ἐξ
1106 1641 1248 1692 αὑτοῦ
1289 1639 1512 1708 πεφηνὼς
1551 1637 1682 1692 Υἱός.

93 1728 168 1776 καὶ
200 1727 254 1777 τό
287 1749 341 1793 γε
375 1725 663 1795 παράδοξον,
692 1724 908 1776 Μωυσέα
933 1723 1018 1788 μὲν
1045 1722 1139 1790 γὰρ
1165 1720 1248 1774 τὸν
1273 1721 1561 1790 σοφώτατον
1585 1725 1688 1774 ταῖς

1750 1803 1799 1834 Cf.
1811 1803 1886 1834 Gal.

109 1893 120 1907 »
201 1890 211 1909 r
512 1889 522 1905 1
685 1887 698 1903 t
933 1888 946 1902 x
1059 1887 1069 1905 x
1176 1886 1188 1902 t
1343 1886 1352 1898 ε
1409 1890 1428 1899 a
1495 1886 1504 1901 ³
1637 1890 1657 1899 Α
1749 1847 1793 1877 iii'
1809 1856 1876 1897 19⁵..

26 1909 75 1935 20
93 1898 316 1956 αγγελων
353 1913 584 1956 γεγονοτα
623 1893 854 1940 διακονον·
901 1911 984 1939 τον
1022 1891 1070 1939 δε
1112 1891 1290 1954 Κυριον
1327 1909 1460 1950 ημων
1511 1888 1837 1964 Ιησουνᾶξῗθῦ-
1854 1901 1888 1922 1¹·

93 1807 316 1859 ἀνωτάτω
367 1813 520 1872 τιμαῖς
571 1811 963 1875 καταστεφανοῦν
1007 1805 1271 1871 ἠπείγοντο,
1313 1804 1457 1867 νόμου
1501 1808 1585 1854 τοῦ
1630 1801 1685 1853 δι’

93 1972 175 2024 τὸν
201 1973 431 2039 Χριστὸν,
458 1972 544 2037 τὴν
570 1971 839 2038 ἀπόῤῥητον
869 1976 952 2021 τοῦ
987 1968 1178 2036 Πατρὸς
1217 1967 1532 2037 ἐξηγούμενον
1565 1966 1683 2028 βού-

93 2062 252 2120 λησιν,
279 2052 482 2121 λέγοντά
508 2077 557 2105 τε
583 2058 756 2122 σαφῶς
781 2059 809 2082 “
828 2051 937 2103 Ἀπ’
966 2053 1168 2116 ἐμαυτοῦ
1193 2055 1312 2102 ποιῶ
1347 2048 1491 2111 οὐδὲν,
1520 2050 1629 2100 ἀλλ’
1661 2050 1685 2100 ὁ
1748 2068 1856 2118 Ξμρω,

94 2143 122 2166 “
147 2138 345 2206 πεμψας
379 2160 436 2202 με
464 2135 634 2203 Πατὴρ
665 2134 804 2189 αὐτός
838 2157 917 2199 μοι
951 2132 1149 2197 ἐντολὴν
1175 2132 1345 2183 δέδωκε
1381 2131 1430 2182 τί
1462 2131 1575 2182 ε’ίπω
1611 2132 1688 2181 καὶ
1748 2112 1884 2197 ζῖῑῖιίἒῖ

452 2218 477 2234 '9

94 2225 123 2248 ‘⁶
148 2220 196 2270 τί
230 2218 450 2284 λαλήσω,
513 2223 614 2272 ταῖς
653 2217 876 2285 ἐσχάταις
914 2217 1116 2281 ἀτιμίαις
1153 2218 1429 2281 περιβαλεῖν
1467 2214 1550 2264 οὐκ
1589 2211 1681 2263 ὤκ-

27 2315 74 2354 25
95 2324 262 2365 νησαν,
313 2302 463 2352 καίτοι
514 2304 1078 2366 συνθαυματουργοῦντος
1127 2298 1253 2366 αὐτῷ
1299 2301 1383 2346 τοῦ
1435 2298 1560 2346 Θεοῦ
1612 2297 1687 2345 καὶ

96 2383 300 2449 Πατρὸς,
350 2385 426 2434 καὶ
478 2384 532 2434 δι’
587 2385 815 2447 αἰσθητῆς
875 2381 1055 2432 ἄνωθεν
1106 2383 1455 2446 μαρτυροῦντος
1506 2380 1684 2445 φωνῆς,

95 2464 467 2531 ἀνακεκραγότος
506 2464 553 2515 δὲ
592 2463 845 2531 διαῤῥήδην
884 2465 959 2513 καὶ
997 2462 1222 2527 λε’γοντος
1250 2467 1277 2490 ‘⁶
1297 2458 1453 2512 Οὗτός
1491 2460 1623 2509 ἐστιν
1661 2460 1686 2510 ὁ
1749 2475 1911 2526 &Mattlh

95 2553 124 2576 ‘⁶
150 2546 265 2599 Υἱός
301 2569 392 2609 μου
431 2548 456 2597 ὁ
496 2544 739 2612 ἀγαπητὸς
777 2547 824 2595 ἐν
859 2543 896 2613 ᾧ
935 2542 1224 2608 ηὐδόκησα.”
1272 2542 1374 2591 ἔστι
1413 2542 1569 2591 τοίνυν
1604 2542 1687 2592 οὐκ
1749 2530 1871 2560 111'17'

95 2629 385 2696 ἀμφίβολον,
404 2629 465 2681 ὡς
492 2627 617 2693 εἴπερ
642 2649 710 2680 τις
736 2625 892 2676 ἕλοιτο
918 2630 1013 2678 τοῖς
1043 2623 1125 2675 τὸν
1147 2627 1269 2674 θεῖον
1291 2621 1687 2688 διαπορθμεύουσι
1705 2651 1726 2678 e

28 2735 78 2773 30
98 2709 248 2776 λόγον
285 2711 568 2779 ἐπιφύεσθαι
610 2711 799 2774 πικρῶς,
839 2708 888 2757 ἐν
926 2706 1092 2774 ἀγνοίᾳ
1130 2706 1332 2755 κείσεται
1370 2702 1531 2768 πάσης
1570 2705 1688 2768 ὁμοῦ

97 2795 179 2857 τῆς
223 2793 356 2858 ἁγίας
402 2814 450 2842 τε
498 2792 572 2843 καὶ
615 2788 869 2854 ὁμοουσίου
912 2787 1129 2854 Τριάδος.
1197 2785 1301 2837 οὐδὲ
1343 2784 1437 2853 γὰρ
1482 2784 1576 2838 οἶδε
1621 2787 1688 2838 τὶν

768 2938 821 2961 22.
849 2930 955 2961 ποιῶν
974 2927 1014 2961 Ε.
