2016 3246
75 617 128 648 Es.
150 617 215 647 xiv.

79 671 127 702 19,
150 669 200 691 20.

88 2365 138 2396 Cf.
152 2375 251 2405 supra

90 2418 152 2449 550
163 2420 189 2440 e.

292 119 347 157 96
692 116 741 156 Β.
775 115 1054 156 CYRILLI
1096 114 1474 155 ALEXANDR.
1711 112 1797 152 viii.
1814 125 1884 163 44.

295 225 448 292 ἕτερός
483 248 552 279 τις
586 223 804 290 ἠπάτησε
835 225 918 276 τὸν
942 223 1113 288 Ἀδὰμ,
1141 223 1400 289 καταλήγει
1435 222 1483 274 δὲ
1522 224 1652 274 οὔπω
1691 224 1773 286 τῆς
1812 222 1884 290 ἐφ’

295 307 350 372 ἧς
389 313 718 374 κατηγορεῖται
756 308 939 371 μανίας,
973 307 1241 359 ἀνυπαίτιος
1280 306 1366 370 μὲν
1404 305 1539 356 ε”σται
1577 308 1824 357 παντελῶς
1862 303 1887 353 ὁ

295 394 482 455 πρῶτος
508 392 556 441 ἐν
579 395 675 444 τοῖς
702 389 809 441 καθ’
839 390 972 454 ἡμᾶς,
1000 388 1273 458 ἀπαλλάξει
1302 388 1349 440 δὲ
1376 390 1438 442 ὡς
1464 386 1583 441 εἰκὸς
1609 389 1684 438 καὶ
1709 382 1888 439 παντὸς

296 472 594 536 ἐγκλήματος
641 474 666 523 ὁ
714 472 860 537 λόγος
897 470 1052 533 αὐτὸν,
1093 473 1197 522 οὔτε
1238 470 1287 522 δὲ
1329 469 1593 540 πεφόνευκέ
1625 492 1742 531 τινα,
1783 469 1889 518 οὔτε

310 554 320 569 ,
383 553 396 567 r
634 556 656 573 ,Ι
755 556 764 570 ‚
850 554 860 569 f
1081 555 1092 569 ‚
1168 553 1178 568 ⁵
1260 554 1270 568 9
1313 552 1324 569 x
1438 552 1450 566 x
1570 553 1579 566 ⁵
1618 550 1630 566 x
1817 550 1829 567 t

295 577 555 618 ηπατησεν,
598 577 702 605 ουτε
743 558 1001 623 εψευσατο.
1066 560 1167 604 αλλ
1220 555 1325 604 ουδε
1365 576 1485 619 προς
1526 574 1668 602 αυτον
1703 554 1887 603 δικαιως
1909 563 1932 601 5

974 641 993 650 Α

256 636 540 704 Ολελέξεται
577 635 707 702 παρὰ
745 642 828 687 τοῦ
869 639 994 686 Θεου
1022 635 1165 686 “’“Ον
1203 635 1380 703 τρόπον
1420 634 1603 698 ἱμάτιον
1642 635 1690 684 ἐν
1729 632 1889 696 αἵματι

297 724 324 747 “
350 718 651 786 πεφυρμένον
701 720 784 769 οὐκ
838 718 974 769 ε”σται
1034 717 1256 784 καθαρὸν,
1307 719 1455 771 οὕτως
1513 715 1618 766 οὐδὲ
1678 714 1742 765 σὺ
1801 713 1890 781 ε”σῃ

299 808 325 830 “
352 799 570 867 καθαρὸς,
606 799 722 852 διότι
761 801 846 865 τὴν
881 804 971 866 γῆν
1001 823 1092 864 μου
1128 801 1386 853 ἀπώλεσας
1426 801 1502 850 καὶ
1536 797 1619 849 τὸν
1650 795 1770 847 λαόν
1798 818 1890 858 μου

299 890 325 913 “
352 882 665 936 ἀπέκτεινας.”
720 882 777 933 ἂν
814 883 968 933 τοίνυν
1003 886 1098 933 τῶν
1137 884 1306 948 ἀρτίως
1345 882 1454 946 ἡμῖν
1493 879 1891 946 ἀπηριθμημένων

299 969 456 1015 κακῶν
489 967 696 1031 ἀμοιρεῖν
728 967 914 1026 ἐκεῖνον,
942 963 995 1015 ὃν
1029 967 1103 1015 καὶ
1136 969 1325 1031 πρῶτον
1361 962 1479 1014 εἶναι’
1510 968 1677 1031 φασιν,
1705 961 1884 1026 ἐπιτρέ-

298 1070 461 1110 πομεν,
504 1048 608 1097 τίνα
652 1051 899 1110 μιμεῖσθαι
945 1047 1116 1097 λοιπὸν
1163 1045 1410 1114 ὁριούμεθα
1454 1045 1538 1096 τὸν
1579 1045 1677 1108 μετ’
1721 1046 1892 1094 ἐκεῖνον

299 1129 526 1195 δεύτερον,
573 1127 601 1192 ὴ
654 1128 773 1195 πρὸς
824 1130 929 1179 τίνα
980 1129 1151 1180 λοιπὸν
1197 1129 1453 1197 ε’μορφώθη
1503 1130 1800 1179 πλεονεκτῶν
1845 1128 1892 1176 ἐν

300 1212 437 1280 κακίᾳ
463 1210 546 1262 τὸν
571 1210 843 1276 ἡγούμενον,
872 1213 947 1261 καὶ
975 1213 1057 1274 τῆς
1084 1211 1240 1280 ἐκείνῳ
1276 1209 1578 1279 φαυλότητος
1602 1208 1892 1276 παχυτέρους

300 1293 421 1361 ε”χων
444 1292 551 1347 τοὺς
575 1296 876 1360 χαρακτῆρας
898 1315 910 1355 ;

374 1376 516 1426 Ἀλλ’
546 1374 603 1439 ἦν
628 1373 713 1437 μὲν
741 1375 856 1428 ἰ’σως
896 1376 980 1425 οὐκ
1019 1373 1209 1428 ἀπεικὸς
1248 1376 1321 1424 καὶ
1361 1372 1437 1425 διὰ
1475 1372 1708 1425 πλειόνων
1740 1374 1893 1424 ἐλθεῖν

301 1456 385 1508 τὸν
410 1458 485 1508 ἐπὶ
518 1457 669 1526 τούτῳ
701 1460 1028 1523 διερευνῶντας
1052 1456 1213 1522 λόγον,
1242 1456 1296 1507 τὸ
1323 1455 1472 1522 γεμὴν
1498 1456 1694 1524 σφόδρα
1721 1455 1888 1506 διατεί-

302 1544 468 1591 νεσθαι
493 1539 712 1606 περιττὸν
738 1538 811 1607 ἐφ’
840 1539 907 1593 οἶς
934 1540 1106 1604 ἥκιστα
1143 1538 1234 1606 χρὴ
1270 1537 1569 1604 λογιζὸμεθα.
1625 1538 1792 1588 οὐκοῦν
1820 1538 1892 1606 ἐφ’

301 1621 461 1688 ἑτέραν
497 1621 617 1672 ἰτέον
652 1620 874 1683 διάνοιαν,
903 1623 978 1672 καὶ
1018 1621 1237 1687 ζητητέον
1272 1622 1478 1687 ἀκριβῶς
1516 1621 1618 1671 τίνα
1657 1624 1753 1673 τοῖς
1778 1620 1897 1670 Ἰου-

303 1704 447 1757 δαίοις
485 1703 667 1770 πατέρα
702 1703 838 1769 ὁρίζει
878 1705 902 1754 ὁ
937 1702 1153 1768 Χριστὸς
1192 1702 1450 1769 ἱσότροπόν
1481 1725 1530 1752 τε
1569 1703 1643 1752 καὶ
1684 1701 1897 1767 ὁμογνώ-

303 1808 439 1849 μονα,
469 1784 633 1851 ὤσπερ
670 1784 728 1836 ἂν
756 1785 943 1838 εἰκότως
982 1788 1057 1836 καὶ
1093 1785 1250 1850 πατὴρ
1286 1783 1597 1853 ἐπιγράφοιτο
1636 1783 1894 1847 δαιμόνιον,

306 1870 472 1921 ἐκεῖνος
509 1868 533 1918 ὁ
570 1869 841 1935 ἀρχέκακος,
867 1869 1126 1929 τουτέστιν,
1154 1869 1178 1918 ὁ
1207 1871 1434 1920 σατανᾶς.
1488 1866 1709 1934 ἀναφέρει
1743 1865 1898 1917 τοίνυν

292 1949 475 2003 ἀὐτοὺς
503 1952 577 2000 ἐπὶ
604 1950 687 2000 τὸν
708 1948 844 2012 Κάϊν,
867 1948 916 2002 ὃς
941 1954 1128 2015 πρῶτος
1155 1948 1419 2015 ἀνθρώπων
1440 1947 1663 2000 ἁπάντων
1689 1947 1899 2015 ἐλέγχων

307 2031 392 2095 μὲν
432 2033 513 2082 οὐκ
554 2030 777 2096 ἠγάπησε
816 2030 899 2082 τὸν
939 2030 1295 2099 σωφρονιστὴν,
1327 2029 1508 2098 φθόνου
1546 2030 1596 2080 δὲ
1635 2032 1710 2080 καὶ
1749 2028 1899 2097 φόνου

269 2134 290 2160 e
309 2115 385 2164 καὶ
421 2113 566 2164 δόλου
599 2116 673 2164 καὶ
699 2112 905 2182 ψεύδους
932 2116 1007 2164 καὶ
1035 2112 1217 2177 ἀπάτης
1245 2113 1368 2180 ἀρχὴ
1396 2112 1493 2177 μετ’
1522 2114 1693 2163 ἐκεῖνον
1717 2112 1899 2179 ἐδείχθη

309 2193 392 2246 τὸν
418 2200 647 2257 σατανᾶν,
677 2196 821 2260 οὗπερ
857 2193 914 2245 ἂν
940 2196 1126 2248 δικαίως
1162 2194 1436 2260 ὀνομάζοιτο
1473 2196 1547 2245 καὶ
1585 2193 1696 2256 υἱὸς,
1728 2193 1809 2244 ἅτε
1843 2193 1898 2257 δὴ

311 2278 385 2326 καὶ
412 2280 576 2327 πᾶσαν
603 2279 686 2339 τῆς
713 2278 884 2327 ἐκείνου
906 2277 1130 2342 πονηρίας
1158 2276 1537 2340 ἀναματτόμενος
1570 2277 1617 2326 ἐν
1643 2277 1791 2345 ἑαυτῷ
1815 2275 1900 2338 τὴν

311 2358 583 2455 μόρφωσιν.
641 2359 783 2423 ὅνπερ
819 2358 914 2424 γὰρ
950 2358 1126 2424 τρόπον
1153 2358 1272 2428 ἁγιω
1308 2381 1358 2409 τε
1393 2361 1468 2408 καὶ
1497 2359 1657 2426 δικαιῳ
1684 2380 1733 2407 τε
1759 2360 1898 2408 παντὶ

310 2463 467 2505 πατηρ
519 2445 688 2491 νοεῖται
735 2440 869 2502 Θεὸς,
915 2440 1053 2494 αὐτὸς
1105 2440 1168 2490 ὧν
1213 2441 1240 2504 ἡ
1291 2439 1482 2491 πάντων
1533 2441 1773 2505 ἀγιασμοῦ
1825 2442 1900 2489 καὶ

312 2522 611 2586 δικαιοσύνης
655 2521 791 2589 ἀρχὴ,
831 2522 914 2573 τὸν
955 2521 1098 2573 αὐτον
1137 2520 1264 2586 οῖμαι
1308 2521 1538 2588 τρόπον
1523 2544 1664 2573 παντι
1709 2525 1900 2589 πονηρῷ

1915 980 1964 1006 10

1918 1390 1964 1427 15

1919 1805 1968 1829 20

310 2604 469 2671 πατὴρ
499 2603 557 2655 ἀν
583 2605 791 2670 εὐλόγως
828 2606 853 2655 ὁ
889 2609 1100 2659 σατανᾶς
1131 2603 1420 2670 ὀνομάζοιτο,
1447 2603 1585 2656 αὐτὸς
1618 2602 1683 2653 ῶν
1709 2601 1900 2666 ἁπάσης
1921 2613 1970 2649 30

367 2788 393 2809 1.
421 2779 478 2820 τῆς
497 2777 550 2821 ἐφ’
571 2777 607 2821 ἧς
625 2777 787 2812 emendat
809 2779 939 2824 Heyse.
958 2780 1028 2814 τοῖς
1046 2777 1102 2823 ἐφ’
1122 2776 1171 2813 οἷς
1191 2778 1232 2812 Β.
1251 2780 1308 2822 τῆς
1327 2777 1381 2822 ἐφ’
1400 2776 1449 2812 οἷς
1468 2777 1533 2811 Ed.
1649 2788 1682 2821 3.
1708 2775 1899 2819 ἀπαλλάξει

318 2823 358 2856 Β.
380 2823 496 2856 Holst.
517 2824 727 2858 ἀπαλλάττει
747 2825 841 2859 Aul).
985 2825 1017 2859 6.
1044 2825 1222 2868 λελέξεται
1245 2824 1284 2859 B.
1303 2825 1439 2868 λέξεται
1461 2824 1521 2858 Ht.
1542 2823 1607 2857 Ed.
1746 2832 1776 2867 7.
1803 2823 1899 2856 ἕσται

319 2869 357 2901 Β.
377 2870 452 2902 ἔστι
474 2870 535 2904 llt.
554 2870 618 2905 Ed.
744 2883 795 2905 11.
822 2871 1002 2915 ὁριούμεθα
1025 2872 1064 2905 B.
1088 2871 1149 2906 Ht.
1169 2871 1357 2915 ὁρισόμεθιι
1375 2871 1470 2905 Aub.
1585 2871 1637 2903 16.
1665 2869 1775 2913 διερει
1777 2872 1901 2903 νῶντας

317 2915 357 2948 B.
382 2915 442 2948 Ht.
463 2917 679 2959 διερευνῶντα
700 2918 793 2952 Aub.
938 2929 994 2962 30.
1022 2917 1084 2963 ὢν]
1109 2924 1144 2958 -Ι-
1167 2918 1185 2961 ἡ
1204 2918 1298 2952 Aub.
