2022 3272
95 130 178 172 xiv.
200 144 285 183 24,
493 134 565 174 ΙΝ
611 135 652 175 S.
686 133 1024 174 JOANNEM.
1088 133 1212 173 12113.
1248 133 1298 173 X.
1601 127 1684 169 503

94 247 341 297 παντελῶς
376 243 690 297 ἀναπαύσεως
724 246 772 294 ἐν
796 245 959 298 αὐταῖς
992 243 1225 310 εὑρίσκειν
1250 241 1333 293 τὸν
1359 240 1500 292 Θεόν·
1547 245 1686 290 τοῦτο

94 324 188 391 γάρ
213 327 317 376 ε’στι
342 325 397 376 τὸ
423 331 580 376 κλῖναι
606 325 692 388 τὴν
719 325 953 393 κεφαλήν.

171 409 523 474 Καθαρίσωμεν
557 407 712 458 τοίνυν
748 407 841 458 ἀπὸ
879 405 1057 460 παντὸς
1096 411 1352 470 μολυσμοῦ
1390 404 1475 458 τὰς
1513 405 1689 455 ἑαυτῶν

95 490 301 555 καρδίας·
360 492 482 541 οὕτω
527 489 622 556 γὰρ
667 491 790 541 οὕτω
839 492 916 540 καὶ
962 491 1010 540 ἐν
1055 489 1166 552 ἡμῖν
1211 489 1391 552 οἰκήσει
1435 486 1572 548 Θεὸς,
1614 487 1690 535 καὶ

53 579 75 617 5
96 572 311 634 ἀμείνους
337 573 458 636 ἡμᾶς
487 571 680 636 ἁπάσης
705 572 920 638 ἐπηρείας
947 573 1189 641 ἀποφανεῖ
1211 573 1504 633 διαβολικῆς,
1530 592 1686 632 μακα-

95 654 221 720 ρίους
259 676 308 704 τε
347 655 423 704 καὶ
463 652 700 720 ζηλωτοὺς
737 653 1006 721 ἐργάσεται,
1046 656 1122 704 καὶ
1162 651 1410 706 κοινωνοὺς
1454 651 1729 720 ἀποδείξειει
1759 665 1844 700 885
1861 664 1913 699 Α.

97 739 180 800 τῆς
207 736 330 790 θείας
356 737 499 787 αὐτοῦ
525 739 600 787 καὶ
627 735 832 804 οἱῤῥήτου
859 735 1069 805 φύσεως.

102 908 177 950 Καὶ
218 909 241 951 ὁ
281 909 409 957 λόΓοο
449 909 498 951 ὃν
536 908 717 950 ἀκούετε
755 908 832 949 οὐκ
869 907 984 950 ἔστιν
1022 908 1139 959 ἐμὸς,
1175 907 1288 949 ἀλλὰ
1327 910 1401 949 τοῦ
1439 905 1692 956 Πὲμψαντόε

756 1008 808 1041 με
845 992 1031 1049 Πατρός.

33 1127 81 1152 10
175 1105 433 1165 Οἰκονομεῖ
472 1125 517 1152 τι
554 1099 704 1154 πάλιν
742 1105 838 1152 τῶν
876 1101 1158 1167 ἀναγκαίων,
1199 1102 1275 1152 καὶ
1320 1099 1594 1151 καλούντων
1633 1102 1696 1152 εἷς

101 1184 336 1253 ὀρθότητα
376 1189 641 1250 λογισμῶν,
668 1185 744 1235 καὶ
782 1184 837 1235 δι’
867 1181 932 1234 ῶν
963 1182 1167 1246 ἔμελλον
1199 1182 1548 1248 εῦμαθεστέραν
1575 1182 1696 1249 ἔχειν

102 1267 310 1319 διάνοιαν
350 1271 414 1321 εἰς
456 1267 510 1318 τὸ
552 1267 762 1318 συνιέναι
802 1270 960 1320 καλῶς
999 1271 1083 1317 τοῦ
1125 1265 1390 1332 μυστηρίου
1431 1265 1485 1316 τὸ
1527 1265 1693 1326 βάθος,

101 1350 405 1418 παρακομίζει
441 1349 590 1401 πάλιν
623 1353 685 1404 εἷς
720 1348 885 1413 μέσον.
941 1347 1148 1415 στηρίξει
1183 1347 1232 1399 δὲ
1265 1353 1359 1399 τῶν
1386 1347 1695 1414 ἀκροωμένων
1713 1358 1740 1399 b

102 1432 187 1484 τὸν
221 1438 345 1496 νοῦν,
371 1433 447 1483 ἵνα
479 1431 545 1496 μὴ
579 1435 680 1486 ταῖς
704 1432 944 1482 Ἰουδαίων
975 1432 1195 1494 ἀμαθίαις
1233 1428 1692 1496 συγκαθελκόμενοι,

37 1537 82 1575 15
105 1516 180 1566 καὶ
217 1520 318 1569 ταῖς
357 1516 541 1566 ἐκείνων
577 1515 815 1568 ὑπονοίαις
853 1512 914 1565 τὰ
948 1513 1033 1564 ἰ’σα
1072 1518 1191 1564 νοεῖν
1226 1513 1575 1579 ἀγαπήσαντες,
1612 1511 1698 1572 τὴν

103 1598 243 1663 ἁγίαν
269 1599 346 1649 καὶ
378 1596 689 1664 εὐαγγελικήν
719 1619 839 1650 τινες
874 1595 1137 1663 ἀτιμάζοιεν
1172 1597 1436 1647 παίδευσιν·
1479 1593 1504 1646 ὃ
1544 1594 1593 1646 δὲ
1633 1598 1694 1645 εἱ-

102 1685 207 1731 πεῖν
232 1680 486 1745 βούλομαι,
503 1684 676 1747 σαφῶς
702 1681 804 1730 ε’στι
830 1685 1059 1730 τοιοῦτον.
1105 1679 1130 1728 ὁ
1157 1677 1299 1742 νόμος
1324 1678 1410 1741 μὲν
1428 1677 1521 1745 γὰρ
1550 1677 1693 1729 σκιὰν
1754 1673 1845 1749 ῗθῦ·
1865 1684 1895 1705 ⁸·

104 1761 224 1828 ἔχων
264 1765 340 1814 καὶ
391 1762 539 1814 τύπον
576 1770 601 1791 “
622 1762 759 1829 μέχρι
805 1766 968 1828 καιροῦ
1018 1759 1347 1827 διορθώσεως”
1383 1761 1689 1823 ἐπικείμενον,
1755 1773 1921 1805 Ib.ix.1o·

104 1843 224 1895 κατὰ
263 1844 348 1909 τὴν
381 1851 464 1896 τοῦ
503 1845 703 1896 Παύλου
742 1843 920 1913 φωνὴν,
948 1851 973 1874 “
990 1843 1296 1909 παιδαγωγὸς
1334 1843 1466 1907 ἡμῶν
1500 1843 1694 1908 γέγονεν
1754 1853 1892 1886 Gal.iii.

37 1935 132 1979 20“
159 1931 221 1982 εἷς
266 1927 525 1994 Χριστὸν,”
565 1929 641 1978 καὶ
690 1926 1044 1993 προμελέτησιν
1088 1924 1253 1992 ὥσπερ
1304 1925 1409 1976 τινὰ
1459 1928 1541 1988 τῆς
1591 1925 1690 1976 κατ’
1758 1907 1808 1938 η’

103 2011 348 2072 εὐσέβειαν
373 2011 538 2076 ἀρετῆς
571 2008 839 2075 εἶσεκόμιζε.
895 2007 1253 2075 προγύμνασμα
1279 2008 1434 2058 τοίνυν
1458 2010 1542 2071 τῆς
1568 2008 1689 2071 ἀλη·

105 2096 216 2146 θοῦς
250 2095 327 2143 καὶ
363 2093 411 2142 ἐν
436 2091 667 2155 πνεύματι
701 2091 922 2158 λατρείας
954 2090 1014 2141 τὰ
1049 2090 1123 2140 διὰ
1153 2092 1400 2144 Μωυσέως
1432 2089 1576 2140 εἰπών
1600 2112 1688 2152 τις,
1711 2120 1733 2146 0

106 2175 190 2226 οὐκ
229 2174 286 2226 ἂν
325 2173 525 2241 ἁμάρτοι
563 2180 645 2225 τοῦ
683 2173 962 2240 πρέποντος.
1023 2172 1099 2224 διὰ
1137 2175 1231 2241 γάρ
1269 2197 1340 2224 τοι
1378 2180 1518 2225 τοῦτο
1563 2195 1689 2223 τετε-

108 2257 301 2308 λείωκεν
327 2258 352 2307 ὁ
381 2256 521 2321 νόμος
547 2256 692 2307 οὐδέν·
733 2257 757 2307 ὁ
786 2256 833 2307 δὲ
857 2255 1030 2322 Κύριος
1056 2256 1391 2320 ἡμῶνἹησοῦς
1418 2257 1442 2306 ὁ
1467 2254 1696 2321 Χριστὸς,

42 2360 91 2399 25
111 2339 260 2390 οὐκέτι
284 2337 580 2405 πραγμάτων
606 2337 798 2401 εἰκόνας,
826 2339 939 2389 ἀλλ’
970 2338 1116 2402 αὐτὴν
1143 2339 1251 2403 ἡμῖν
1279 2337 1553 2406 ἀναφανδὸν
1581 2337 1694 2389 ὑπέ-

109 2421 232 2490 δειξε
267 2420 352 2485 τὴν
388 2421 626 2486 ἀλήθειαν,
654 2422 737 2472 οὐκ
771 2422 819 2471 ἐν
850 2421 1012 2474 τύποις
1050 2421 1116 2471 ἔτι
1156 2423 1233 2472 καὶ
1271 2420 1484 2488 σχήματι
1522 2418 1577 2471 τὸ
1615 2422 1698 2483 τῆς

108 2504 276 2569 ἀρετῆς
337 2501 660 2571 καταγράφων
718 2501 851 2565 εἶδος,
903 2502 1017 2569 ὅπερ
1077 2504 1220 2554 ἐποίει
1278 2505 1509 2566 Μωυσῆς,
1566 2501 1698 2553 ἀλλὰ

107 2583 292 2650 γυμνὴν
331 2582 495 2650 ὥσπερ
534 2586 610 2634 καὶ
648 2586 835 2653 ἐμφανῆ
875 2583 1121 2645 καθιστὰς,
1155 2587 1230 2636 καὶ
1268 2584 1431 2650 πλήρη
1470 2583 1589 2650 πρὸς
1627 2585 1699 2634 εῦ-

109 2666 303 2728 σέβειαν
342 2666 424 2717 τὸν
463 2665 716 2731 ἄνθρωπον
754 2668 1013 2717 ἀποτελῶν.
1068 2664 1126 2729 ἦν
1161 2667 1242 2717 οῦν
1278 2666 1369 2732 ἄρα
1407 2670 1502 2716 τῶν
1539 2664 1699 2716 τύπων

41 2775 94 2812 30
112 2753 173 2804 εἷς
198 2748 424 2814 ἀλήθειαν
450 2747 779 2816 μεταχώρησις
807 2749 883 2798 καὶ
910 2746 1227 2811 μετάπλασις,
1255 2752 1350 2798 τῶν
1377 2746 1453 2798 διὰ
1480 2751 1699 2813 Χριστοῦ

164 2907 218 2930 11.
244 2896 389 2939 ἔμελλον
408 2894 492 2929 E.F.
513 2894 577 2929 Ed.
597 2906 668 2940 mg.
686 2894 832 2939 ἔμελλεν
852 2893 918 2927 Ed.
1374 2893 1426 2927 16.
1453 2892 1641 2937 ἀτιμάζειεν
1660 2893 1702 2927 Ε.

119 2953 173 2977 22.
198 2942 303 2977 εἶπεῖν
322 2942 362 2977 Ε.
