2022 3272
102 109 170 139 xv.
193 111 258 140 20.
345 99 419 139 IN
462 101 503 141 S.
539 100 877 141 JOANNEM.
942 100 1066 141 LIB.
1104 101 1153 140 X.
1218 100 1349 141 CAP.
1385 101 1445 141 II.
1613 103 1695 143 595

103 207 270 260 αἰκίαις
296 208 350 258 τὸ
377 207 581 259 ἑκάστου
606 208 778 273 κίνημα
806 213 899 259 τῶν
927 210 1254 275 ἀκροωμένων·
1305 212 1458 278 ἐφῆκα
1485 209 1533 259 δὲ
1561 214 1689 272 μᾶλ-

102 294 192 339 λον
224 295 282 358 τῇ
319 291 522 341 ἑκάστου
560 291 833 356 προαιρέσει
872 290 927 342 τὸ
967 292 1163 342 ἑλέσθαι
1203 291 1256 342 τὸ
1298 294 1486 353 δοκοῦν,
1517 295 1692 356 δρᾶσαι

102 369 151 421 δὲ
192 371 263 422 ὅτι
300 395 389 439 περ
427 371 485 423 ἂν
509 373 781 432 βούλοιντο·
838 375 914 424 καὶ
953 379 1069 438 γοῦν
1097 373 1376 435 διωκόμενος
1402 374 1691 439 ἐκαρτέρουν,
1711 383 1736 422 b

103 454 251 504 καίτοι
290 460 374 505 τοῦ
415 458 708 506 διακωλῦσαι
747 455 868 522 ἔχων
907 454 993 518 τὴν
1031 455 1270 524 ἐξουσίαν.
1327 456 1441 506 ὅταν
1481 456 1561 505 οῦν
1602 457 1693 519 ἄρα

58 534 337 599 5διώκησθε
376 539 452 587 καὶ
495 538 643 598 αὐτοὶ,
685 540 1093 603 διακαρτεροῦντες
1132 540 1426 605 παραχρῆμα
1472 537 1558 600 τὴν
1599 542 1693 587 τῶν

98 618 370 680 μισούντων
408 619 698 685 ἀποτροπὴν,
745 617 861 684 μηδὲ
909 622 1261 688 δυσφοροῦντες
1309 620 1431 685 ἄγαν
1471 621 1546 670 ἐπὶ
1592 624 1692 672 ταῖς

100 700 398 766 ἀχαριστιάις
447 707 542 752 τῶν
589 702 953 770 ὠφελουμένων,
1004 702 1202 753 κατόπιν
1247 705 1330 765 τῆς
1383 704 1495 766 ε’μῆς
1546 701 1692 754 ἰόντες

99 783 378 844 οἰκονομίας,
405 783 480 834 διὰ
515 788 609 834 τῶν
637 785 792 834 αὐτῶν
819 784 1017 851 ἔρχεσθε
1054 783 1350 848 θελημάτων,
1377 784 1454 834 ἵνα
1493 786 1569 834 καὶ
1610 786 1692 847 τῆς

1757 873 1771 893 2
1790 863 1874 894 Tim.

99 863 261 926 ὁμοίας
287 865 558 934 μετάσχητε
588 865 748 935 δόξης.
798 870 840 917 οἱ
867 865 961 934 γὰρ
987 865 1361 934 συμπάσχοντες
1388 868 1463 917 καὶ
1491 872 1687 930 συμβα-
1752 907 1784 937 ᾖ,
1804 916 1850 937 1,,

30 966 79 992 10
99 945 402 1000 σιλεύσουσι.

174 1031 413 1092 Προσθεῖς
444 1029 492 1081 δὲ
525 1032 600 1081 καὶ
634 1031 792 1097 τρίτον
820 1036 870 1082 Εἰ
899 1033 965 1083 τὶν
992 1032 1125 1097 λόγον
1152 1056 1236 1099 μου
1271 1031 1485 1100 ἐτήρησαν,
1515 1036 1593 1082 καὶ
1627 1030 1691 1081 τὶν

97 1107 289 1178 ὑμέτερον
327 1111 581 1180 τηρήσουσιν,
613 1111 807 1177 ἀθύμως
845 1113 966 1180 ε”χειν
993 1114 1076 1163 οὐκ
1114 1115 1167 1182 ἐᾷ
1204 1111 1269 1177 μὴ
1309 1112 1730 1180 παραδεχθείσηςο

97 1192 252 1242 αὐτῶν
295 1196 378 1257 τῆς
422 1195 734 1248 διδασκαλίας
784 1195 890 1246 ἔσθ’
937 1194 1030 1246 ὅτε.
1098 1201 1224 1247 ποιεῖ
1267 1194 1315 1245 δὲ
1365 1193 1562 1263 σφόδρα
1613 1197 1689 1245 καὶ

96 1279 236 1325 τοῦτο
271 1279 446 1329 καλῶς.
501 1276 642 1327 οἴεται
679 1276 764 1340 μὲν
793 1276 886 1343 γὰρ
914 1278 938 1327 ὁ
964 1276 1083 1342 πρὸς
1117 1283 1257 1328 τοῦτο
1294 1275 1686 1344 προκεχειρισμέ-

29 1372 77 1412 15
97 1378 189 1418 νος,
224 1356 295 1407 ὅτι
331 1358 490 1408 πόνων
530 1359 710 1424 ὑπέστη
750 1359 917 1425 ζημίαν
956 1363 994 1409 εἰ
1033 1358 1098 1423 μὴ
1138 1359 1393 1420 βούλοιντό
1433 1381 1553 1411 τινες
1592 1362 1688 1412 τοῖς

95 1437 207 1504 παρ’
248 1439 391 1490 αὐτοῦ
429 1440 679 1491 πείθεσθαι
717 1440 896 1505 λόγοις·
962 1441 1016 1491 τὸ
1057 1440 1105 1491 δὲ
1146 1442 1233 1507 οὐχ
1272 1441 1419 1493 οὕτως
1458 1439 1569 1506 ἔχει·
1623 1438 1689 1503 μὴ

97 1519 191 1586 γὰρ
227 1520 283 1585 δή
320 1544 388 1575 τις
419 1521 608 1585 οἰέσθω,
636 1521 813 1585 πόθεν,
861 1521 1053 1589 εἰρηκὼς
1089 1521 1184 1588 γὰρ
1209 1522 1344 1591 ἅπαξ
1379 1523 1454 1573 καὶ
1494 1520 1580 1585 τὴν
1605 1526 1688 1572 τοῦ

96 1603 428 1671 συμφέροντος
473 1605 657 1670 γνώσιν
699 1606 723 1655 ὁ
766 1603 1049 1668 σύμβουλος
1089 1606 1332 1671 παραθεὶς,
1379 1603 1494 1668 ὅπερ
1538 1602 1597 1667 ἦν
1640 1605 1688 1654 ἐν

97 1685 223 1754 αὐτῷ
256 1691 395 1736 τοῦτο
434 1688 508 1737 καὶ
550 1686 758 1752 δέδρακε·
813 1688 1019 1738 κείσεται
1061 1685 1114 1738 τὸ
1156 1687 1327 1737 λοιπὸν
1366 1687 1415 1736 ἐν
1452 1690 1553 1738 ταῖς
1592 1689 1687 1735 τῶν

26 1789 77 1814 20
97 1767 405 1834 ἀκροωμένων
456 1767 681 1834 γνώμαις·
761 1768 1029 1835 τραπέσθαι
1080 1768 1174 1834 γὰρ
1225 1766 1394 1821 αὐτοὺς
1445 1768 1516 1835 ἐφ’
1570 1766 1686 1831 ὅπερ

95 1848 295 1903 ἕκαστος
321 1848 471 1900 ἐθέλει
496 1850 673 1918 ῥᾴδιον,
702 1849 729 1914 ἢ
756 1850 876 1916 πρὸς
902 1851 1159 1901 εὐπείθειαν
1184 1848 1213 1913 ὴ
1241 1848 1294 1900 τὸ
1323 1848 1546 1899 ἐναντίον.
1602 1849 1684 1899 οὐκ
1704 1858 1731 1899 d

96 1931 386 1995 ἀποκνητέον
426 1931 507 1981 οὖν
547 1932 638 1997 ἄρα
677 1936 772 1985 τοῖς
811 1936 906 1982 τῶν
945 1933 1156 1998 ἀρίστων
1195 1934 1486 1996 εἰσηγηταΐς,
1522 1928 1576 1980 τὸ
1608 1932 1685 1980 καὶ

96 2017 192 2066 τοῖς
230 2013 533 2079 ἀπεγνωκόσι
568 2014 651 2065 τὸν
690 2016 894 2082 ὠφελεῖν
933 2012 1191 2077 δυνάμενον
1228 2013 1491 2079 ἐνσπείρειν
1534 2010 1686 2076 λόγον

95 2096 154 2163 τῇ
181 2096 281 2163 θείᾳ
309 2096 513 2159 δυνάμει,
541 2097 616 2146 καὶ
639 2095 698 2146 τὰ
729 2096 839 2159 ἡμῖν
867 2096 950 2146 οὐκ
976 2094 1144 2163 ἐφικτὰ
1169 2094 1401 2145 δύνασθαι
1426 2097 1686 2159 κατορθοῦν

26 2196 76 2235 25
95 2176 214 2241 μετὰ
251 2177 459 2231 πίστεως
501 2178 834 2241 ἀπονέμουσιν,
873 2176 898 2228 ὃ
934 2176 991 2242 δὴ
1030 2179 1106 2228 καὶ
1145 2175 1340 2242 γεγονὸς
1382 2177 1484 2240 ἤτοι
1526 2179 1685 2228 καλῶς

96 2259 509 2326 ἐσχηματισμένον
547 2262 623 2310 καὶ
662 2261 709 2310 ἐν
734 2265 836 2313 ταῖς
872 2263 968 2310 τῶν
992 2257 1243 2310 ταλάντων
1267 2261 1506 2321 διανομαῖς
1546 2257 1682 2322 εὑρή-

96 2363 260 2403 σομεν.
314 2342 339 2391 ὁ
365 2340 450 2404 μὲν
475 2340 569 2407 γὰρ
608 2342 873 2407 εὑρίσκεται
911 2342 1022 2391 δέκα
1059 2339 1241 2403 λαβὼν,
1270 2342 1294 2390 ὁ
1322 2339 1370 2390 δὲ
1402 2337 1553 2401 πέντε,
1582 2339 1606 2388 ὁ
1635 2337 1683 2388 δὲ

98 2423 193 2484 δυό,
220 2423 295 2473 καὶ
331 2422 450 2488 πρὸς
489 2421 670 2475 τούτοις
706 2423 771 2473 ἔτι
806 2423 860 2474 τὸ
900 2423 961 2486 ἓν,
990 2421 1040 2477 ὃς
1080 2422 1136 2486 δὴ
1182 2424 1258 2473 καὶ
1291 2421 1682 2487 ἐμπορεύσασθαι

96 2504 480 2570 παραιτούμενος,
526 2504 767 2571 κατέχωσε
813 2504 897 2567 μὲν
941 2504 995 2555 τὸ
1039 2505 1277 2555 τάλαντον
1328 2508 1390 2556 εἰς
1442 2502 1527 2564 τὴν
1574 2504 1721 2566 γῆν·θ

1744 2572 1903 2604 SAEIatth.

111 2584 134 2602 'l
349 2584 360 2601 X
456 2584 469 2601 Χ
575 2591 595 2599 Α
917 2584 928 2602 Χ
1037 2591 1055 2599 Α
1218 2586 1231 2601 N
1285 2585 1296 2599 9
1427 2582 1439 2599 Χ
1501 2582 1522 2598 >l

28 2609 78 2645 30
97 2607 272 2649 ηκουσε
312 2587 361 2635 δε
400 2588 475 2635 δια
512 2607 652 2635 τουτο
692 2591 719 2613 “
743 2589 928 2651 Πονηρε
974 2587 1114 2635 δουλε
1158 2607 1233 2634 και
1275 2606 1453 2648 οκνηρε,
1493 2584 1581 2632 εδει
1623 2605 1679 2632 σε
1744 2617 1888 2656 xxxam,

98 2674 126 2696 “
152 2671 321 2728 βαλεῖν
369 2665 423 2716 τὸ
468 2664 692 2732 ἀργύριόν
743 2689 833 2730 μου
872 2672 969 2719 τοῖς
1006 2666 1316 2732 τραπεζίταις,
1359 2662 1489 2729 κάγὼ
1528 2663 1681 2713 ἐλθὼν
1747 2667 1795 2698 27-

147 2865 179 2894 4.
207 2850 430 2885 διακωλύσειν
449 2850 491 2884 Ε.
703 2861 756 2884 ΙΙ,
782 2849 930 2893 ἐτήρησα
950 2849 991 2882 Ε.
1203 2859 1255 2892 19.
1283 2848 1320 2882 τὸ
1338 2853 1560 2890 assumptum
1580 2858 1620 2880 ex
1642 2846 1682 2880 E.

101 2909 156 2933 21.
183 2898 200 2942 ἢ
220 2899 315 2943 prius
334 2898 374 2932 E.
398 2897 463 2931 Ed.
483 2909 553 2942 mg.
575 2896 592 2939 ἡ
613 2895 677 2930 Ed,
849 2906 904 2940 23.
932 2897 1001 2931 τοῖς
1020 2907 1089 2929 om.
1110 2895 1245 2939 Migne.
1414 2905 1468 2936 24.
1495 2893 1621 2938 ἀφικτὰ
1642 2892 1682 2926 Ε.

830 2962 952 3002 4G2
