2022 3272
126 149 225 190 xvii.
245 163 307 199 20,
330 164 394 192 21.
451 153 518 192 IN
554 151 958 193 S..1()ANN1⁴:M.
1019 152 1071 190 111
1095 152 1136 191 13.
1165 152 1240 190 xl.
1295 152 1369 189 (JA
1390 151 1427 190 Ι).
1453 148 1528 189 xl.
1627 148 1698 188 731

126 259 328 325 ἀρρήτου
354 262 593 314 κοινωνίας
619 261 842 328 ἐτύχομεν
870 263 944 310 καὶ
972 263 1052 323 τῆς
1078 260 1288 312 ἑνώσεως
1315 262 1395 322 τῆς
1420 256 1537 323 πρὸς
1565 255 1706 307 &edv-

127 342 248 391 οὕτω
287 341 379 408 γὰρ
416 346 491 393 καὶ
525 345 573 393 ἐν
604 345 768 409 ἀρχαῖς
808 343 835 406 ἡ
869 346 964 392 τῶν
989 344 1062 392 ἐπὶ
1098 344 1185 406 γῆς
1221 340 1507 403 διεκοσμήθη
1543 337 1705 406 φύσις·

125 421 290 476 ἕνωσις
317 423 364 474 δὲ
397 425 422 488 ἡ
454 425 573 491 πρὸς
601 425 724 476 Θεὸν
751 426 837 492 οὐχ
873 424 1039 488 ἑτέρως
1073 422 1129 473 ἂν
1158 423 1361 490 ὑπάρξαι
1398 424 1540 482 τισὶν,
1570 419 1598 484 ἦ
1635 419 1709 470 διὰ
1729 424 1754 465 (l

127 507 209 567 τῆς
253 506 505 568 μετουσίας
548 512 631 557 τοῦ
670 507 839 572 Ἀγίου
888 505 1162 568 Πνεύματος
1203 507 1285 566 τῆς
1328 505 1443 555 ἰδίας
1486 501 1711 564 ἰδιότητος

86 588 382 642 5ἐντιθέντος
421 589 529 652 ἡμῖν
567 589 649 639 τὸν
688 587 942 654 ἁγιασμὸν,
976 589 1050 638 καί
1089 591 1151 640 εἰς
1187 585 1273 650 τὴν
1313 585 1431 635 ἰδίαν
1469 582 1712 634 ἀναπλάτ-

129 691 291 723 τοντος
330 670 448 736 ζωὴν
487 670 573 734 τὴν
612 672 951 721 ὑποπεσοῦσαν
990 672 1048 736 τῇ
1094 672 1255 736 φθορᾷ
1300 667 1463 735 φύσιν,
1501 666 1622 716 οὕτω
1664 686 1712 714 τε

129 750 247 816 πρὸς
283 752 365 802 τὸν
392 752 515 804 Θεὸν
541 755 616 804 καί
651 751 769 818 πρὸς
806 751 892 816 τὴν
918 752 1090 802 ἐκείνου
1120 749 1374 818 μόρφωσιν
1398 747 1715 812 ἐπανάγοντος

129 832 184 883 τὸ
238 837 319 897 τῆς
375 836 448 885 ἐπὶ
498 834 648 904 τούτῳ
706 833 849 903 δόξης
899 833 1225 899 ἐστερημένον.
1307 830 1439 881 εἰκὼν
1488 829 1573 892 μὲν
1623 827 1717 894 γὰρ

132 916 393 985 ἀκραιφνὴς
442 923 525 968 τοῦ
572 916 764 983 [Ἰατρὸς
808 917 832 966 ὁ
878 916 1007 978 Υἱὸς,
1050 916 1273 978 ὁμοίωσις
1317 912 1364 964 δὲ
1410 912 1590 981 φυσικὴ
1635 917 1718 962 τοῦ

65 1022 113 1048 10
132 1001 250 1048 Υἰοῦ
288 997 342 1049 τὸ
376 1003 571 1063 Πνεῦμα
607 1001 763 1050 αὐτοῦ.
825 999 974 1049 διάτοι
1011 1003 1151 1048 τοῦτο
1186 994 1522 1060 μεταπλάττον
1553 993 1719 1059 ὥσπερ

133 1083 195 1133 εἰς
245 1080 380 1132 ἑαυτὸ
431 1081 515 1135 τὰς
564 1086 659 1133 τῶν
704 1081 965 1147 ἀνθρώπων
1016 1079 1192 1148 ψυχὰς,
1244 1077 1331 1141 τὴν
1380 1078 1510 1128 θείαν
1560 1078 1718 1129 αὐταῖς

133 1162 409 1230 ἐγχαράττει
434 1162 701 1232 μόρφωσιν,
729 1165 804 1214 καὶ
840 1166 922 1227 τῆς
955 1161 1178 1213 ἀνωτάτω
1203 1163 1376 1211 πασῶν
1403 1159 1567 1212 οὐσίας
1593 1159 1715 1209 ἀπο-

133 1245 411 1308 σημαίνεται
443 1245 525 1296 τὸν
552 1244 832 1309 εἰκονισμόν.

209 1329 374 1395 Ἐρωτᾷ
405 1333 652 1394 τοιγαροῦν
684 1329 708 1378 ὁ
738 1328 911 1393 Κύριος
947 1327 1078 1390 ἡμῶν
1103 1327 1292 1389 Ἰησοῦς
1327 1325 1351 1374 ὁ
1379 1322 1609 1389 Χριστὸς,
1640 1324 1722 1383 οὐχ

70 1430 116 1469 15
136 1408 251 1476 ὑπὲρ
283 1411 428 1476 μόνων
453 1415 547 1461 τῶν
579 1410 852 1461 δυοκαίδεκα
887 1412 1123 1472 μαθητῶν,
1151 1411 1343 1470 μᾶλλον
1378 1404 1427 1456 δὲ
1463 1410 1557 1473 περὶ
1594 1402 1718 1454 πάν-

135 1515 242 1554 των,
268 1491 310 1542 οῗ
345 1491 400 1555 δὴ
437 1494 511 1542 καί
546 1493 594 1542 ἐν
621 1490 836 1544 ἑκάστοις
864 1490 1068 1554 ε”μελλον
1095 1493 1283 1555 καιροῖς,
1310 1493 1405 1540 τοῖς
1431 1487 1541 1552 παρ’
1570 1486 1723 1536 αὐτῶν
1741 1511 1761 1536 a
1794 1498 1945 1536 996A.

135 1573 401 1640 γεγονόσιν,
436 1575 569 1624 εἴκειν
603 1597 652 1624 τε
692 1575 767 1624 καὶ
807 1572 1145 1623 ὑποπείθεσθαι
1185 1569 1348 1635 λόγοις
1388 1567 1725 1633 παραθήγουσι

137 1655 243 1710 τοὺς
270 1657 589 1721 ἀκροωμένους
614 1654 733 1721 πρὸς
760 1655 1008 1722 ἀνάληψιν
1035 1655 1278 1719 ἁγιασμοῦ
1302 1657 1385 1702 τοῦ
1412 1650 1488 1701 διὰ
1519 1651 1727 1702 πίστεως

137 1740 212 1789 καὶ
246 1737 364 1804 πρὸς
401 1738 733 1804 ἀποκάθαρσιν
759 1736 846 1800 τὴν
871 1734 1208 1801 ἐνεργουμένην
1235 1733 1310 1784 διὰ
1343 1736 1426 1796 τῆς
1463 1737 1546 1782 τοῦ
1573 1730 1725 1781 Πνεύ-

72 1847 121 1872 20
139 1843 285 1884 ματος
322 1822 539 1886 μετοχῆς.
598 1817 658 1869 τὰ
697 1817 752 1867 δέ
785 1840 839 1882 γε
877 1820 961 1881 τῆς
999 1817 1242 1880 αἰτήσεως,
1285 1815 1387 1865 οὐδὲ
1423 1815 1532 1878 ἡμῖν
1571 1813 1726 1865 αὐτοῖς

140 1904 399 1970 ἀσυμφανῆ
427 1905 702 1951 καταλιπεῖν
725 1899 840 1969 ᾤετο
867 1901 973 1948 δεῖν·
1015 1898 1091 1948 ἵνα
1118 1897 1173 1960 δὴ
1201 1895 1275 1947 διὰ
1300 1896 1467 1947 τούτου
1493 1894 1726 1958 μάθωμεν,

142 1986 330 2037 ὁποίους
363 1982 491 2036 τινὰς
525 1984 729 2048 ὁρᾶσθαι
758 1980 1003 2046 προσήκει,
1031 1981 1106 2030 καὶ
1143 1979 1246 2030 τίνα
1281 1976 1578 2041 δικαιοσύνης
1615 1976 1729 2026 ἰέναι

143 2067 307 2132 τρίβον
331 2064 450 2131 πρὸς
475 2065 824 2129 ἀποπλήρωσιν
853 2066 948 2113 τῶν
974 2060 1276 2128 ἀρεσκόντων
1300 2061 1442 2128 αὐτῷ.
1497 2059 1566 2112 τίς
1594 2058 1675 2108 οὖν
1700 2056 1728 2120 ἢ

142 2152 274 2200 ποῖος
312 2149 337 2198 ὁ
375 2149 458 2209 τῆς
497 2145 726 2209 αἰτήσεως
763 2144 972 2210 τρόπος;
1013 2144 1086 2194 ἵνα,
1118 2144 1269 2210 φησὶν
1304 2139 1341 2192 ἓν
1374 2140 1453 2192 ὦσι
1492 2139 1635 2194 καθὼς
1676 2137 1731 2190 ffb

78 2252 125 2290 25
148 2229 293 2297 Πάτερ
320 2230 357 2279 ἐν
384 2229 477 2296 ἐμοὶ
510 2226 641 2293 κάγὼ
670 2227 706 2277 ἐν
733 2229 796 2278 σο)
821 2226 895 2277 ’ἵνα
921 2227 958 2277 ἐν
984 2228 1077 2293 ἡμῖν
1106 2222 1142 2276 ἓν
1170 2223 1284 2275 αἶα-ιν·
1320 2221 1506 2288 ἀγάπης
1533 2223 1615 2273 οὖν
1640 2221 1774 2287 ἄραῑ)

114 2347 116 2350 >
146 2314 222 2363 καὶ
261 2311 476 2375 ὁμονοίας
514 2311 589 2360 καί
629 2308 811 2374 εἰρήνης
848 2306 1123 2371 σύνδεσμον
1158 2307 1355 2367 ἀπαιτεῖ,
1386 2302 1733 2370 συγκομίζοντα

146 2393 265 2460 πρὸς
308 2392 504 2456 ἑνότητα
542 2390 629 2454 τὴν
669 2389 986 2454 πνευματικὴν
1028 2386 1137 2442 τοὺς
1181 2387 1504 2447 πιστεύοντας,
1546 2387 1607 2439 ὡς
1650 2387 1734 2448 τῆς

149 2478 354 2544 φυσικῆς
386 2497 435 2524 τε
470 2474 543 2523 καὶ
583 2472 838 2525 οὐσιώδους
869 2469 1097 2534 ἑνότητος,
1123 2467 1367 2536 πρόδηλον
1395 2467 1443 2518 δὲ
1475 2469 1545 2518 ὅτι
1575 2469 1655 2530 τῆς
1686 2468 1735 2516 ἐν

150 2557 310 2623 Πατρί
331 2578 379 2606 τε
403 2556 477 2606 καὶ
502 2557 603 2623 Υἰῷ
631 2553 893 2617 νοουμένης,
920 2554 1263 2614 ἀπομιμεῖσθαι
1289 2549 1395 2602 τοὺς
1422 2550 1733 2616 χαρακτῆρας,

80 2665 131 2700 30
151 2639 235 2703 τὴν
266 2640 314 2688 ἐν
344 2636 608 2688 συναινέσει
646 2640 703 2703 τῇ
743 2634 862 2686 κατὰ
900 2634 1056 2686 πάντα
1095 2635 1170 2683 καὶ
1210 2629 1510 2695 ἀδιατμήτοις
1550 2631 1734 2699 ὁμοψυ-

202 2778 254 2802 12.
280 2765 546 2809 ἀποσημαίνεται
564 2764 606 2798 Ε.
625 2764 760 2809 RIigne.
778 2763 1033 2807 ἀποσημάνεται
1051 2761 1145 2796 Aub.
1316 2768 1368 2804 17.
1393 2757 1633 2803 παραθήγουσι
1651 2758 1736 2792 E.F.

153 2814 220 2849 Ed.
240 2825 312 2858 mg.
328 2811 571 2856 παραθήσουσι
590 2810 656 2844 Ed.
830 2820 886 2854 23.
913 2806 1123 2852 ἢ-τρόπος]
1144 2807 1270 2852 τρόπος
1287 2808 1344 2849 τῆς
1361 2805 1526 2848 αἰτήσεως
1543 2804 1561 2847 ἢ
1579 2806 1676 2839 ποῖος
1694 2804 1736 2838 Ε.

155 2861 209 2895 26.
236 2859 368 2904 εἰρήνης
385 2865 418 2892 et
436 2858 591 2899 ὁμονοίας
609 2857 698 2891 inter
715 2868 751 2890 se
768 2855 966 2900 transponit
984 2854 1091 2888 Cord.
1270 2853 1325 2886 28.
1351 2852 1603 2896 ὁμοουσιώδους
1622 2851 1663 2884 Ε.
1681 2850 1737 2883 οὐ·

154 2907 300 2942 σιώδους
317 2905 422 2939 habet
442 2904 549 2938 Cord.
689 2914 741 2947 29.
768 2917 804 2937 τε
823 2906 1043 2946 assumptum
1063 2912 1103 2934 ex
1122 2899 1163 2934 Ει.
1230 2898 1315 2944 Υἶῴ]
1340 2903 1375 2939 -1-
1398 2899 1450 2932 καὶ
1467 2897 1552 2943 ἁγίῳ
1570 2896 1739 2941 Πνεύματι

157 2952 396 2998 (abbrevians)
417 2950 522 2984 Cord.

890 3013 914 3055 5
937 3015 963 3041 A
986 3013 1009 3041 2
