2022 3272
122 149 189 174 xv.
216 147 245 173 1.
366 134 433 173 IN
476 133 518 173 S.
553 133 891 172 JOANNEM.
956 133 1083 172 LIB.
1118 133 1170 172 X.
1233 134 1367 173 (ΣΗ).
1404 133 1463 173 11.
1625 133 1702 171 541

122 246 204 306 τῆς
231 244 356 312 αὐτῷ
381 245 456 293 καὶ
483 242 612 311 μόνῳ
637 242 913 308 πρεπούσης
940 242 1134 309 ἔναρχος
1163 241 1299 309 ἀρχή·
1344 241 1419 291 διὰ
1453 247 1592 292 τοῦτο
1626 240 1708 304 μὲν

121 326 222 391 ῥίζα
261 325 423 391 ὥσπερ
461 325 675 392 ἄμπελος
715 326 739 375 ὁ
779 322 1006 390 Χριστός,
1039 324 1260 388 κλήματα
1299 324 1345 374 δὲ
1386 325 1528 386 ἡμεῖς.
1585 328 1621 373 εἰ
1660 322 1707 373 δὲ

122 407 334 473 γεωργὸν
362 407 579 470 ὠνόμασε
607 406 689 457 τὸν
719 407 929 472 Πατέρα,
959 405 1024 469 μὴ
1052 406 1182 473 εἴπῃς
1209 408 1270 459 ὡς
1298 406 1604 471 ἑτεροούσιον.
1657 408 1710 455 οὐ

123 489 216 555 γὰρ
253 494 390 539 τοῦτο
426 492 635 552 σημῆναι
669 488 909 551 βούλεται,
937 486 1149 553 καθάπερ
1182 486 1439 554 εἰρήκαμεν,
1467 489 1577 537 ἀλλ’
1607 490 1705 537 ε’πι-

82 588 103 625 5
125 572 273 640 δεῖξαι
309 571 535 636 θελήσας,
563 571 634 621 ὅτι
673 574 746 621 καὶ
786 569 887 637 ῥίζα
928 572 1001 620 καὶ
1041 569 1162 636 ἀρχὴ
1200 573 1281 633 τῆς
1316 572 1364 619 ἐν
1392 571 1500 632 ἡμῖν
1527 593 1706 635 καρπο-

126 653 294 722 φοριάς
317 656 633 717 πνευματικῆς
660 655 734 703 καὶ
763 653 879 719 ζωῆς
906 653 932 715 ἡ
961 653 1061 702 θεία
1086 652 1251 717 γέγονε
1286 651 1446 718 φύσις,
1473 652 1591 718 πρὸς
1617 655 1712 705 τοῖς
1730 676 1751 698 a
1784 666 1870 699 862
1885 664 1933 698 Α.

127 736 378 802 εἰρημένοις
417 737 625 801 ἀγαθοῖς,
654 738 714 789 ὡς
749 738 796 786 ἐν
827 740 1039 800 γεωργοῦ
1079 757 1202 787 τινος
1241 733 1371 802 τάξει
1411 733 1708 801 χαριζομένη,

127 820 202 868 καὶ
236 817 528 885 ἐπιφέρουσα
564 822 659 870 τοῖς
696 816 772 867 διὰ
805 818 1011 869 πίστεως
1045 817 1346 880 κεκλημένοις
1375 820 1436 870 εἷς
1473 817 1715 867 κοινωνίαν

127 900 269 963 αὐτῆς
304 898 390 963 τὴν
416 900 674 967 ἐπίσκεψιν
699 902 781 962 τῆς
818 898 1021 963 ἀγάπης.
1079 898 1211 948 οὐδὲν
1237 899 1318 949 οὖν
1345 898 1436 964 ἄρα
1469 904 1715 952 παντελῶς

59 981 154 1045 ιοὴ
190 985 285 1031 τῶν
310 980 707 1047 παραδειγμάτων
732 979 1010 1045 ἀνομοιότης
1048 979 1167 1046 πρὸς
1202 980 1284 1031 τὸν
1310 983 1392 1044 τῆς
1426 981 1589 1034 οὐσίας
1624 980 1717 1049 ἕξει

127 1062 294 1128 λόγον·
355 1064 409 1113 οὐ
452 1062 546 1129 γὰρ
589 1062 828 1128 πρόκειται
874 1064 973 1114 νυνὶ
1018 1067 1084 1131 τῷ
1131 1065 1316 1128 Σωτῆρι
1364 1066 1565 1131 Χριστῷ
1612 1065 1717 1129 περὶ

127 1145 295 1196 τούτου
333 1168 378 1195 τι
416 1146 586 1211 λέγειν,
614 1146 724 1195 ἀλλ’
755 1145 911 1212 ἕτερον
938 1145 1030 1212 ἔχει
1070 1144 1255 1196 σκοπὸν
1287 1147 1369 1208 τῆς
1405 1146 1717 1199 διδασκαλίας

129 1229 154 1278 ὁ
185 1226 376 1293 τρόπος.

202 1311 211 1325 ,
379 1308 391 1323 x
481 1309 492 1326 x
588 1309 600 1325 s
749 1310 759 1324 ‹
934 1308 945 1321 2
1140 1312 1150 1326 ,
1258 1312 1277 1321 Α
1360 1310 1369 1324 ,
1441 1309 1451 1325 ,
1635 1310 1646 1324 ,
1697 1313 1717 1323 Α

219 1313 397 1373 Επειδη
445 1313 493 1360 δε
539 1317 696 1375 λεγειν
741 1333 765 1360 ο
815 1313 1083 1377 παραφρων
1128 1333 1176 1360 εκ
1222 1333 1304 1373 της
1348 1332 1545 1373 ενουσης
1592 1332 1717 1378 αυτῳ

62 1410 109 1448 15
130 1391 423 1451 δυσβουλίας
457 1390 516 1441 τὰ
551 1393 634 1442 οὐκ
674 1393 826 1457 ὀρθῶς
861 1391 1030 1458 ἔχοντα
1066 1392 1303 1454 βούλεται,
1332 1392 1412 1442 καί
1443 1396 1616 1458 φησιν,
1648 1390 1718 1442 ὅτι
1737 1403 1762 1443 b

129 1471 276 1538 λόγος
316 1474 461 1526 οὐδεὶς
500 1474 742 1542 ἐπιτρέψει
781 1476 864 1537 τῆς
903 1475 1080 1527 εὐθείας
1118 1471 1283 1540 ὥσπερ
1319 1473 1598 1541 ἐξέλκοντας
1636 1473 1719 1523 τὸν
1781 1478 1944 1552 ἓξοῗῐπῦ

129 1560 213 1605 τοῦ
250 1555 554 1621 προκειμένου
593 1555 780 1607 σκοπὸν
812 1556 1106 1621 περιτρέπειν
1142 1559 1203 1609 εἷς
1242 1555 1328 1619 τὴν
1362 1554 1720 1621 ε’νανθρώπησιν
1880 1547 1886 1552 '

130 1642 213 1687 τοῦ
253 1641 487 1703 Χριστοῦ·
544 1639 597 1688 οὐ
640 1636 730 1704 γὰρ
773 1637 1087 1706 συνήφθημεν
1129 1638 1254 1706 αὐτῷ
1299 1636 1419 1688 κατὰ
1457 1636 1512 1687 τὸ
1558 1641 1721 1700 σῶμα,

132 1718 244 1770 ἀλλ’
278 1719 382 1770 οὐδὲ
422 1720 583 1783 ἔμενον
623 1724 664 1770 οἱ
712 1718 980 1771 ἀπόστολοι
1026 1722 1087 1773 ὡς
1130 1718 1351 1784 κλήματα
1390 1719 1534 1785 τυχὸν
1572 1721 1620 1769 ἐν
1659 1724 1726 1788 τῷ

63 1829 112 1853 20
132 1801 321 1865 σώματι
360 1807 443 1853 τοῦ
485 1806 717 1868 Χριστοῦ,
759 1804 860 1853 οὔτε
902 1801 997 1865 μὴν
1036 1803 1161 1870 αὐτῷ
1203 1801 1322 1852 κατὰ
1361 1807 1529 1852 τοῦτον
1570 1803 1721 1865 συνή-

131 1906 307 1935 πτοντο
332 1883 414 1934 τὸν
440 1883 603 1949 λόγον,
631 1883 761 1934 ἀλλὰ
789 1883 993 1934 διαθέσει
1031 1886 1105 1934 καὶ
1140 1884 1299 1934 πίστει
1337 1887 1584 1949 εἰλικρινεῖ,
1612 1883 1725 1950 φέρε

132 1988 176 2016 τι
221 1964 379 2032 βραχὺ
430 1969 504 2016 καὶ
558 1964 676 2032 πρὸς
727 1971 877 2016 ταῦτα
928 1965 1157 2030 λέγωμεν,
1201 1967 1419 2032 πανταχῆ
1470 1964 1727 2018 δεικνύντες

132 2047 426 2116 ἀφραίνοντα
463 2049 539 2098 καὶ
573 2052 668 2098 τῶν
701 2051 835 2113 ἱερῶν
861 2045 1154 2113 γραμμάτων
1182 2048 1265 2097 οὐκ
1305 2046 1434 2097 ἰόντα
1469 2047 1567 2097 κατ’
1597 2046 1723 2097 εὐθύ.

134 2128 206 2179 ὅτι
231 2128 315 2192 μὲν
343 2128 436 2195 γὰρ
463 2130 670 2180 διαθέσει
696 2133 754 2197 τῇ
785 2129 1009 2197 νοουμένῃ
1036 2128 1156 2179 κατὰ
1192 2128 1278 2193 τὴν
1304 2130 1488 2179 τελείαν
1516 2127 1724 2194 ἀγάπην,
1745 2150 1766 2176 c

65 2231 113 2270 25
135 2212 251 2279 ὀρθῇ
282 2234 331 2262 τε
366 2213 441 2262 καὶ
476 2210 787 2281 ἀδιαστρόφῳ
819 2213 991 2274 πίστει,
1027 2211 1266 2280 φιλαρέτιρ
1302 2233 1351 2262 τε
1386 2214 1459 2261 καὶ
1496 2214 1735 2276 εἰλικρινεῖ

114 2297 360 2361 Ἰλογισμῷ
404 2292 727 2357 συνενούμεθα
772 2297 1097 2356 πνευματικῶς
1140 2297 1206 2362 τῶ
1253 2296 1470 2362 Χριστῷ,
1515 2293 1730 2356 οὐδαμῶς

134 2374 446 2443 ἐξαρνήσεται
481 2380 576 2425 τῶν
607 2377 716 2441 παρ’
745 2375 856 2439 ἡμῖν
890 2375 1141 2441 δογμάτων
1174 2376 1198 2425 ὁ
1234 2375 1398 2440 λόγος·
1443 2380 1731 2440 συνεροῦμεν

135 2456 229 2522 γὰρ
264 2456 334 2506 ὅτι
370 2456 426 2519 δὴ
461 2458 595 2519 μάλα
630 2457 769 2507 τοῦτό
806 2461 960 2524 φασιν
993 2458 1160 2523 ὀρθῶς·
1212 2457 1266 2508 τὸ
1305 2456 1359 2507 δέ
1391 2479 1445 2520 γε
1486 2460 1724 2521 καταθαρ-

136 2541 289 2601 σῆσαι
330 2538 487 2602 λέγειν
531 2541 593 2591 ὡς
638 2539 783 2591 οὐδεὶς
828 2539 939 2602 ἡμῖν
978 2538 1238 2605 συναφείας
1284 2541 1367 2601 τῆς
1411 2537 1531 2587 κατὰ
1571 2535 1731 2601 σάρκα

67 2643 116 2678 30
135 2619 254 2686 πρὸς
293 2619 436 2670 αὐτὸν
473 2621 497 2670 ὁ
536 2618 695 2684 λόγος,
725 2619 1001 2684 ὁλοκλήρως
1039 2622 1223 2687 ἀπᾷδον
1258 2625 1358 2673 ταῖς
1398 2618 1730 2671 θεοπνεύστοις

136 2706 345 2769 γραφαῖς
391 2701 694 2769 ἐπιδείξομεν.
761 2705 861 2754 πῶς
905 2700 999 2766 γὰρ
1043 2699 1104 2774 ἀν
1150 2701 1436 2767 ἀμφίλογον,
1481 2698 1510 2764 ἢ
1555 2699 1625 2754 τίς
1671 2698 1729 2750 ἂν

139 2783 264 2837 ὅλως
299 2782 536 2833 ἐνδοιάσαι
570 2782 684 2833 ποτὲ
719 2787 814 2833 τῶν
841 2783 890 2833 εὖ
926 2786 1116 2851 φρονεῖν
1143 2782 1388 2845 εἰωθότων,
1416 2783 1477 2835 ὡς
1514 2781 1728 2845 ἄμπελος

143 2952 174 2976 2.
201 2940 335 2987 ὥσπερ]
362 2945 396 2982 ἦ·
420 2941 473 2975 καὶ
493 2940 559 2975 Ed.
577 2940 696 2975 invitis
717 2941 796 2985 E.p‚
916 2952 949 2983 9,
975 2939 1088 2975 αὐτοῖς
1107 2939 1189 2983 (sic)
1207 2952 1241 2985 p⁷
1362 2950 1417 2984 3²·
1445 2939 1574 2975 ἐνδοίας
1592 2938 1672 2983 (Sic)
1693 2952 1726 2984 p.
