1971 3272
83 147 136 187 ix.
156 162 195 199 4.
337 148 406 187 IN
449 149 491 187 S.
526 148 860 188 JOANNEM.
930 148 1048 187 [2113.
1077 147 1149 186 Vl.
1213 146 1346 185 (ῙΛΙ).
1387 145 1415 183 Ι.
1589 143 1665 181 1513

84 255 169 321 τὴν
196 258 384 322 εὐτριβῆ
419 281 468 308 τε
504 261 578 308 καὶ
612 259 839 320 βάσιμον,
867 258 976 308 ὁδὸν
1008 257 1055 307 δὲ
1091 255 1252 321 ὥσπερ
1288 255 1373 317 τὴν
1405 255 1502 303 κατ’
1534 252 1666 301 οὐδὲν

85 340 239 392 αὐτοῖς
264 339 542 404 πρέπουσαν
569 340 681 391 ἱέναι
707 339 1063 406 θαρσήσαντας.
1104 340 1153 388 τί
1176 337 1267 403 γὰρ
1294 335 1479 401 ζητεῖτε,
1501 336 1665 402 φησὶν,

85 419 116 470 ἃ
146 425 423 471 σιωπᾶσθαι
459 421 638 484 καλόν,
687 424 735 473 τί
770 422 817 472 δὲ
857 422 911 472 τὸ
949 425 1015 490 τῷ
1053 423 1198 488 καιρῷ
1237 417 1415 484 πρέπον
1447 416 1662 485 ἀφέντες,

86 501 340 566 μανθάνειν
377 503 619 569 ἐπείγεσθε
658 503 718 555 τὰ
757 503 871 570 ὑπὲρ
911 502 1161 569 ἀνθρώπου
1201 500 1442 561 διάνοιαν;
1493 500 1547 548 οὐ
1585 501 1667 561 τῆς

44 597 66 636 5
87 584 160 635 ἐπὶ
186 584 367 638 τούτοις
393 585 590 652 ἐρεύνης,
618 587 729 636 ἀλλ’
759 586 911 652 ἔργου,
939 586 1075 653 φησὶ,
1096 587 1171 634 καὶ
1197 581 1429 633 συντόνου
1456 582 1668 643 σπουδῆς

86 668 112 717 ὁ
147 666 321 733 καιρός·
364 670 458 718 δεῖν
496 667 590 733 γὰρ
629 666 755 732 οἶμαι
793 672 984 730 μᾶλλον
1021 665 1081 717 τὰ
1119 667 1223 731 περὶ
1261 663 1440 715 τούτων
1477 662 1670 715 ἀνέντας

88 752 444 816 φιλοπευστεῖν,
470 750 716 818 ἐξανύσειν
741 750 1011 815 ἐπείγεσθαι
1036 747 1095 799 τὰ
1120 744 1515 813 προστεταγμένα
1540 743 1670 807 παρὰ

87 834 227 894 Θεοῦ,
255 833 331 882 καὶ
357 832 543 899 ἐπείπερ
578 834 697 901 ἡμᾶς
731 832 962 900 ἀνέδειξεν
986 831 1305 887 ἀποστόλους,
1333 827 1392 877 τὰ
1426 829 1509 890 τῆς
1543 828 1664 876 ἀπο·
1688 845 1710 870 e

87 915 268 977 στολῆς
302 913 417 980 ἔργα
449 919 680 982 πληροῦν.
734 912 900 965 ἑαυτὸν
926 911 973 963 δὲ
1006 916 1102 966 τοῖς
1132 909 1512 974 ἀπεσταλμένοις
1546 930 1664 958 συν-

20 1013 67 1039 10
87 995 367 1046 αναπλέκων
393 997 417 1047 ὁ
442 996 628 1064 Κύριος,
649 998 725 1047 καὶ
750 1001 845 1050 τοῖς
871 995 1150 1065 ὀφείλουσιν
1176 992 1457 1061 ἐργάζεσθαι
1481 990 1671 1054 τίθησιν

86 1076 299 1143 ἀριθμὸν,
327 1078 431 1146 οὐχὶ
467 1077 657 1133 πάντως
695 1081 758 1133 ὡς
795 1079 899 1142 μεθ’
929 1075 1128 1143 ήμῶν,ἢ
1169 1078 1230 1129 ὡς
1270 1073 1333 1128 εἷς
1371 1073 1428 1142 ἐξ
1457 1073 1590 1137 ἡμῶν
1618 1071 1675 1139 ἐξ

87 1157 294 1225 ἀνάγκης
333 1163 685 1227 δουλοπρεποῦς
723 1165 820 1214 τοῖς
858 1166 941 1211 τοῦ
980 1154 1363 1225 προστεταχότος
1404 1154 1671 1218 θελήμασιν

90 1241 391 1306 ὑποκείμενος
424 1242 484 1293 τὰ
518 1241 711 1295 τοιαῦτά
740 1247 908 1311 φησιν·
957 1240 1088 1292 ἀλλὰ
1122 1238 1323 1304 σύνηθές
1358 1261 1402 1288 τι
1435 1240 1502 1306 τῷ
1538 1235 1670 1304 λόγῳ

87 1325 163 1375 καὶ
188 1325 297 1390 παρ’
327 1325 436 1389 ἡμῖν
461 1324 764 1391 τετριμμένον
790 1327 957 1392 σχῆμα
983 1322 1260 1389 τετηρηκώς.
1309 1320 1556 1383 εἰθίσμεθα
1579 1316 1672 1383 γάρ

21 1420 67 1459 15
87 1429 201 1469 πως,
239 1406 356 1458 ἐπὰν
390 1406 608 1472 μάλιστα
645 1406 705 1458 τὰ
744 1413 826 1458 τοῦ
866 1407 1094 1471 πλήττειν
1131 1402 1239 1458 τοὺς
1283 1401 1604 1469 ἀκροωμένους
1649 1400 1674 1448 ὁ

88 1486 235 1554 λόγος
272 1487 338 1553 μὴ
377 1488 566 1558 ὑπάρχῃ
604 1488 795 1555 γυμνὸς,
834 1487 1023 1542 ἑαυτοὺς
1061 1487 1246 1540 ἐκείνοις
1284 1487 1472 1535 συνδεῖν
1510 1505 1560 1534 τε
1599 1484 1676 1533 καὶ

88 1571 429 1639 συνεισφέρειν,
457 1572 668 1638 καθάπερ
692 1572 774 1622 οὖν
800 1570 964 1634 ἀμέλει
996 1570 1071 1620 καὶ
1106 1570 1131 1620 ὁ
1166 1567 1449 1636 σοφώτατος
1478 1568 1676 1616 Παῦλος

94 1654 359 1719 Κορινθίοις
395 1658 709 1720 προσλαλῶν,
742 1656 804 1707 ὡς
842 1654 914 1722 ἐφ’
943 1655 1108 1704 ἑαυτοῦ
1145 1674 1195 1702 τε
1235 1652 1309 1701 καὶ
1335 1646 1588 1708 Ἀπολλὼ,
1619 1644 1673 1697 τὸ
1692 1668 1713 1692 a
1735 1659 1827 1693 600
1842 1657 1896 1691 A.

89 1740 358 1787 τελευταῖον
395 1735 649 1801 ἐπήνεγκεν
687 1742 713 1765 “
733 1739 899 1786 Ταῦτα
937 1733 998 1798 δὲ,
1032 1735 1246 1801 ἀδελφοὶ,
1282 1728 1674 1797 μετεσχημάτισα
1737 1736 1839 1810 &0012
1852 1735 1894 1766 iv.

21 1837 71 1863 20
90 1823 118 1846 ‘⁶
142 1821 204 1871 εἷς
240 1816 440 1882 ἐμαυτὸν
467 1820 542 1869 καὶ
566 1816 814 1880 Ἀπολλὼ,
841 1816 917 1867 ἵνα
950 1817 998 1867 ἐν
1024 1816 1134 1880 ἡμῖν
1159 1813 1337 1879 μάθητε
1369 1811 1424 1863 τὸ
1458 1811 1523 1876 μὴ
1562 1810 1675 1877 ὑπὲρ
1761 1804 1766 1810 ’

90 1904 120 1927 “
153 1896 171 1916 ⁶
146 1899 466 1966 αγέγραπται
493 1900 723 1969 φρονεῖνΫ
766 1898 843 1954 ἓως
869 1899 1026 1949 τοίνυν
1052 1895 1187 1966 ἥμερα
1212 1897 1317 1958 ἐστι,
1345 1896 1511 1962 φησιν,
1538 1894 1674 1963 ἐργα-

93 1980 276 2052 ζώμεθα
303 2005 361 2032 τοι
389 1982 497 2051 ἔργα
522 2006 592 2032 του
621 1977 939 2050 πεμψαντος
921 1997 1055 2048 ημοις·
1096 1979 1199 2047 ἥξει
1225 2000 1317 2044 γαρ
1345 1976 1464 2045 vufi‘
1446 1999 1510 2026 οτε
1545 1972 1677 2029 οὐὸεις

95 2062 373 2134 εργάσοισ-θοιι
420 2062 615 2115 δύναται.
683 2086 758 2113 και
803 2061 978 2128 ἡμέραν
1021 2060 1105 2126 μὲν
1149 2062 1197 2111 ἐν
1241 2059 1421 2112 τούτοις
1466 2057 1549 2108 τὸν
1593 2058 1676 2119 τῆς

93 2145 370 2209 ε’νσωμάτου
421 2145 536 2212 ζωῆς
588 2144 801 2211 ὀνομάζει
851 2143 1028 2211 καιρόν·
1097 2143 1241 2193 νύκτα
1292 2140 1346 2191 δέ
1390 2163 1445 2205 γε
1495 2138 1578 2189 τὸν
1628 2139 1677 2188 ἐν

24 2239 72 2278 25
94 2227 281 2299 θανάτῳ
320 2227 507 2296 χρόνον.
561 2226 716 2291 ἐπειδὴ
755 2226 848 2293 γὰρ
886 2225 1033 2292 ἡμέρα
1070 2230 1166 2278 τοῖς
1203 2223 1356 2290 ε’ργοις
1390 2245 1474 2286 μεν
1505 2222 1671 2271 ἀπενε-

91 2311 233 2407 μήθη,
262 2311 351 2380 νὺξ
387 2310 435 2361 δε
470 2311 612 2379 αργία
646 2333 721 2360 και
758 2332 902 2379 υπνω,
930 2307 1006 2358 διὰ
1040 2313 1179 2359 τοῦτο
1212 2306 1295 2357 τὸν
1325 2328 1409 2369 μεν
1441 2306 1524 2367 τῆς
1560 2302 1676 2368 ζωῆς

93 2392 266 2461 χρόνον
310 2394 417 2444 καθ’
468 2416 521 2443 ον
565 2390 842 2458 ἐργάζεσθαι
887 2392 959 2440 δεῖ
997 2413 1052 2440 το
1104 2387 1298 2455 ἀγαθον,
1342 2386 1517 2452 ἡμεραν
1561 2383 1681 2436 εἶναι’

94 2481 233 2544 φασι,
268 2475 413 2526 νύκτα
451 2473 499 2525 δε
537 2474 619 2524 τὸν
653 2475 701 2524 ἐν
739 2476 797 2541 τῇ
836 2471 1051 2536 κοιμήσει
1090 2494 1264 2537 καιρον,
1304 2470 1408 2520 καθ’
1452 2467 1505 2518 ὀν
1544 2466 1675 2519 ουδεν
1693 2477 1719 2517 b

95 2558 226 2609 ἔστιν
264 2555 566 2624 ἐργάσασθαι
603 2559 866 2608 παντελῶς·
909 2554 1019 2604 “Ὀ
1056 2551 1149 2619 γὰρ
1190 2551 1441 2603 ἀποθανὼν
1477 2549 1672 2600 δεδικαί-
1738 2546 1832 2629 {Om-
1848 2547 1890 2577 vi.

146 2736 176 2760 1.
202 2725 353 2768 Βάσιμον
371 2723 412 2757 Β.
434 2723 553 2757 HOlSt.
572 2723 742 2766 στάσιμον
763 2721 854 2755 Aub.
984 2731 1015 2753 2.
1042 2710 1278 2762 θαρσήσαντῖξ
1298 2717 1338 2751 Β.
1358 2716 1594 2760 θαρσήσαντες
1612 2715 1679 2749 Ed.

98 2774 203 2818 3.τῴ
223 2774 448 2815 assumptum
466 2782 506 2804 ex
528 2769 570 2803 B.
679 2737 739 2802 μ.6
766 2768 835 2801 δεῖν
854 2766 897 2801 Β.
916 2767 966 2800 δεῖ
985 2766 1047 2799 Ht.
1068 2765 1135 2799 Ed.
1268 2774 1298 2810 7.
1268 2762 1482 2810 7ἐξανὺσιν
1501 2762 1543 2795 Β.
1563 2762 1678 2806 ἐξανύ-

99 2833 174 2853 σειν
186 2808 389 2852 emendavit
409 2816 472 2850 Ht.
491 2815 642 2859 ἐξανυειν
660 2814 728 2848 Ed.
892 2823 945 2855 15.
972 2813 1012 2846 τὰ
1031 2812 1135 2845 habet
1154 2811 1196 2845 Β.
1357 2810 1481 2843 18-20.
1507 2810 1545 2842 τὸ
1564 2811 1679 2842 τελευ-

97 2878 237 2899 ταιον-
239 2865 401 2899 Ἀπολλὼ
419 2868 602 2907 assumpta
619 2874 659 2895 ex
680 2861 709 2894 B
728 2872 800 2904 mg.
911 2870 964 2893 20.
991 2859 1121 2903 ἐμαυτῷ
1142 2857 1221 2899 (sic)
1243 2856 1286 2890 B.
1384 2867 1437 2900 23.
1466 2856 1680 2901 ἐργάσασθαι

100 2911 142 2946 Β.
163 2912 226 2945 Ht.
246 2910 447 2957 ἐργάζεσθαι
466 2909 560 2943 Aub.
690 2919 745 2952 27,
772 2906 974 2952 ἐργάζεσθαι
992 2906 1042 2938 δεῖ
1059 2905 1125 2938 hoc
1143 2904 1265 2937 ordine
1285 2903 1326 2937 B.
1345 2903 1547 2948 ἐργάζεσθαι
1565 2902 1629 2947 χρὴ
1649 2914 1680 2934 a

101 2957 225 2992 Statim
243 2958 391 3003 τάγαθὸν
408 2969 438 2991 a.

157 3025 248 3053 VOL.
271 3026 319 3053 11.
879 3022 906 3048 X
