2001 3231
301 91 357 130 32
707 92 757 134 B.
790 93 1066 135 CYRILLI
1109 95 1492 136 ALEXANDR.
1722 92 1808 135 viii.
1829 91 1895 135 28.

303 203 398 250 τῶν
431 200 734 254 ἐνοικούντων
768 203 916 268 αὐτὴν
947 205 1056 258 τούς
1094 227 1144 256 τε
1184 202 1669 274 ἐξανδραποδισμοῦς,
1700 204 1776 254 καὶ
1810 201 1897 265 τὴν

263 301 287 330 e
304 281 554 347 ὠμοτάτην
580 283 797 353 σφαγὴν,
825 287 902 336 καὶ
928 285 1036 340 τοῦς
1062 288 1111 337 ἐν
1137 286 1319 355 ἑκάστῃ
1355 285 1495 338 πόλει
1530 283 1711 349 λιμοὺς,
1738 283 1821 338 τάς
1847 306 1897 335 τε

302 365 351 414 ἐν
378 365 537 419 αὐταῖς
564 369 892 436 τεκνοφαγίας,
919 371 1103 434 ἱστορεῖ
1123 371 1200 420 καὶ
1227 369 1461 434 Ἰώσηπος
1488 370 1536 419 ἐν
1561 369 1740 421 οἶκείοις
1770 389 1893 431 συγ-

301 447 572 512 γράμμασι.
627 449 728 500 ’ότοιν
760 450 856 510 οῦν,
886 452 1022 518 φησὶ,
1050 455 1245 521 σταυρῷ
1282 450 1572 518 παραδόντες
1611 451 1678 501 τὶν
1712 449 1792 500 υἱὶν
1823 449 1896 498 τοῦ

302 528 522 599 ἀνθρώπου
559 529 646 594 τὴν
684 532 967 599 ἀντίῤῥοπον
1005 533 1282 597 ὑπομείνητε
1322 533 1546 595 κόλασιν,
1585 534 1660 583 καὶ
1699 535 1794 581 τῶν
1832 533 1937 585 εἷςό

302 610 382 674 ἐμὲ
407 612 729 676 τολμημάτων
756 613 1083 677 ἱσοστάθμους
1118 616 1421 679 ἀντεκτίσητε
1458 616 1606 677 δίκας,
1636 614 1728 665 τότε
1753 613 1890 663 κλαί-

303 716 433 747 οντες
458 694 677 760 γνῶσεσθε
704 694 764 746 ’ὅτι
793 696 884 761 ἐγώ
911 701 999 765 εἰμι
1037 697 1062 747 ὁ
1096 696 1254 748 πάντα
1281 696 1474 765 ἰσχύων,
1504 695 1724 761 δηλονότι
1753 694 1889 749 Θεός.

303 779 341 826 εἰ
373 774 466 842 γὰρ
498 778 753 843 στρουθίον
780 777 828 828 ἓν
855 780 978 829 ἀθεεὶ
1012 777 1132 844 πρὸς
1166 779 1345 845 παγίδα
1377 785 1460 830 τοῦ
1498 778 1774 844 θηρεύοντος
1813 777 1896 828 οὐκ

303 858 594 922 εἷσβήσεται,
622 864 723 913 πῶς
751 860 795 909 δ’
827 858 884 910 ἂν
912 859 1003 924 ὅλη
1030 860 1178 928 χώρα,
1206 863 1343 929 φησὶ,
1371 862 1446 912 καὶ
1474 861 1605 915 ε”θνος
1631 859 1685 911 τὸ
1710 861 1897 925 ἠγαπη-

301 940 458 1003 μένον,
508 940 628 1007 πρὸς
679 940 881 1007 ὄλεθρον
930 943 1077 996 οὕτως
1128 946 1357 1004 βαδιεῖται
1407 946 1633 1006 παντελῆ,
1677 941 1741 1006 μὴ
1793 942 1896 1009 οὐχὶ
1919 963 1966 988 10

301 1021 491 1076 πάντως
536 1028 677 1073 τοῦτο
723 1023 945 1089 γενέσθαι
993 1024 1371 1078 κατανεύσαντος
1416 1030 1499 1076 τοῦ
1543 1025 1735 1076 πάντων
1779 1046 1893 1090 κρα-

257 1109 494 1158 (Ιτοῦντος
522 1109 678 1168 Θεοῦ,
722 1105 867 1157 κακὸν
894 1107 975 1157 οῦν
1001 1107 1092 1173 ἄρα
1128 1109 1202 1158 καὶ
1237 1106 1487 1158 πάνδεινον
1518 1107 1546 1171 ἡ
1583 1110 1709 1157 Θεοῦ
1745 1129 1890 1156 κατα-

303 1186 538 1256 φρόνησις
590 1191 652 1241 eis
703 1188 848 1252 πέρας
899 1188 1089 1255 ἄγουσα
1137 1193 1233 1240 τῶν
1284 1189 1543 1240 ἀπεύκτων.
1623 1188 1693 1239 διὸ
1744 1189 1819 1239 καὶ
1871 1189 1896 1239 ὁ

79 1260 176 1344 ξος·
196 1260 231 1291 ii.
304 1268 502 1323 Παῦλός
543 1291 672 1321 τισιν
713 1270 988 1334 ἐπιπλήττει
1032 1271 1189 1337 λε’γων
1228 1273 1290 1325 ὡς
1334 1273 1440 1337 περὶ
1485 1275 1610 1322 Θεοῦ
1650 1268 1766 1321 “*H
1812 1275 1897 1321 τοῦ

303 1357 331 1380 “
355 1352 569 1403 πλούτου
607 1355 690 1417 τῆς
725 1351 1052 1420 χρηστότητος
1087 1354 1229 1404 αὐτοῦ
1260 1356 1336 1404 καὶ
1372 1356 1454 1417 τῆς
1493 1356 1665 1421 ἀνοχῆς
1701 1355 1775 1404 καὶ
1814 1354 1896 1416 τῆς
1919 1370 1967 1410 15

303 1440 330 1463 ‘⁶
358 1435 679 1501 μακροθυμίας
720 1436 863 1486 αὐτοῦ
902 1439 1225 1504 καταφρονεῖς,
1259 1438 1445 1502 ἀγνοῶν
1482 1435 1551 1486 ὅτι
1589 1434 1644 1486 τὸ
1682 1433 1897 1502 χρηστὸν

304 1522 331 1545 “
359 1522 441 1567 τοῦ
469 1521 593 1568 Θεοῦ
626 1521 689 1571 εἷς
724 1516 976 1581 μετάνοιάν
1001 1541 1059 1569 σε
1093 1518 1211 1583 ἄγει,
1239 1517 1359 1568 κατὰ
1395 1517 1443 1569 δὲ
1477 1517 1563 1582 τὴν
1588 1514 1900 1582 σκληρότητά

305 1605 332 1628 “
358 1621 450 1649 σου
485 1601 561 1650 καὶ
598 1599 916 1664 ἀμετανόητον
953 1601 1164 1668 καρδίαν,
1192 1599 1487 1668 θησαυρίζεις
1526 1603 1712 1669 σεαυτῷ
1751 1597 1899 1666 ὀργὴν

304 1687 331 1710 “
357 1682 406 1732 ἐν
432 1681 581 1750 ἡμέρᾳ
607 1683 797 1749 ὀργῆς.”

857 1834 1040 1863 ΑΛΛΩΣ
1082 1834 1146 1863 ΤΟ
1190 1834 1345 1864 ΛΥΤΟ.
1918 1841 1968 1868 20

384 1937 612 2006 Μακροῦς
663 1938 899 1990 διετέλεσε
948 1939 1148 2008 χρόνους
1197 1945 1294 1995 τοῖς
1336 1939 1577 1994 Ἰουδαίοις
1620 1938 1899 1990 συνδιαιτώ-

305 2045 444 2085 μενος
474 2023 498 2072 ὁ
527 2021 754 2089 Χριστὸς,
782 2024 858 2072 καὶ
895 2022 1014 2073 κατὰ
1046 2027 1225 2085 πᾶσαν,
1253 2025 1315 2077 ὡς
1346 2022 1455 2076 ε”πος
1486 2026 1641 2084 εἰπεῖν,
1668 2045 1893 2087 συναγω-

305 2103 397 2169 γὴν
422 2109 736 2170 προσλαλῶν,
764 2107 840 2155 καὶ
876 2106 925 2156 ἐν
956 2107 1098 2156 παντὶ
1133 2106 1373 2174 σαββάτῳ
1408 2105 1894 2171 προσδιαλεγόμενος,

306 2187 382 2236 καὶ
420 2187 617 2250 μάθημα
656 2185 894 2240 πολλάκις
933 2188 1090 2241 αὐτοῖς
1128 2187 1349 2256 ἀφθόνως
1389 2190 1613 2253 παραθεὶς
1654 2186 1708 2237 τὸ
1754 2194 1896 2238 λυσι-

306 2273 492 2328 τελοῦν,
533 2267 689 2319 ἐκάλει
729 2273 919 2335 συχνῶς
957 2267 1076 2335 πρὸς
1115 2268 1197 2320 τὸν
1237 2269 1313 2319 διὰ
1354 2275 1436 2320 τοῦ
1478 2269 1753 2331 Πνεύματος
1796 2273 1895 2337 φω-
1917 2286 1965 2325 25

306 2349 496 2414 τισμόν·
562 2354 637 2402 καὶ
683 2348 740 2414 δὴ
789 2353 865 2401 καὶ
909 2351 1132 2419 ἔφασκεν,
1173 2349 1253 2402 ἅτε
1296 2350 1352 2416 δὴ
1394 2357 1470 2402 καὶ
1510 2351 1631 2404 Θεὸς
1673 2351 1897 2418 ὑπάρχων

84 2451 164 2510 518
179 2449 233 2484 A.
265 2458 288 2483 a
308 2432 427 2484 κατὰ
454 2434 604 2502 φύσιν
630 2435 704 2484 καὶ
731 2432 956 2498 ἀληθινός
983 2440 1010 2463 “
1029 2434 1159 2500 Ἐγώ
1197 2438 1287 2497 εἶμι
1322 2432 1376 2485 τὸ
1412 2439 1514 2502 φῶς
1549 2439 1632 2485 τοῦ
1664 2432 1894 2497 κόσμου·”

82 2500 215 2574 ἓζῙΙἙΪῖζ,
306 2515 628 2582 ἀντέπραττον
667 2515 715 2566 δὲ
759 2521 908 2566 ταῦτα
951 2516 1140 2582 λε’γοντι
1183 2520 1468 2584 φρονοῦντες
1512 2516 1898 2582 παραλογώτατα

83 2609 201 2650 Ilo-13·
307 2604 334 2626 “
363 2597 432 2648 Σὺ
467 2596 573 2665 γὰρ,
603 2599 744 2668 φησὶ,
773 2599 880 2663 περὶ
917 2603 1122 2649 σεαυτοῦ
1156 2602 1421 2665 μαρτυρεῖς·
1470 2599 1497 2662 ἡ
1535 2598 1767 2665 μαρτυρία
1804 2621 1897 2649 σου

787 2679 799 2695 Ι
848 2680 872 2696 9)

307 2686 335 2709 “
361 2680 444 2731 οὑκ
482 2680 614 2731 ἔστιν
644 2681 842 2744 ἀληθης.
928 2682 1004 2731 καὶ
1042 2681 1096 2731 οὐ
1133 2680 1270 2748 μέχρι
1305 2684 1400 2731 τῶν
1437 2682 1485 2731 ἐν
1519 2680 1729 2748 ῥήμασιν
1762 2681 1891 2731 ἀντι·
1915 2693 1965 2730 30

354 2824 387 2857 3.
413 2813 525 2849 αὐτοῖς
544 2815 679 2859 Migne.
772 2815 1011 2861 τεκνοφαγίαις
1030 2815 1072 2850 B.
1091 2815 1290 2850 emendavit
1310 2815 1428 2849 Holst.
1611 2814 1644 2849 6.
1672 2814 1846 2849 κλαίοντες
1865 2813 1895 2847 Β

309 2858 482 2904 [κλέοντες
501 2860 620 2906 Cod.].
639 2873 669 2896 a.
685 2862 874 2902 βλέποντες
894 2863 957 2897 Ht.
979 2862 1045 2896 Ed.
1159 2863 1192 2897 8.
1219 2862 1311 2897 ἀθεεὶ
1332 2861 1372 2896 Β.
1391 2862 1477 2896 ὠθὲν
1495 2861 1559 2896 Ht.
1575 2860 1642 2896 Ed.
1756 2871 1810 2906 13.
1835 2860 1896 2896 πέ-

307 2905 386 2952 ρας]
410 2911 446 2947 -1-
470 2909 557 2941 Θεοῦ
578 2907 618 2942 B.
766 2921 818 2952 14.
846 2910 890 2945 ὡς
906 2910 983 2954 περὶ
1004 2911 1092 2943 Θεοῦ
1109 2920 1179 2944 om.
1197 2909 1291 2944 Aub.
