2037 3266
120 400 204 442 Eph.
218 401 262 432 iv.

123 498 135 518 1
156 489 230 519 Cor.
250 499 281 518 x.

123 539 171 571 17,
188 531 228 562 cf.

119 575 216 606 Rom.

120 618 175 648 xii.
188 626 216 657 5.

341 134 424 175 698
744 138 792 178 Β.
828 139 1102 180 CYRILLI
1145 141 1527 181 ALEXANDR.
1656 138 1754 179 xvii.
1780 149 1841 186 12,
1862 148 1924 188 ‘1:3-

342 249 369 271 ⁶‘
394 243 712 296 πιστευόντων
737 245 794 311 ἦν
828 248 855 310 ἡ
887 249 1056 314 ,καρδία
1096 253 1169 299 καὶ
1205 250 1232 312 ἡ
1263 249 1398 316 ψυχὴ
1425 249 1546 312 μία,”
1581 249 1628 298 ἐν
1653 247 1818 298 ἑνώσει
1846 248 1930 308 δη-

343 323 503 375 λονότι
532 330 590 393 τῇ
616 333 698 378 τοῦ
727 328 1017 392 Πνεύματος.
1073 337 1211 381 τοῦτο
1244 330 1337 396 γάρ
1362 332 1464 381 ἐστι
1497 332 1571 380 καὶ
1609 329 1663 379 τὸ
1700 329 1753 379 δι’
1783 329 1926 378 αὐτοῦ

343 404 491 456 πάλιν
528 409 768 474 εἰρημένον
802 417 884 461 τοῦ
926 411 1127 462 Παύλου
1160 409 1289 462 ((ὀΕν
1327 417 1470 475 σῶμα
1502 414 1578 462 καὶ
1613 410 1661 462 ἓν
1695 410 1924 472 πνεῦμα·”

344 493 372 516 “
398 485 447 537 ἓν
472 488 566 555 γὰρ
592 495 735 553 σῶμα
774 495 815 542 οἱ
846 492 1030 543 πολλοί
1063 494 1208 556 ἐσμεν
1238 495 1285 544 ἐν
1311 497 1526 562 Χριστῷ,
1553 496 1596 544 οἱ
1631 491 1725 558 γὰρ
1755 491 1927 544 πάντες

345 576 373 599 “
397 570 447 620 ἐκ
484 577 567 622 τοῦ
606 571 706 626 ἑνὸς
741 573 884 639 ἄρτου
914 574 1209 640 μετε’χομεν,”
1238 577 1313 625 καὶ
1333 575 1504 629 πάντες
1531 576 1580 626 ἐν
1605 575 1670 625 ἑνὶ
1697 574 1927 641 διακεχρί-
1947 586 1969 623 5

343 656 501 715 σμεθα
530 653 772 715 Πνεύματι
803 660 870 724 τῷ
904 661 986 706 τοῦ
1012 660 1245 722 Χριστοῦ.
1291 659 1354 710 ὡς
1393 658 1474 708 οῦν
1512 656 1763 720 ἐσομένους
1798 678 1924 706 συσ-

343 733 547 796 σώμους,
584 734 685 789 ἑνός
724 759 773 787 τε
813 740 887 787 καὶ
926 743 1009 788 τοῦ
1045 739 1187 789 αὐτοῦ
1225 738 1608 808 συμμεθέξοντας
1636 737 1926 801 Πνεύματος,

342 819 404 869 εἷς
439 816 633 881 ἑνότητα
668 818 934 880 πνεύματος
972 817 1058 882 τὴν
1095 820 1353 884 οὐδαμόθεν
1385 821 1718 884 διασπωμένην
1753 822 1826 870 καὶ
1866 823 1927 873 εἷς

297 900 323 940 d
342 895 564 959 ὁμόνοιαν
584 900 766 965 ἀῤῥαγῆ
795 902 1114 966 διατηρεῖσθαι
1136 900 1359 961 βούλεται
1379 902 1484 956 τοῦς
1506 903 1670 953 ἑαυτοῦ
1695 899 1923 965 μαθητάς.

341 983 377 1029 εἰ
417 979 472 1029 δέ
502 1003 569 1033 τις
608 981 708 1045 δοιή
748 982 824 1032 καὶ
863 983 961 1032 κατ’
1004 984 1175 1033 ἐκεῖνον
1217 982 1302 1046 τὴν
1342 984 1517 1049 τρόπον
1555 985 1776 1035 ἑνοῦσθαι
1820 982 1926 1036 τοὺς
1951 1002 1999 1027 10

340 1060 568 1124 μαθητὰς,
633 1062 796 1128 ὥσπερ
837 1064 918 1114 οὖν
956 1064 993 1115 ἐν
1032 1068 1151 1115 εἰσιν
1191 1066 1216 1115 ὁ
1255 1065 1424 1131 Πατὴρ
1475 1068 1550 1116 καὶ
1590 1066 1614 1116 ὁ
1654 1066 1781 1127 Υἱὸς,
1823 1066 1926 1132 οὐχὶ

340 1141 485 1205 μόνον
511 1143 630 1194 κατὰ
668 1143 754 1208 τὴν
792 1146 973 1208 οὐσίαν,
1002 1145 1134 1196 ἀλλὰ
1160 1149 1235 1197 καὶ
1275 1146 1394 1197 κατὰ
1427 1147 1513 1211 τὴν
1539 1148 1793 1211 βούλησιν·
1846 1147 1930 1210 μία

341 1224 434 1290 γὰρ
462 1224 658 1289 θέλησις
684 1228 732 1277 ἐν
758 1230 815 1294 τῇ
843 1228 954 1296 ἁγίᾳ
976 1228 1132 1296 φύσει,
1158 1231 1231 1278 καὶ
1251 1229 1305 1279 τὸ
1325 1233 1386 1282 εἰς
1412 1235 1507 1280 πᾶν
1534 1232 1688 1279 ὁτιοῦν
1706 1229 1930 1292 βούλημα

342 1306 530 1357 ταύτόν·
588 1308 749 1359 νοείτω
775 1311 850 1359 καὶ
887 1310 1049 1362 οὕτως.
1105 1311 1158 1360 οὐ
1195 1309 1287 1376 γὰρ
1320 1311 1410 1379 ἔξω
1438 1315 1663 1371 βαδιεῖται
1691 1315 1929 1376 λογισμοῦ

342 1394 428 1440 τοῦ
466 1388 767 1454 καθήκοντος,
795 1392 961 1442 ἐπείτοι
996 1393 1072 1442 καὶ
1099 1391 1153 1443 τὸ
1179 1395 1228 1443 ἐν
1263 1392 1456 1457 θελήσει
1487 1393 1657 1444 ταύτὸν
1693 1392 1928 1458 θεωρήσαι
1952 1406 1998 1443 15

343 1493 412 1524 τις
453 1469 510 1522 ἂν
548 1472 679 1538 παρά
716 1496 772 1538 γε
809 1479 904 1527 τοῖς
943 1473 1088 1528 ὅντως
1116 1478 1433 1541 Χριστιανοῖς,
1466 1480 1503 1526 εὶ
1541 1478 1615 1526 καὶ
1654 1474 1718 1539 μὴ
1755 1476 1803 1525 ἐν
1837 1474 1929 1543 ἰ’σῳ

343 1552 475 1622 τύπῳ
514 1552 568 1604 τὸ
603 1555 857 1617 ὁμοούσιον
891 1557 962 1625 ἐφ’
991 1556 1113 1619 ἡμῖν,
1152 1556 1362 1623 καθάπερ
1401 1559 1474 1609 ἐπὶ
1503 1556 1692 1623 Πατρὸς
1731 1558 1806 1607 καὶ
1846 1562 1929 1607 τοῦ

343 1635 400 1704 ἐξ
423 1636 566 1686 αὐτοῦ
591 1659 639 1686 τε
670 1638 745 1687 καὶ
771 1639 818 1687 ἐν
846 1638 971 1706 αὐτῷ
998 1642 1123 1689 Θεοῦ
1151 1637 1324 1705 Λόγου.

280 1779 441 1825 η”Οτε
485 1780 596 1830 ἐέμΗν
644 1782 733 1830 μετ’
785 1784 941 1834 αὐτῶν,
990 1785 1077 1832 &seb
1126 1786 1307 1839 ἐτήρουν
1357 1785 1510 1827 αὐτούς
1551 1786 1595 1827 ἐν
1639 1788 1700 1839 τῷ
1748 1784 1929 1833 ὀνόματί

411 1878 485 1904 σου
534 1862 571 1918 ᾦ
613 1864 809 1908 δέδωκας
857 1883 941 1918 μοι,
993 1867 1059 1908 καὶ
1111 1869 1308 1924 ἐφύλαξα
1358 1869 1526 1919 αὐτοὺς,
1571 1869 1639 1909 καὶ
1688 1867 1828 1910 οὐδεὶς
1879 1869 1924 1911 ἐξ
1952 1880 2001 1904 20

410 1946 552 1988 αὐτῶν
592 1947 809 2001 ἀπώλετο,
851 1948 886 1991 εἰ
927 1952 982 1999 μὴ
1023 1952 1045 1993 ὁ
1087 1950 1175 1994 υἱὸς
1219 1954 1295 1994 τῆς
1339 1950 1573 2003 ἀπωλείας,
1608 1951 1676 1993 ἵνα
1714 1952 1737 1991 ἡ
1782 1952 1925 2009 Γραφιέι

279 2051 324 2087 13
411 2035 638 2089 ΠλΗρωθῷ·
689 2036 760 2073 νῦν
799 2032 844 2074 δὲ
886 2035 993 2090 Πρός
1032 2050 1078 2075 σε
1115 2035 1307 2091 ἔρχομαι.

125 2155 211 2190 973
225 2154 278 2191 A.

305 2164 327 2188 a
421 2136 625 2204 Πρόεισί
663 2163 763 2194 πως
808 2141 927 2192 κατὰ
970 2142 1127 2209 βραχὺ
1165 2142 1283 2208 πρὸς
1321 2142 1675 2210 ἐμφανεστέραν
1717 2142 1931 2206 δήλωσιν

344 2224 428 2270 τοῦ
451 2223 670 2287 Σωτῆρος
702 2223 730 2271 ὁ
766 2221 924 2288 λόγος,
953 2225 1320 2288 διεσκιασμένως
1355 2224 1403 2275 δὲ
1430 2228 1490 2278 ὡς
1518 2227 1565 2274 ἐν
1591 2226 1770 2291 ἀρχαῖς,
1798 2226 1930 2289 διαγ-

345 2300 569 2366 γέλλεται
614 2302 703 2366 ἤδη
749 2306 824 2354 καὶ
862 2306 1215 2368 ἐκκαλύπτεται,
1256 2305 1468 2371 καθάπερ
1512 2307 1562 2356 ἐκ
1601 2309 1826 2373 χειμῶνος
1868 2309 1930 2359 εἰς
1953 2324 2001 2362 25

345 2382 500 2433 εὐδίαν
524 2385 823 2446 μεταβαλών·
866 2385 1016 2455 ᾤοντο
1042 2385 1127 2449 μὲν
1152 2386 1245 2454 γὰρ
1272 2391 1314 2438 οἱ
1339 2386 1557 2452 μακάριοι
1583 2389 1787 2451 μαθηταὶ
1812 2386 1930 2453 πρὸς

345 2467 534 2529 πολλῆς
569 2466 724 2520 αὐτοῖς
750 2466 947 2518 ε”σεσθαι
982 2466 1144 2534 ζημίας
1179 2475 1261 2520 τοῦ
1289 2472 1508 2534 Σωτῆρος
1541 2469 1673 2532 ἡμῶν
1703 2467 1787 2532 τὴν
1814 2467 1932 2519 ἀπό-

346 2549 523 2615 λειψιν,
551 2550 698 2611 δῆλον
724 2547 772 2599 δὲ
808 2548 878 2599 ὅτι
913 2549 998 2613 τὴν
1029 2550 1147 2613 μετὰ
1186 2550 1366 2617 σαρκὸς
1403 2551 1672 2614 νοουμένην·
1721 2556 1929 2601 συνεῖναι

348 2626 442 2693 γὰρ
468 2630 530 2682 ὡς
558 2629 680 2683 Θεὸς
712 2629 881 2697 οἷσπερ
908 2631 966 2682 ἂν
991 2632 1223 2696 βούληται
1254 2631 1309 2684 τὸ
1345 2632 1528 2684 κωλύον
1555 2631 1703 2682 οὐδέν·
1755 2655 1932 2699 προσε-

348 2707 500 2760 δόκων
526 2710 574 2762 δὲ
610 2711 680 2762 ὅτι
708 2713 936 2764 διασώσει
972 2712 1058 2775 μὲν
1085 2713 1250 2768 αὐτοὺς
1289 2716 1448 2776 οὐδεὶς,
1476 2714 1831 2782 ἀναληφθέντος
1869 2718 1930 2768 εἰς
1952 2736 2002 2772 30

305 2793 332 2834 b
350 2790 549 2857 οὐρανὸν
574 2799 657 2844 τοῦ
683 2797 911 2860 Χριστοῦ,
939 2795 1267 2860 προκείσονται
1301 2796 1347 2846 δὲ
1383 2800 1477 2850 τοῖς
1501 2794 1719 2846 ἐθέλουσι
1745 2801 1930 2859 κακοῦν,

402 2905 454 2928 11.
480 2896 498 2928 ὁ
515 2896 574 2929 alt.
593 2903 813 2941 assumptum
832 2909 872 2931 ex
893 2897 932 2931 E.
1153 2911 1203 2944 19.
1230 2899 1349 2934 αὐτοὺς
1365 2911 1435 2933 om.
1456 2899 1495 2933 E.
1704 2911 1758 2941 24.
1784 2900 1932 2934 διεσκια-

348 2942 467 2983 σμένοι
490 2941 531 2975 Ε.
724 2954 778 2989 27.
804 2944 983 2989 ἀπόληψιν
1003 2944 1042 2978 Ε.
1233 2957 1286 2990 29.
1314 2946 1390 2979 θεὸν
1410 2946 1448 2979 E.
