2037 3266
322 132 403 172 710
714 133 763 172 B.
799 131 1075 174 CYRILLI
1116 132 1502 173 ALEXANDR.
1634 130 1731 171 xvii.
1757 139 1902 181 14‚15.

99 242 230 327 &ML
320 243 396 291 καὶ
435 244 653 307 Χριστοῦ
699 248 725 270 “
745 242 820 292 Δι’
862 241 916 292 οῦ
961 242 1061 306 ἐμοὶ
1105 239 1284 304 κόσμος
1328 239 1618 306 ἐσταύρωται
1665 238 1796 304 κάγὼ
1840 242 1907 307 τῷ

321 328 349 352 “
375 321 591 392 κόσμῳ,”
635 321 997 389 προσεπιτοῖττει
1047 321 1196 389 γεμὴν
1240 324 1316 373 καὶ
1366 320 1555 388 ἑτέρωθί
1606 344 1699 373 που
1751 320 1907 384 λέγων

104 406 261 437 100r.xi.
323 411 350 435 ‘⁶
379 405 601 468 Μιμηταί
645 428 736 469 μου
773 405 978 472 γίνεσθε,
1017 404 1171 458 καθὼς
1211 402 1341 470 κάγὼ
1379 404 1639 470 Χριστοῦ.”
1704 404 1908 465 ἐμιμεῖτο

323 486 371 538 δὲ
411 488 435 537 ὁ
472 490 670 541 Παῦλος
712 485 795 538 τὸν
840 485 1016 553 Κύριον
1058 487 1191 549 ἡμῶν
1232 487 1420 550 Ἰησοῦν
1461 484 1544 536 τὸν
1583 482 1813 551 Χριστὸν,
1854 484 1908 533 οὐ

322 567 530 635 καθόπερ
574 569 676 619 ἐστὶ
718 567 997 634 δημιουργὸς
1039 570 1115 619 καὶ
1154 572 1249 618 τῶν
1294 567 1421 619 ὅλων
1469 567 1657 633 Κύριος·
1717 566 1771 616 οὐ
1814 564 1950 631 γάρ5

102 648 264 732 ggfgpra
322 650 442 717 πρὸς
485 655 582 704 τοῖς
621 651 709 715 ἤδη
750 650 1002 716 γεγονόσιν
1046 650 1227 715 ἑτέρους
1270 649 1379 714 ἡμῖν
1424 649 1628 713 ε”στησεν
1672 646 1908 713 οὐρανοὺς,

286 749 307 776 C
324 734 434 783 ἀλλ’
463 731 565 783 οὐδὲ
598 731 856 785 θαλάσσας
882 729 910 796 ἢ
937 734 1028 797 γῆν
1051 731 1259 800 ἀνέδειξε
1289 751 1420 783 ποτε·
1469 733 1672 794 ἐμιμεῖτο
1698 728 1746 782 δὲ
1772 735 1904 793 πῶς;

323 813 352 878 ἢ
380 816 527 878 δῆλον
553 813 623 864 ὅτι
648 817 731 877 τῆς
762 814 1100 880 ἐπιδειχθείσης
1126 813 1236 877 ἡμῖν
1260 815 1368 880 παρ’
1397 814 1538 864 αὐτοῦ
1563 814 1801 867 πολιτείας
1827 811 1910 864 τὸν

323 894 621 964 άξιάγαστον
651 895 799 947 τύπον
832 897 880 946 ἐν
913 896 1042 949 ἰδίοις
1080 894 1382 946 διαπλάττων
1420 895 1561 960 ἤθεσί
1593 918 1643 946 τε
1682 898 1757 946 καὶ
1795 894 1904 962 τρό-

322 1001 440 1040 ποις,
487 976 697 1028 καθόσον
747 976 804 1041 ἧν
855 977 1102 1046 ἐφικέσθαι
1152 976 1299 1041 θέμις·
1369 978 1439 1032 τίς
1489 976 1582 1044 γὰρ
1627 976 1683 1028 ἂν
1723 978 1772 1028 ἐν
1817 977 1908 1047 ’ίσῳ
1932 1001 1980 1027 10
2036 976 2037 1008 ³

322 1059 504 1126 γε’νοιτο
541 1061 607 1129 τῷ
645 1062 875 1128 Χριστῲς

395 1142 543 1204 Ἡμῖν
580 1146 829 1207 τοιγαροῦν
867 1139 1031 1191 ἑαυτὸν
1060 1140 1356 1209 παραζεύξας
1395 1140 1470 1191 διὰ
1507 1140 1562 1192 τὸ
1601 1141 1909 1208 ἀνθρώπινον,

320 1227 511 1287 μᾶλλον
551 1222 599 1274 δὲ
638 1222 752 1289 ὅπερ
791 1224 922 1274 ἐστὶν
960 1222 1146 1287 ἀληθὲς,
1185 1225 1247 1276 ὡς
1283 1225 1360 1273 καὶ
1395 1227 1458 1276 εἷς
1497 1228 1636 1274 τοῦτο
1674 1223 1911 1292 κατάρξας

254 1300 261 1307 '
322 1305 431 1369 ἡμῖν
456 1304 510 1356 τὸ
534 1305 726 1371 ἀγαθὸν,
753 1303 807 1355 τὸ
835 1306 1030 1368 ἐκβῆναί
1053 1310 1175 1373 φημι
1206 1304 1289 1356 τὸν
1317 1304 1514 1368 κόσμον,
1542 1304 1617 1356 διὰ
1647 1308 1730 1369 τῆς
1765 1307 1904 1372 ὑπερ-

322 1387 521 1450 κοσμίου
555 1386 684 1452 ζωῆς·
736 1387 833 1438 ἄνω
867 1386 960 1453 γὰρ
998 1387 1183 1451 κόσμου
1214 1388 1242 1452 ἡ
1270 1386 1552 1453 εὐαγγελικὴ
1585 1389 1800 1439 πολιτεία
1834 1390 1908 1438 καὶ
1932 1410 1979 1449 15

321 1470 580 1523 παίδευσις·
635 1472 711 1521 οὐκ
749 1467 868 1520 εἶναί
902 1473 1053 1537 φησιν
1085 1469 1249 1520 ἑαυτὸν
1281 1475 1330 1521 ἐκ
1369 1471 1438 1520 τοῦ
1478 1472 1647 1538 κόσμου
1681 1472 1756 1520 καὶ
1789 1469 1910 1533 ἡμᾶς

279 1555 305 1596 (l
323 1549 370 1601 δὲ
408 1550 575 1602 τούτου
612 1556 781 1618 τυχεῖν,
809 1552 993 1617 ἐπείπερ
1024 1552 1048 1601 ὁ
1082 1555 1202 1605 θεῖος
1237 1552 1378 1602 αὐτοῦ
1413 1549 1649 1621 κατῴκηκε
1684 1551 1828 1617 λόγος
1862 1552 1910 1601 ἐν

321 1636 423 1686 ταῖς
467 1632 706 1699 ἡμετέραις
751 1635 946 1700 ψυχαῖς·
1015 1634 1124 1684 ἀλλ’
1167 1631 1331 1699 ὥσπερ
1371 1640 1388 1685 o‘
1435 1635 1601 1702 κόσμος
1646 1632 1724 1696 ἐμὲ
1766 1637 1910 1697 μισεῖ,

323 1714 488 1782 φησὶν,
527 1715 648 1765 οὕτω
686 1716 762 1765 καὶ
801 1713 974 1770 αὐτούς.
1035 1719 1169 1778 μισεῖ
1203 1714 1251 1765 δὲ
1290 1716 1315 1765 ὁ
1351 1714 1531 1780 κόσμος
1569 1714 1652 1766 τὸν
1678 1713 1908 1780 Χριστὸν,

322 1795 439 1846 καθὸ
483 1801 579 1850 τοῖς
619 1797 728 1863 παρ’
771 1797 914 1846 αὐτοῦ
955 1795 1231 1864 διαμάχεται
1275 1796 1452 1862 λόγοις,
1494 1799 1570 1848 καὶ
1613 1797 1910 1847 ἀνεπίδεκτον
1931 1825 1980 1851 20

320 1882 517 1928 ποιεῖται
553 1877 639 1942 τὴν
678 1878 972 1944 παραίνεσιν,
1016 1883 1116 1932 ταῖς
1161 1881 1223 1931 εἱς
1268 1878 1548 1946 φαυλότητα
1588 1880 1753 1946 ῥοπαῖς
1794 1878 1911 1928 ὅλον

321 1959 505 2013 ἐπιδοὺς
541 1959 595 2010 τὸ
634 1959 750 2011 ’ίδιον
789 1959 1028 2027 φρόνημα·
1083 1959 1204 2010 κατὰ
1241 1961 1443 2025 μίμησιν
1481 1960 1529 2011 δὲ
1567 1966 1650 2012 τοῦ
1689 1963 1910 2025 Σωτῆρος

320 2041 452 2105 ἡμῶν
478 2045 708 2107 Χριστοῦ,
735 2043 810 2092 καὶ
847 2040 1013 2095 αὐτοὺς
1040 2041 1260 2106 δηλονότι
1288 2043 1519 2107 μεμίσηκε
1545 2041 1652 2095 τοῦς
1675 2041 1907 2105 μαθητὰς,

320 2123 404 2174 τὸν
436 2124 545 2190 παρ’
581 2123 723 2173 αὑτοῦ
761 2123 815 2174 δι’
850 2123 993 2174 αὐτὸν
1029 2123 1383 2190 πρεσβεύοντας
1421 2125 1582 2191 λόγον,
1618 2125 1732 2191 ὅπερ
1769 2123 1910 2174 ἐποίει

102 2214 255 2289 gooorm.
284 2206 399 2264 θκαὶ
438 2209 634 2258 Παῦλος
671 2205 828 2269 λε’γων
867 2204 1060 2271 ΨΥπέρ
1100 2209 1316 2271 Χριστοῦ
1355 2207 1437 2257 οῦν
1473 2205 1810 2273 πρεσβεύομεν,
1847 2207 1909 2259 ὡς
1931 2232 1978 2270 25

146 2282 152 2289 ¹
324 2293 350 2316 ‘⁴
376 2293 458 2337 τοῦ
486 2291 611 2337 Θεοῦ
636 2291 1026 2352 παρακαλοῦντος
1051 2288 1107 2337 δι’
1136 2287 1281 2350 ἡμῶν·
1316 2288 1512 2351 δεόμεθα
1539 2288 1653 2354 ὑπὲρ
1678 2292 1909 2355 Χριστοῦ,

323 2375 350 2398 “
375 2366 709 2433 καταλλάγητε
734 2371 800 2436 τῷ
828 2368 980 2436 Θεῲ.”

396 2450 482 2503 Τίς
510 2450 590 2500 οῦν
616 2448 846 2513 ἡαῖτησις
870 2447 989 2512 μετὰ
1011 2448 1096 2512 τὴν
1113 2448 1351 2518 ἀπόδειξιν
1375 2456 1457 2502 τοῦ
1481 2454 1775 2515 μεμισῆσθαι
1801 2451 1911 2505 τοὺς

321 2530 534 2596 μαθητὰς
563 2529 693 2597 παρὰ
732 2534 827 2581 τῶν
866 2535 961 2584 τοῖς
1000 2535 1242 2594 κοσμικοῖς
1280 2533 1690 2598 προσηλωθέντων
1721 2538 1904 2596 κακοῖς;

325 2617 400 2664 οὐκ
438 2611 574 2681 ἑρωτῶ
610 2617 762 2680 φησιν
803 2612 876 2663 ’ἵνα
917 2611 1021 2685 ἄρῃς
1061 2611 1217 2668 αὐτοῦς
1259 2614 1310 2666 ἐκ
1351 2616 1423 2665 τοῦ
1466 2613 1646 2683 κόσμου,
1682 2619 1797 2665 ἀλλ’
1836 2615 1908 2667 ’ἵνα
1930 2643 1981 2679 30

323 2694 498 2768 τηρήσῃς
548 2693 705 2749 αὐτοὺς
750 2694 801 2746 ἐκ
850 2696 923 2746 τοῦ
972 2697 1159 2765 πονηροῦ.
1229 2696 1283 2746 οὐ
1328 2695 1421 2762 γὰρ
1464 2701 1558 2747 τῶν
1603 2697 1910 2762 ἀνθρωπίνων

323 2774 716 2827 ἀπαλλάττεσθαι
741 2775 1054 2843 πραγμάτων,
1086 2776 1190 2829 οὐδὲ
1216 2780 1298 2841 τῆς
1323 2779 1371 2829 ἐν
1396 2778 1583 2840 σώματι
1610 2777 1726 2843 ζωῆς
1752 2780 1908 2828 ἀπαλ-

323 2856 582 2909 λάττεσθαι
626 2856 733 2911 τοὺς
777 2858 936 2925 ἁγίους
979 2858 1124 2910 ἐθέλει
1165 2858 1393 2925 Χριστὸς,
1438 2860 1567 2911 οὔπω
1612 2861 1694 2922 τῆς
1741 2859 1907 2913 οἰκείας
