2037 3266
118 578 219 627 Dent.

120 632 186 652 mx.
204 630 253 661 15.

339 127 422 166 652
741 128 792 168 B.
826 128 1101 170 CYRILLI
1143 128 1521 170 ALEXANDR.
1669 128 1753 169 xvi.
1775 141 1840 182 29,
1856 140 1921 182 30.

341 242 367 263 ‘⁴
395 234 477 285 τὸν
503 236 703 302 οὐρανὸν
729 238 876 291 οὕτως
911 237 1155 289 ἐλεύσεται
1193 236 1246 288 ὃν
1277 237 1455 304 τρόπον
1481 235 1746 288 ἐθεάσασθε
1783 235 1924 286 αὑτὸν

341 324 368 346 “
393 316 707 383 πορευόμενον
733 323 794 372 εἰς
820 319 903 370 τὸν
929 320 1170 386 οὐρανόν.”
1213 318 1310 371 εἶτα
1336 321 1384 371 τί
1407 319 1503 388 φῂς
1522 321 1716 370 Ἰουδαῖε
1742 318 1920 379 πάλιν;

341 396 412 465 ἆρ’
451 400 504 450 οὐ
538 400 752 464 τιμήσεις
787 405 887 454 ταῖς
925 401 1196 455 εὐπειθείαις
1235 400 1321 452 κᾶν
1357 400 1442 463 τὴν
1477 398 1688 467 ἀγγέλου
1726 398 1920 468 φωνήν;

303 489 325 516 0
343 479 412 547 ἆρ’
436 482 488 532 οὐ
511 481 755 550 παραδέξῃ
781 482 1035 548 μάρτυρας,
1061 483 1208 533 καίτοι
1234 483 1448 536 πολλοὺς
1474 482 1612 536 ὄντας
1636 481 1743 536 τοὺς
1767 485 1926 532 τεθεα-

341 563 536 627 μένουςς
580 566 728 614 καίτοι
754 569 926 632 σαφῶς
953 566 978 614 ὁ
1010 563 1150 627 νόμος
1176 572 1201 594 “
1220 566 1333 616 Ἐπὶ
1360 564 1598 628 στόματος
1624 563 1704 615 δύο
1731 562 1759 627 ὴ
1786 567 1925 629 τριῶν
1946 579 1967 616 5

342 653 369 676 “
394 646 646 712 μαρτύρων
684 646 981 710 σταθήσεται
1021 651 1116 698 πᾶν
1154 649 1320 714 ῥῆμα,”
1359 647 1500 714 φησί.
1555 650 1620 715 τῷ
1660 646 1816 696 τοίνυν
1853 645 1923 695 ἐπ’

341 729 559 797 ἐξουσίας
598 727 716 793 πρὸς
755 728 838 778 τὸν
872 730 919 778 ἐν
955 733 1050 782 τοῖς
1089 730 1301 795 οὐρανοῖς
1341 731 1679 780 ὑπονοστοῦντι
1718 726 1923 792 Πατέρα,

341 815 443 864 πῶς
482 809 538 861 ἂν
577 810 641 862 ε”τι
679 809 954 876 πρεπόντως
993 813 1018 861 ὁ
1057 814 1140 875 τῆς
1180 812 1622 880 ψευδοπροφητειάς
1660 809 1926 878 ἐπιφέροιτο

340 896 517 956 μῶμος,
549 895 625 943 καὶ
663 894 767 959 οὐχὶ
807 897 1000 956 μᾶλλον
1039 894 1206 962 ἕψεται
1245 893 1428 956 λοιπὸν,
1463 895 1524 945 ὡς
1564 893 1619 942 δι’
1646 891 1927 959 ἀποδείξεως

342 976 567 1040 ἐναργοῦς
593 981 676 1026 τοῦ
701 974 994 1041 πράγματος,
1021 975 1076 1026 τὸ
1103 976 1444 1028 ἀνενδοιάστως
1475 974 1787 1025 πιστεύεσθαι
1815 973 1923 1038 παρ’
1951 996 1998 1020 10

341 1057 487 1120 ἡμῶν,
515 1059 576 1110 ὡς
615 1057 682 1121 εἴη
721 1056 806 1121 μὲν
844 1059 892 1108 ἐκ
933 1061 1071 1119 Θεοῦ,
1105 1060 1251 1121 δῆλον
1286 1057 1334 1107 δὲ
1375 1057 1444 1107 ὅτι
1482 1062 1565 1107 τοῦ
1607 1054 1809 1122 Πατρός,
1841 1056 1928 1121 οὐχ

298 1138 495 1204 ᾶὲτερος
529 1137 678 1204 γεμὴν
704 1141 813 1206 παρ’
843 1142 1029 1201 ἐκεῖνον,
1059 1139 1111 1190 ὃν
1139 1140 1276 1193 αὐτός
1312 1163 1359 1190 τε
1398 1139 1507 1202 ἡμῖν
1537 1140 1562 1189 ὁ
1600 1138 1739 1202 νόμος
1776 1139 1850 1187 καὶ
1887 1141 1928 1187 οἱ

340 1223 584 1289 προφῆται
611 1221 933 1286 διήγγελλον;

415 1303 731 1366 Ἐληλυθέναι
771 1304 917 1368 γεμὴν
945 1310 1003 1359 εἰς
1030 1303 1162 1355 τόνδε
1195 1304 1262 1355 τὶν
1291 1305 1454 1371 κόσμον
1481 1304 1617 1372 φησὶ,
1643 1305 1929 1368 μεταχωρεῖν

342 1385 390 1436 δὲ
418 1386 476 1436 αὖ
500 1384 648 1436 πάλιν
674 1388 722 1436 ἐκ
749 1391 832 1436 τοῦ
858 1385 1041 1448 κόσμου
1068 1387 1172 1455 πρὶς
1200 1386 1265 1437 τὶν
1286 1384 1479 1452 Πατέρα,
1501 1386 1605 1435 οὕτε
1631 1389 1714 1435 τοῦ
1738 1380 1928 1447 Πατρός
1953 1402 1998 1438 15

341 1469 648 1535 ἀπολειφθεὶς
677 1467 751 1518 ὅτε
779 1467 969 1533 γέγονεν
990 1468 1250 1533 ἅνθρωπος,
1269 1469 1374 1519 οὔτε
1400 1467 1494 1531 μὴν
1519 1472 1614 1517 τῶν
1637 1468 1711 1517 ἐπὶ
1735 1468 1817 1529 τῆς
1841 1467 1928 1531 γῆς

343 1550 417 1601 ὅτε
443 1549 562 1612 μετὰ
588 1550 767 1615 σαρκὸς
794 1549 1019 1614 ἀπεδήμει
1043 1553 1148 1618 πρὶς
1179 1549 1241 1601 τόν
1270 1549 1468 1619 Πατέρα·
1525 1547 1647 1602 Θεὸς
1677 1547 1770 1614 γάρ
1798 1550 1929 1598 ἐστιν

343 1630 568 1695 ἀληθινὸς
612 1631 799 1701 οἷῤῥήτῳ
841 1631 1032 1696 δυνάμει
1077 1631 1136 1682 τὰ
1178 1630 1336 1683 πάντα
1377 1635 1591 1697 πληρῶν,
1633 1632 1707 1681 καὶ
1748 1629 1931 1683 οὐδενὸς

343 1718 438 1764 τῶν
471 1713 619 1764 ὄντων
653 1714 1112 1777 ἀπολιμπανόμενος.

278 1920 326 1956 29
346 1908 543 1955 ΛέΓουσιν
576 1909 692 1961 αὐτῷ
731 1907 767 1948 οἱ
806 1907 987 1956 μαθΗταὶ
1027 1909 1156 1949 αὐτοῦ
1188 1908 1272 1949 Ἴδε
1311 1910 1382 1949 νῦν
1417 1906 1633 1965 ΠαρῤΗσία
1671 1903 1830 1957 λαλεῖς,
1862 1905 1930 1946 καὶ
1954 1920 2002 1944 20

278 2007 328 2042 30

307 2063 328 2087 Θ

414 1990 646 2047 Παροιμίαν
696 1991 898 2039 οὐδεμίαν
948 1992 1098 2038 λὲΓειε·
1161 1993 1232 2032 νῦν
1282 1988 1460 2039 οἴδαμεν
1509 1992 1575 2033 ὅτι
1622 1986 1742 2030 οἶδας
1791 1989 1930 2030 Πάντα

416 2074 484 2114 καὶ
522 2075 569 2115 οὐ
608 2074 752 2130 χρείαν
786 2074 894 2130 ἔχεις
932 2075 1000 2115 ἵνα
1039 2090 1099 2115 τις
1138 2089 1183 2116 σε
1221 2075 1376 2132 ἐρωτᾷ·
1422 2074 1466 2114 ἐν
1500 2074 1640 2126 τούτῳ
1676 2074 1930 2121 Πιστεύομεν

414 2158 477 2198 ὅτι
516 2157 602 2198 ἀπὸ
640 2157 749 2198 Θεοῦ
787 2157 976 2200 ἐξῆλθες.

424 2270 733 2336 Θαυμάζουσι
768 2270 854 2334 τὴν
881 2270 1120 2338 ἀπόδειξιν
1159 2273 1221 2323 ὡς
1253 2269 1615 2336 ἐναργεστάτην,
1648 2267 1926 2332 καταπλήτ-

348 2375 507 2403 τονται
553 2358 636 2402 τοῦ
677 2351 826 2417 λόγου
867 2351 921 2402 τὸ
968 2351 1205 2420 διαφανές·
1276 2354 1565 2417 περιστολῆς
1606 2350 1699 2417 γὰρ
1741 2349 1931 2413 ἁπάσης
1953 2372 2000 2410 25

350 2435 457 2501 δίχα
492 2432 575 2484 τὸν
605 2431 724 2499 πρὸς
755 2431 920 2487 αὐτοὺς
952 2434 1001 2484 εὖ
1039 2432 1172 2496 μάλα
1211 2433 1457 2497 πεποίηται
1496 2432 1658 2498 λόγον.
1713 2433 1931 2500 χαίρουσι

350 2515 406 2580 δὴ
431 2516 512 2567 οὖν
538 2514 813 2583 δυσχερείας
847 2513 1037 2578 ἀπάσης
1070 2514 1444 2580 ἀπηλλαγμένην
1477 2516 1706 2576 λαβόντες
1741 2514 1926 2565 ἀπόδει-

129 2614 217 2648 942
236 2598 440 2667 Α.αξιν,
481 2599 555 2649 καὶ
595 2595 872 2664 περισκελές
913 2596 997 2659 μὲν
1037 2602 1172 2664 σχεῖν
1213 2597 1344 2648 οὐδὲν
1385 2595 1440 2648 τὸ
1485 2597 1724 2663 εἰρημένον
1765 2597 1931 2665 φασὶν,

351 2679 638 2731 εὐκάτοπτον
685 2677 733 2730 δὲ
779 2681 924 2732 οὕτως
976 2679 1201 2746 ὑπάρχειν
1250 2678 1336 2743 τὴν
1386 2680 1456 2730 ἐπ’
1498 2680 1623 2748 αὐτῷ
1674 2676 1730 2742 δὴ
1780 2677 1930 2747 τούτῳ

402 2847 455 2870 11.
481 2836 572 2880 ἡμῶν
590 2836 631 2870 E.
650 2836 742 2880 ὑμῶν
760 2835 826 2870 Ed.
892 2835 1019 2870 Statim
1037 2835 1089 2869 καὶ
1107 2835 1204 2869 addit
1223 2834 1289 2870 Ed.
1307 2835 1418 2870 invito
1436 2834 1477 2869 E.
1614 2844 1666 2868 12.
1691 2833 1768 2877 ἡμῖν
1786 2833 1827 2867 Ε.
1846 2834 1930 2877 ὁμοῦ

352 2882 419 2917 Ed.
550 2894 603 2926 13.
629 2882 834 2929 διήγγελλον
852 2883 894 2916 Ε.
913 2882 1093 2927 διήγγελον
1111 2881 1178 2916 Ed.
1315 2881 1368 2917 16.
1394 2880 1616 2926 ἀπολειφθεὶς
1634 2880 1752 2915 E.F.a.
1772 2879 1837 2914 Ed.
1856 2892 1929 2926 mg.

349 2928 563 2974 ἀποληφθεὶς
582 2928 648 2963 Ed.
841 2939 892 2974 17.
919 2927 1100 2974 ἀπεδήμει]
1119 2927 1242 2971 ἀνέπτη
1261 2939 1291 2963 a.
1482 2938 1536 2962 22.
1564 2927 1690 2971 ἐρωτᾶν
1709 2926 1750 2961 Ε.
