1971 3272
67 156 237 198 viii.20.
300 157 374 197 IN
417 156 459 196 S.
494 154 832 197 JOANNEM.
895 155 1019 195 LIB.
1044 154 1096 194 V.
1158 155 1292 194 (JAP.
1328 154 1412 193 III.
1628 155 1653 192 3

67 267 124 332 τῇ
159 265 269 330 παρ’
299 266 424 334 αὐτῷ
456 265 510 316 τὸ
546 269 690 316 θεῖναι
725 264 870 328 αὐτὴν
896 263 1090 333 ψυχήνς
1136 263 1324 331 ε’λήφθη
1360 261 1452 327 γὰρ
1489 260 1546 311 ἂν
1579 264 1653 311 καὶ

68 347 156 413 οὐχ
181 346 392 409 ἑκόντως,
418 347 545 413 ε’ίπερ
573 345 631 410 ἧν
657 348 739 397 οὐκ
765 348 812 397 ἐν
839 347 988 415 ἑαυτῷ
1013 345 1067 396 τὸ
1091 350 1274 396 παθεῖν.
1330 348 1367 394 εἰ
1392 343 1440 394 δὲ
1467 343 1655 406 τίθησιν

69 426 214 491 αὐτὴν
239 429 320 497 ἀφ’
350 430 534 490 ἑαυτοῦ,
564 427 618 479 τὸ
654 428 744 495 ἄρα
782 432 948 479 παθεῖν
975 428 1059 478 οὐκ
1093 429 1142 478 ἐν
1175 426 1365 488 δυνάμει
1401 430 1459 493 τῇ
1497 424 1655 490 ἑτέρου

69 508 206 572 τινὸς,
237 512 348 560 ἀλλ’
382 513 429 561 ἐν
463 510 698 575 βουλήσει
737 509 857 577 μόνῃ
898 513 955 577 τῇ
993 510 1135 560 αὑτοῦ
1174 508 1492 575 θεωρήσομεν.
1550 506 1655 558 τότε

25 589 162 657 5γὰρ
212 596 312 645 ταῖς
362 596 457 642 τῶν
501 591 739 643 Ἰουδαίων
789 591 1028 644 άπονοιάις
1078 589 1381 657 διεξάγεσθαι
1431 589 1550 655 πρὸς
1601 587 1656 639 τὸ

69 673 253 727 ἐκείνοις
289 677 454 725 δοκοῦν
481 674 858 741 συγκεχώρηκεν,
887 673 962 725 ὅτε
998 672 1045 724 δὲ
1080 675 1292 724 συνεῖδεν
1319 672 1408 735 ἤδη
1441 671 1656 737 παρόντα

69 754 152 805 τὸν
176 755 418 821 πρέποντα
443 760 508 825 τῷ
534 756 721 825 θανάτῳ
746 754 920 822 καιρόν.

146 837 234 900 Μὴ
259 837 381 904 με’γα
407 839 635 906 φρονείτω
662 844 912 904 τοιγαροῦν
936 839 1009 888 ἐπὶ
1036 841 1132 890 τοῖς
1158 838 1322 888 ἑαυτοῦ
1349 835 1655 900 τολμήμασιν
1674 858 1695 882 a
1724 849 1815 882 498
1830 848 1882 882 A·

71 919 96 969 ὁ
135 918 321 986 ἀλαζὼν
355 923 630 985 Φαρισαῖος,
668 918 783 984 μηδὲ
820 919 1000 985 λεγέτω
1047 919 1329 988 φυσώμενος
1372 920 1422 969 ἐκ
1467 921 1656 982 πολλῆς

3 1023 50 1048 10
72 1002 299 1062 ἀβουλίας
329 1006 386 1052 ΕΖ
415 1001 536 1056 Θεὸς
570 1001 690 1053 κατὰ
729 1003 878 1071 φύσιν
910 1004 1117 1069 ὑπῆρχεν
1151 1003 1175 1052 ὁ
1211 1000 1440 1067 Χριστὸς,
1468 1005 1568 1054 πῶς
1604 1001 1657 1050 οὐ

71 1084 261 1149 γέγονεν
287 1084 378 1153 ἔξω
412 1084 605 1152 βρόχων
635 1089 730 1135 τῶν
761 1087 915 1149 ἐμῶν;
964 1089 1064 1137 πῶς
1099 1085 1151 1134 οὐ
1187 1084 1342 1149 διέδρα
1378 1088 1536 1150 χεῖρας
1574 1081 1658 1136 τὰς

71 1164 218 1229 ἐμάς;
269 1166 610 1217 ἀντακούσεται
645 1166 739 1233 γὰρ
773 1166 903 1234 παρὰ
938 1171 1032 1217 τῶν
1058 1166 1354 1232 ἀγαπώντων
1381 1164 1523 1216 αὐτόν
1549 1166 1658 1231 Οὐχ

72 1249 97 1298 ὁ
138 1246 226 1301 σὸς
267 1250 412 1302 οὕτως
459 1249 632 1316 ἴσχυσε
676 1248 870 1316 βρόχος·
931 1247 988 1312 ἧν
1027 1248 1119 1314 γὰρ
1166 1246 1299 1299 οὐδὲν
1340 1246 1552 1315 χαλεπὸν
1593 1251 1659 1315 τῷ

72 1328 263 1380 πάντων
286 1337 532 1397 κρατοῦντι
562 1335 670 1400 Θεῷ
706 1331 792 1394 τὴν
819 1330 912 1395 σὴν
938 1336 1239 1397 συνθραῦσαι
1275 1331 1466 1396 παγίδα,
1494 1331 1568 1381 καὶ
1604 1329 1658 1380 τὸ

5 1427 51 1466 15
73 1414 156 1476 τῆς
192 1415 284 1476 σῆς
322 1414 605 1474 δυσσεβείας
644 1414 895 1464 ὑπεκδῦναι
933 1414 1134 1464 δίκτυον·
1180 1413 1288 1463 ἀλλ’
1317 1412 1373 1477 ἧν
1403 1410 1458 1463 τὸ
1494 1416 1661 1463 παθεῖν

73 1498 139 1563 τῷ
171 1493 338 1564 κόσμῳ
373 1495 621 1562 σωτήριον,
649 1494 791 1548 λύσις
827 1493 886 1559 ἧν
913 1494 1117 1546 θανάτου
1150 1494 1204 1546 τὸ
1239 1494 1405 1557 πάθος,
1432 1495 1662 1561 ἁμαρτίας

74 1579 149 1627 καὶ
201 1580 383 1644 φθορᾶς
428 1576 772 1645 καταστροφὴν
814 1578 839 1628 ὁ
884 1576 1031 1643 με’γας
1078 1575 1172 1644 εἶχε
1215 1576 1436 1644 σταυρός.
1512 1582 1704 1629 ταῦταῐ)

72 1657 323 1723 γινώσκων
372 1661 435 1712 ὡς
485 1657 607 1713 Θεὸς
655 1664 751 1712 τοῖς
806 1663 912 1713 σοῖς
963 1657 1126 1710 ἑαυτὸν
1177 1659 1405 1723 ὑπέθηκεν
1454 1659 1662 1712 ἀνοσίοις

72 1739 367 1804 τολμήμασι’
425 1740 473 1791 τί
506 1739 600 1807 γὰρ
631 1741 735 1792 εἶπέ
766 1764 845 1804 μοι
885 1740 1107 1792 διεκώλυε
1145 1741 1518 1808 περιπλέκεσθαι
1557 1740 1661 1791 τότε

6 1840 55 1865 20
73 1826 263 1884 μᾶλλον
300 1823 440 1892 αὐτῷ,
479 1821 555 1873 ὅτε
592 1823 702 1889 παρ’
744 1824 870 1892 αὐτῷ
909 1829 968 1893 τῷ
1011 1824 1352 1893 γαζοφυλακίῳ
1392 1819 1662 1874 διδάσκοντι

73 1902 181 1958 τοὺς
207 1903 401 1958 ὀδόντας
425 1903 663 1971 ἐπέτριζες·
705 1907 781 1956 καὶ
807 1909 845 1956 εἰ
871 1907 953 1969 τῆς
979 1908 1071 1968 σῆς
1098 1904 1336 1969 δυνάμεως
1361 1903 1499 1971 ἔργον
1525 1903 1582 1969 ἧν
1608 1903 1662 1955 τὸ

74 1988 262 2050 νικῆσαι
288 1985 521 2053 Χριστὸν,
551 1987 600 2037 τί
627 1986 692 2051 μὴ
719 1987 914 2050 δέσμιον
941 1985 1149 2051 ἐποιήσω
1176 1985 1312 2047 τότε;
1353 1987 1466 2037 ἀλλ’
1496 1986 1657 2050 εἱστή-

75 2089 167 2120 κεις
214 2071 348 2137 θυμῷ
392 2067 477 2131 μὲν
521 2067 709 2137 ἀκράτῳ
754 2067 873 2135 πρὸς
917 2068 1191 2137 μιαιφονίαν
1235 2064 1660 2132 ἐκκεκαλυμμὲνως,

73 2147 296 2215 πράττων
323 2149 370 2200 δὲ
404 2154 499 2200 τῶν
526 2148 792 2200 δοκούντων
823 2149 971 2201 οὐδέν.
1027 2151 1159 2201 οὔπω
1192 2150 1285 2216 γὰρ
1320 2150 1461 2214 ἤθελε
1495 2153 1661 2201 παθεῖν

7 2231 101 2282 25ὁ
138 2235 239 2284 ταῖς
276 2235 386 2284 σαῖς
423 2232 662 2285 ἀπονοίαις
700 2236 795 2282 τῶν
829 2230 1075 2299 άῤῥήκτων
1111 2229 1274 2298 ὥσπερ
1312 2235 1524 2299 χαλινῶν
1557 2253 1656 2282 πει-

75 2311 222 2366 σθείς.
273 2317 421 2363 ταῦτα
446 2312 532 2376 μὲν
558 2313 616 2363 ἄν
643 2336 712 2366 τις
746 2311 933 2368 εἰκότως
967 2318 1068 2367 ταῖς
1104 2317 1199 2364 τῶν
1223 2314 1461 2364 Ἰουδαίων
1487 2320 1655 2379 γλωσ-
1678 2331 1699 2358 0

75 2395 302 2459 σαλγίαις
329 2397 570 2449 ἀντιτιθεὶς
597 2395 874 2459 δυσωπήσει
899 2397 974 2446 καὶ
1001 2396 1088 2462 οὐχ
1114 2394 1303 2449 ἑκόντας
1330 2399 1392 2449 εἷς
1417 2394 1471 2446 τὸ
1497 2393 1561 2459 μὴ
1594 2394 1658 2449 οἷς

75 2475 248 2539 ἥκιστα
285 2479 404 2543 χρῆν
436 2476 890 2543 ἀπαλαζονεύεσθαι·
935 2476 1275 2541 ἀποθαυμάσαι
1311 2476 1358 2527 δὲ
1393 2477 1450 2527 ἄν
1475 2499 1557 2537 τις,
1585 2478 1660 2526 καὶ

76 2556 208 2620 μάλα
242 2557 442 2621 εἰκότως,
469 2557 552 2609 τὸν
582 2556 720 2624 ἅγιον
746 2558 1115 2625 Εὐαγγελιστὴν
1145 2557 1554 2623 ἐπισημηνάμενον
1580 2557 1654 2607 εὐ-

128 2690 157 2712 1.
183 2681 223 2722 τῇ
242 2679 438 2713 emendavit
456 2679 551 2715 Aub.
568 2679 629 2723 τὴν
649 2680 690 2714 Β.
712 2680 830 2715 Holst.
936 2682 1025 2726 αὐτῷ
1045 2680 1087 2715 Β.
1105 2681 1207 2714 αὐτοῦ
1227 2680 1289 2713 Ht.
1310 2679 1375 2712 Ed.
1483 2678 1586 2722 αὐτὴν
1603 2690 1658 2712 as-

77 2732 261 2770 sumptum
279 2737 320 2758 ex
340 2725 381 2759 B.
402 2725 466 2759 Ht.
548 2737 580 2760 2.
606 2727 694 2772 αὐτῴ
715 2727 757 2761 Β.
776 2726 972 2761 emendavit
994 2727 1055 2760 Ht.
1142 2726 1175 2760 6.
1200 2726 1353 2760 συνεῖδεν
1372 2725 1412 2759 B.
1432 2724 1571 2759 σύνιστε
1591 2724 1658 2758 Ed.

81 2774 135 2806 IS.
161 2773 231 2807 τοῖς
248 2773 324 2806 σοῖς
342 2772 384 2805 Β.
406 2772 470 2806 Ht.
488 2772 601 2807 αὐτοῖς
618 2773 713 2806 Aub.
943 2784 998 2807 20.
1024 2773 1112 2819 αὐτῷ
1131 2774 1177 2817 τῷ
1197 2770 1441 2817 γαζοφυλακίῳ
1460 2772 1502 2805 Β.
1521 2772 1601 2805 αὐτὸ
1619 2773 1658 2805 τὸ

77 2819 331 2864 γαζοφυλάκιον
351 2818 413 2852 Ht.
433 2817 500 2851 Ed.
670 2829 725 2852 22.
751 2819 884 2861 νικῆσαι
903 2819 944 2852 Β.
966 2819 1029 2852 Ht.
1049 2821 1181 2862 κινῆσαι
1198 2819 1292 2853 Aub.
1342 2818 1442 2852 Exue
1461 2818 1538 2852 Cat.
1560 2818 1658 2852 Harl.

77 2866 179 2899 lectio
196 2865 305 2898 haec?
474 2875 529 2907 24.
555 2865 712 2908 πράττων
729 2865 764 2898 δὲ
783 2865 849 2899 hoc
867 2865 988 2899 ordine
1007 2865 1049 2900 B.
1209 2865 1264 2899 26.
1290 2864 1440 2910 εἰκότως]
1464 2869 1501 2906 -Js-
1523 2863 1575 2898 καὶ
1595 2865 1658 2898 Ht.

78 2911 173 2946 unde
191 2911 258 2945 Ed.
371 2922 425 2956 27.
452 2911 497 2947 εἷς
515 2912 553 2945 τὸ
570 2911 615 2956 μὴ
633 2909 682 2948 οἷς
700 2911 759 2945 dat
778 2911 896 2957 Heyse
914 2923 932 2945 e
952 2911 994 2946 Β.
1013 2912 1073 2958 qui
1089 2912 1273 2956 εἷστομίοις
1289 2912 1442 2947 exhibet.
1461 2912 1508 2948 εἷς
1525 2912 1660 2955 ὁμοίους

83 2958 145 2992 Ht.
168 2957 232 3004 [εἷς
249 2957 373 3004 ὁμίοις]
396 2957 463 2993 Ed.

833 3025 905 3055 132
