2037 3266
81 414 178 444 Rom.

82 458 138 488 xii.
151 465 179 496 5.

86 521 99 542 1
114 512 187 543 Cor.
200 522 232 544 x.

86 563 137 596 17.

83 984 168 1059 gph.
184 984 229 1017 iii.

88 1571 174 1606 863
187 1569 240 1606 A.

91 1630 103 1651 1
118 1621 193 1652 Cor.

86 1675 129 1695 Vl.
146 1673 195 1703 15.

87 1730 195 1770 Supra

88 1774 131 1805 vi.
151 1773 202 1814 56.

301 135 385 175 542
705 138 755 178 B.
790 138 1068 179 CYRILLI
1110 140 1491 182 ALEXANDR.
1764 155 1830 181 xv.
1855 151 1889 179 1.

258 243 389 305 (1μεύ
419 246 523 296 ἐστι
563 246 682 298 κατὰ
721 253 858 299 τοῦτο
891 248 1121 315 Χριστός·
1174 250 1301 313 ἡμεῖς
1340 249 1388 300 δὲ
1427 249 1683 314 κλημάτων
1717 251 1889 300 ἀποτε-

305 332 499 381 λοῦντες
548 332 716 397 σχῆμα
767 329 853 394 τὴν
897 331 955 399 ἐξ
1001 331 1143 381 αὐτοῦ
1194 333 1270 382 καὶ
1318 333 1428 397 παρ’
1470 333 1612 382 αὐτοῦ
1664 331 1783 398 ζωὴν
1832 334 1894 383 εἷς

306 407 473 463 αὐτοὺς
521 411 815 478 κομιζόμεθα,
862 413 1011 462 καίτοι
1058 417 1140 462 τοῦ
1178 416 1379 463 Παῦλου
1425 414 1650 478 λε’γοντος
1692 416 1756 463 Οἱ
1799 411 1893 478 γὰρ

305 489 476 545 πάντες
504 499 530 521 “
547 492 565 543 ἓ

570 517 594 543 ν
621 492 765 557 σῶμά
800 494 944 556 ἐσμεν
970 495 1017 544 ἐν
1044 497 1259 562 Χριστῷ,
1287 494 1357 544 ὅτι
1390 495 1452 548 εἷς
1483 497 1622 562 ἄρτος
1649 498 1691 546 οἱ
1717 494 1899 546 πολλοί

306 579 334 601 “
360 574 520 636 ἐσμεν·
581 578 622 625 οἱ
674 574 767 640 γὰρ
811 573 981 628 πάντες
1026 577 1075 625 ἐκ
1120 581 1202 626 τοῦ
1249 575 1350 629 ἑνὸς
1402 577 1546 643 ἄρτου
1596 577 1933 644 μετε’χομεν.”5

306 655 483 720 λεγέτω
522 656 615 722 γάρ
653 679 721 709 τις
761 657 869 720 ἡμῖν
908 656 993 721 τὴν
1029 659 1193 721 αἰτίαν,
1228 662 1302 709 καὶ
1342 659 1601 710 διδασκέτω
1639 657 1893 725 παρελθὼν

306 740 388 800 τῆς
428 741 658 801 μυστικῆς
699 739 917 805 εὐλογίας
958 738 1044 802 τὴν
1083 740 1292 804 δύναμιν.
1346 740 1520 807 γίνεται
1562 741 1654 808 γὰρ
1699 744 1747 792 ἐν
1784 741 1893 804 ἡμῖν

307 821 459 881 διατί,
496 817 566 886 ἆρ’
591 822 693 888 οὐχὶ
720 823 795 871 καὶ
821 826 1102 884 σωματικῶς
1129 823 1238 885 ἡμῖν
1266 822 1554 888 ἐνοικίζουσα
1580 822 1662 874 τὸν
1679 820 1894 888 Χριστὸν

269 930 290 956 ρ,
308 905 365 969 τῇ
391 902 571 970 μεθέξει
599 906 673 953 καὶ
700 904 915 972 κοινωνίᾳ
941 907 1023 967 τῆς
1050 905 1187 969 ἁγίας
1213 906 1354 955 αὐτοῦ
1380 907 1589 972 σαρκός,
1630 906 1739 955 ἀλλ’
1767 902 1894 966 οἶμαι

307 984 463 1050 λε’γειν
495 986 661 1050 ὀρθῶς·
710 984 885 1053 γράφει
920 986 1012 1052 γὰρ
1046 988 1070 1036 ὁ
1100 990 1297 1040 Παῦλος
1330 989 1614 1053 γεγενῆσθαι
1643 995 1668 1017 “
1688 986 1748 1037 τὰ
1784 986 1892 1050 ε”θνη
1915 1007 1964 1033 10

308 1072 335 1094 ‘⁶
360 1065 606 1130 σύσσωμα
645 1070 719 1117 καὶ
761 1068 1041 1135 συμμέτοχα
1085 1072 1159 1118 καὶ
1205 1067 1606 1134 συγκληρονόμα”
1654 1072 1888 1134 Χριστοῦ.

305 1147 552 1212 σύσσωμα
590 1156 841 1215 τοιγαροῦν
872 1149 991 1200 κατὰ
1029 1155 1164 1201 ποῖον
1197 1151 1449 1218 ἀπεφάνθη
1488 1151 1699 1217 τρόπον;
1743 1150 1890 1218 ἀξιω-

306 1229 446 1281 θέντα
483 1230 575 1298 γὰρ
614 1237 871 1299 μετασχεῖν
905 1235 987 1296 τῆς
1026 1233 1243 1297 εὐλογίας
1284 1236 1365 1296 τῆς
1404 1236 1648 1297 μυστικῆς,
1689 1231 1736 1283 ἓν
1775 1231 1895 1297 πρὸς

306 1312 448 1364 αὐτὸν
474 1313 639 1378 γε’γονε
666 1319 820 1377 σῶμα,
849 1314 1060 1380 καθάπερ
1087 1315 1250 1377 ἀμέλει
1288 1317 1363 1365 καὶ
1401 1319 1494 1365 τῶν
1521 1316 1668 1380 ἁγίων
1695 1315 1895 1368 ἕκαστος

307 1394 612 1449 ἀποστόλων.
677 1398 774 1447 ἐπεὶ
814 1396 889 1446 διὰ
927 1397 1067 1447 ποίαν
1107 1398 1258 1447 αἰτίαν
1297 1398 1417 1461 με’λη
1458 1403 1541 1448 τοῦ
1581 1401 1796 1463 Χριστοῦ
1835 1395 1893 1447 τὰ
1916 1414 1963 1453 ῐ5

308 1479 465 1539 οἰκεῖα,
491 1483 684 1541 μᾶλλον
709 1477 757 1527 δὲ
790 1477 848 1529 τὰ
879 1477 1084 1541 πάντων,
1113 1481 1175 1532 ὡς
1211 1480 1355 1529 αὑτοῦ
1390 1478 1699 1541 κατωνόμασε
1733 1479 1852 1543 με’λη
1877 1500 1888 1540 ;

271 1558 481 1627 ιεῑγράφει
524 1559 617 1626 γὰρ
660 1562 806 1613 οὕτως
845 1567 872 1588 “
902 1562 1006 1610 Οὐκ
1045 1560 1197 1611 οἴδατε
1234 1561 1304 1611 ὅτι
1344 1560 1402 1612 τὰ
1442 1562 1564 1626 με’λη
1605 1563 1733 1624 ὑμῶν
1772 1561 1894 1625 με’λη

310 1648 337 1669 “
364 1645 581 1707 Χριστοῦ
620 1644 781 1702 ε’στιν;
823 1642 937 1708 ἄρας
975 1643 1056 1693 οῦν
1088 1642 1146 1693 τὰ
1181 1644 1302 1707 με’λη
1336 1650 1419 1694 τοῦ
1453 1648 1670 1709 Χριστοῦ
1708 1643 1894 1707 ποιήσω

312 1730 338 1752 “
364 1721 541 1788 πόρνης
567 1723 716 1788 με’λη;
757 1723 821 1787 μὴ
848 1724 1070 1789 γε’νοιτο·”
1113 1725 1242 1774 ἀλλὰ
1270 1728 1344 1775 καὶ
1371 1725 1508 1778 αὐτὸς
1538 1727 1562 1776 ὁ
1591 1724 1759 1790 Σωτήρ
1786 1732 1811 1754 “
1830 1725 1893 1775 ‘O

311 1812 339 1834 ‘⁶
363 1805 560 1871 τρώγων
584 1830 676 1870 μου
709 1806 795 1870 τὴν
826 1804 1003 1872 σάρκα,
1035 1811 1173 1875 φησὶ,
1199 1809 1273 1857 καὶ
1310 1808 1457 1858 πίνων
1483 1830 1574 1871 μου
1609 1807 1663 1858 τὸ
1698 1807 1812 1869 αἷμα
1846 1809 1894 1858 ἐν
1916 1829 1966 1853 20

310 1893 337 1915 “
364 1888 463 1950 ἐμοὶ
501 1887 638 1951 με’νει,
679 1887 810 1953 κάγὼ
849 1890 896 1938 ἐν
937 1889 1103 1957 αῦτῲ.”
1165 1890 1213 1939 ἐν
1251 1887 1343 1955 γὰρ
1388 1888 1444 1953 δὴ
1488 1890 1638 1958 τούτῳ
1679 1889 1895 1953 μάλιστα

310 1972 510 2019 κατιδεῖν
561 1970 707 2038 ἄξιον,
754 1972 814 2023 ὡς
866 1971 919 2020 οὐ
970 1970 1089 2020 κατὰ
1140 1971 1314 2038 σχέσιν
1358 1970 1463 2021 τινὰ
1512 1971 1674 2035 μόνην,
1720 1971 1805 2036 τὴν
1847 1973 1895 2022 ἐν

311 2050 517 2102 διαθέσει
552 2053 820 2116 νοουμένην,
846 2054 894 2102 ἐν
921 2052 1030 2115 ἡμῖν
1057 2052 1258 2102 ε”σεσθαί
1279 2057 1430 2119 φησιν
1458 2055 1482 2103 ὁ
1510 2052 1738 2119 Χριστος,
1765 2053 1896 2104 ἀλλὰ

309 2135 386 2183 καὶ
413 2132 531 2184 κατὰ
555 2135 744 2203 μέθεξιν
772 2134 1012 2203 [φυσικὴν]
1042 2135 1142 2199 ἤτοι
1170 2134 1393 2203 φυσικήν.
1455 2134 1618 2201 ὥσπερ
1645 2135 1738 2201 γὰρ
1764 2135 1806 2186 εἴ
1827 2158 1896 2188 τις

310 2214 453 2280 κηρὸν
492 2216 631 2285 ἑτέρῳ
669 2216 1035 2283 συναναπλέξας
1074 2221 1214 2284 κηρῷ,
1251 2218 1326 2266 καὶ
1364 2220 1474 2281 πυρὶ
1513 2217 1894 2285 συγκατατήξας,
1917 2232 1966 2271 25

265 2304 292 2346 b
312 2295 360 2346 ἕν
386 2319 428 2346 τι
456 2296 509 2346 τὸ
536 2297 592 2365 ἐξ
615 2299 792 2364 ἀμφοῖν
819 2296 1069 2362 ἐργάζεται,
1097 2298 1216 2348 οὕτω
1245 2296 1319 2347 διὰ
1353 2300 1436 2361 τῆς
1469 2296 1781 2364 μεταλήψεως
1812 2303 1895 2349 τοῦ

310 2377 532 2442 σώματος
564 2384 646 2429 τοῦ
673 2382 889 2443 Χριστοῦ
925 2380 999 2428 καὶ
1035 2384 1117 2429 τοῦ
1152 2379 1303 2442 τιμίου
1340 2379 1548 2442 αἵματος,
1576 2378 1713 2433 αὐτὸς
1740 2379 1823 2442 μὲν
1847 2382 1895 2430 ἐν

309 2460 433 2523 ἡμῖν,
460 2460 587 2523 ἡμεῖς
628 2459 676 2510 δὲ
716 2460 772 2510 αῦ
811 2459 958 2510 πάλιν
989 2461 1035 2510 ἐν
1067 2461 1192 2529 αὑτῶ
1230 2461 1561 2523 συνενούμεθα.
1620 2462 1674 2511 οὐ
1709 2460 1804 2528 γὰρ
1838 2459 1896 2525 ἦν

308 2541 473 2606 ἑτέρως
515 2541 854 2607 ζωοποιηθῆναι
900 2541 1132 2592 δύνασθαι
1173 2542 1227 2592 τὸ
1269 2544 1547 2611 φθείρεσθαι
1588 2541 1814 2611 πεφυκὸς,
1859 2547 1896 2594 εὶ

308 2621 373 2686 μὴ
426 2622 702 2687 συνεπλάκη
753 2628 1035 2685 σωματικῶς
1088 2628 1155 2693 τῶ
1206 2624 1393 2688 σώματι
1443 2627 1525 2688 τῆς
1577 2624 1696 2675 κατὰ
1747 2624 1896 2693 φύσιν
1916 2639 1967 2675 30

310 2703 440 2769 ζωῆς,
491 2705 720 2767 τουτέστι,
769 2711 852 2756 τοῦ
905 2709 1224 2771 Μονογενοῦς.
1299 2708 1372 2757 καὶ
1422 2710 1459 2757 εὶ
1510 2705 1576 2770 μὴ
1627 2711 1721 2760 τοῖς
1771 2708 1896 2770 ἐμοῖς

357 2847 388 2883 7.
416 2838 497 2884 γὰρ]
522 2843 558 2880 -†-
580 2838 598 2882 ἡ
618 2839 660 2873 E.
785 2840 837 2874 18.
865 2838 930 2884 ἇρα
948 2852 1012 2885 pro
1030 2841 1112 2884 ἷίρας
1132 2841 1212 2885 (sic)
1233 2841 1275 2875 E.
1349 2843 1408 2874 τοῦ
1427 2852 1496 2875 om.
1515 2853 1548 2885 p.
1662 2852 1718 2884 24.
1743 2840 1896 2885 φυσικὴν

309 2887 381 2929 ν’)’τοι
404 2885 555 2929 φυσικήν
573 2886 677 2919 habet
695 2891 727 2920 et
747 2886 787 2921 E.
806 2887 957 2931 φυσικὴν
974 2887 1172 2922 emendavit
1192 2888 1327 2932 Migne.
1379 2888 1479 2921 Forte
1506 2887 1667 2931 σαρκικὴν
1691 2890 1763 2931 ἤτοι
1788 2889 1895 2933 φυσι-

309 2931 379 2975 κὴν,
398 2932 442 2966 cf.
462 2944 567 2976 supra
585 2932 651 2967 862
672 2932 693 2966 b
713 2933 794 2967 κατὰ
813 2934 850 2967 τὸ
870 2937 980 2977 σῶμα,
999 2934 1064 2968 862
1087 2946 1104 2968 c
1124 2934 1312 2979 συναφείας
1330 2935 1386 2977 τῆς
1405 2934 1487 2967 κατὰ
1505 2935 1625 2978 σάρκα.
