1971 3272
92 150 176 191 viii.
197 165 264 203 42.
356 152 423 191 IN
469 152 510 192 S.
545 149 881 190 JOANNEM.
947 148 1068 188 12113.
1097 149 1144 187 V.
1209 149 1343 188 (JAP.
1371 149 1419 188 V.
1627 150 1679 187 87

92 259 262 311 λοιπὸν
286 264 414 319 βοῶν
441 267 467 288 “
489 260 612 309 Οὐαὶ
638 263 733 311 τοῖς
760 258 1143 325 προφητεύουσιν
1168 257 1261 308 α’πὸ
1289 257 1480 322 καρδίας
1507 257 1675 313 αὐτῶν,
1744 257 1860 335 Ῑιζιι

93 348 120 369 “
145 344 219 391 καὶ
247 342 300 392 τὸ
328 339 535 392 καθόλου
561 340 624 404 μὴ
654 338 934 400 βλε’πουσι.”
975 338 1182 392 τοιοῦτός
1209 362 1276 392 τις
1304 337 1360 402 ἦν
1388 340 1412 389 ι’)
1442 339 1627 400 Σαμεάς
1656 339 1679 387 ό
1834 332 1838 338 ¹

92 428 187 476 τοῖς
212 423 433 489 Ἱερεμίου
472 422 633 486 λόγοις
672 421 724 472 τὸ
765 426 929 472 οἰκεῖον
960 424 1135 489 ψεῦδος
1174 424 1430 482 ἀντιτιθεὶς,
1461 423 1535 470 καὶ
1575 419 1680 472 τους

93 503 178 567 μὲν
223 505 441 573 ξυλίνους
491 503 714 570 ἁρπάσας
761 503 960 565 κλοιους,
1003 505 1272 571 συντρίψας
1326 502 1372 553 δὲ
1418 505 1492 553 καὶ
1541 503 1721 552 εἷπώνο

53 607 74 644 5
96 593 121 614 “
147 588 273 637 Τάδε
335 586 464 650 λέγει
519 586 692 651 Κύριος
751 587 1007 652 Συντρίψω
1065 584 1147 635 τὸν
1198 585 1338 651 ζυγὸν
1392 588 1680 644 Βαβυλῶνος
1747 587 1836 660 {Q}
1868 639 1879 650 ἢ

95 675 122 697 “
148 668 429 728 βασιλε’ως.”
487 667 643 731 ἐπειδὴ
687 668 842 718 τοίνυν
888 665 1110 732 λέγοντος
1153 673 1236 717 τοῦ
1284 669 1501 731 Σωτῆρος
1549 665 1680 729 ἡμῶν
1838 655 1842 660 .

1745 743 1851 782 Supra

95 753 312 816 Χριστοῦ
339 757 365 778 “
388 754 492 800 Νῦν
520 749 575 799 δέ
607 773 664 812 με
704 748 875 814 ζητεῖτε
915 751 1197 811 ἀποκτεῖναι,
1225 749 1476 814 ἄνθρωπον
1509 746 1558 801 ὃς
1596 746 1681 811 τὴν
1746 796 1810 815 Μ,-
1831 795 1883 824 40·

95 839 123 861 “
149 830 375 896 ἀλήθειαν
420 833 525 894 ὑμῖν
571 830 833 895 λελάληκα,
876 830 933 895 ἢν
976 831 1159 895 ἤκουσα
1202 830 1331 896 παρὰ
1376 837 1458 881 τοῦ
1507 830 1679 891 Θεοῦ,”

96 912 398 979 διεγόγγυζον
434 916 475 963 οἱ
511 914 742 974 Ἰουδαῖοι,
771 915 846 963 καὶ
885 913 951 966 τίς
992 914 1123 962 ἐστιν
1162 915 1352 976 ἀληθῶς
1392 914 1473 962 οὐκ
1514 912 1682 965 εἰδότες

30 1022 77 1047 10
96 994 252 1058 αὑτὸν,
290 994 697 1064 ψευδοπροφήτην
737 995 963 1062 ὑπάρχειν
1001 994 1223 1060 ἐνόμιζον,
1265 993 1584 1060 ε’σληρύνοντό
1635 1017 1683 1044 τε

95 1077 267 1140 ταύτης
303 1077 433 1127 ἕνεκα
467 1080 549 1140 τῆς
585 1077 745 1138 αἰτίας,
774 1078 835 1130 ὡς
870 1076 959 1140 ἤδη
995 1075 1078 1139 μὲν
1103 1078 1229 1145 αὐτῷ
1266 1078 1342 1127 καὶ
1376 1079 1680 1140 διαλοιδορεῖ·

96 1164 212 1210 σθαι
249 1164 448 1223 τολμᾶν,
491 1164 644 1227 φονᾶν
684 1159 731 1209 δὲ
777 1160 923 1212 οὕτως
965 1158 1153 1224 ἀγρίως,
1194 1161 1256 1211 ὡς
1301 1158 1389 1222 ἤδη
1431 1164 1569 1208 τοῦτο
1610 1160 1685 1207 καὶ

97 1242 367 1307 ἐπείγεσθαι
393 1245 521 1307 δρᾶν,
551 1240 796 1308 χρησίμως
824 1240 989 1294 αὐτοὺς
1018 1246 1275 1291 καταπτοεῖ
1303 1240 1464 1301 πάλιν,
1493 1241 1574 1289 οὐκ
1601 1240 1682 1307 ἀφ’
1704 1247 1730 1288 d

98 1324 263 1374 ἑαυτοῦ
298 1323 383 1387 μὲν
409 1324 562 1374 ἐλθεῖν
594 1321 806 1388 καθάπερ
841 1321 898 1386 ἦν
924 1322 1027 1376 ε”θος
1065 1323 1219 1375 αὐτοῖς
1256 1321 1682 1390 ψευδοπροφητεύ-

33 1427 78 1465 15
99 1428 249 1468 ουσιν,
275 1405 577 1457 ἀπεστάλθαι
616 1404 663 1455 δὲ
702 1403 831 1470 παρὰ
864 1408 987 1455 Θεοῦ
1027 1406 1193 1470 λέγων,
1220 1404 1296 1454 ἵνα
1335 1406 1382 1454 ἐν
1418 1405 1572 1472 ταύτῷ
1612 1406 1686 1454 καὶ

98 1487 184 1551 τὴν
211 1493 292 1538 τοῦ
320 1486 722 1555 ψευδοπροφήτου
749 1485 893 1555 δόξαν
920 1486 1310 1552 ἀποκρουόμενος,
1339 1488 1414 1536 καὶ
1450 1485 1687 1536 διδάσκων

100 1572 161 1622 ὡς
186 1570 239 1619 οὐ
264 1570 456 1635 μετρίαν
484 1568 715 1637 ὑφέξουσι
751 1570 897 1632 δίκην,
926 1569 1011 1636 οὐχ
1048 1568 1174 1623 ὅπως
1209 1566 1507 1634 ἀτιμάζοντες
1543 1567 1688 1631 μόνον

99 1650 181 1701 τὸν
206 1651 568 1713 ἀπεσταλμένον
592 1650 722 1717 παρὰ
754 1658 837 1702 τοῦ
866 1655 993 1702 Θεοῦ
1020 1653 1095 1701 καὶ
1124 1649 1329 1717 Πατρὸς,
1357 1650 1466 1700 ἀλλ’
1495 1649 1582 1713 ἤδη
1613 1651 1688 1699 καὶ

100 1736 253 1799 φονᾶν
283 1733 352 1784 ἐπ’
381 1734 507 1802 αὐτῷ
542 1732 882 1796 τολμήσαντες,
909 1731 962 1783 τὸ
999 1731 1229 1799 ἀχάλινον
1255 1733 1408 1782 αὐτῶν
1435 1729 1687 1799 ἀνακόψειε

33 1843 81 1868 20
101 1813 293 1881 θράσος.

174 1897 237 1948 ‘O
268 1896 354 1960 μὲν
387 1897 469 1947 οὖν
502 1903 584 1948 τοῦ
623 1896 926 1963 προκειμένου
966 1896 1112 1960 λόγος
1150 1897 1197 1945 ἐν
1232 1894 1429 1948 τούτοις·
1475 1893 1592 1948 εἰκὸς
1631 1894 1687 1958 δὴ

100 1977 248 2029 πάλιν
297 1977 481 2044 τροφὴν
531 1977 693 2044 ὥσπερ
743 1976 847 2028 τινὰ
902 1982 1138 2029 ποιεῖσθαι
1192 1976 1275 2027 τὸν
1326 1975 1554 2042 αἱρετικὸν
1605 1979 1688 2040 τῆς

101 2059 297 2124 ἐνούσης
335 2061 460 2129 αὐτῷ
499 2061 784 2120 δυσσεβείας
824 2058 878 2110 τὸ
920 2059 1172 2124 εἰρημένον.
1238 2057 1554 2124 κατηγορήσει
1596 2057 1728 2124 γὰρθ

101 2141 217 2196 ἰ’σως
256 2145 338 2205 τῆς
376 2143 541 2196 οὐσίας
580 2148 662 2193 τοῦ
700 2146 1020 2206 Μονογενοῦς,
1050 2139 1169 2191 εἶναί
1203 2162 1251 2191 τε
1292 2138 1436 2202 αὐτὴν
1468 2141 1516 2189 ἐν
1543 2138 1684 2190 ἐλάτ-

35 2245 82 2282 25
101 2246 237 2274 τοσιν
268 2223 297 2289 ἢ
337 2226 384 2274 ἐν
416 2222 482 2277 οἶς
516 2226 648 2274 ἐστιν
684 2224 708 2273 ὁ
746 2222 915 2289 Πατὴρ
955 2222 1151 2286 νομίσει,
1180 2221 1254 2273 διὰ
1293 2220 1347 2271 τὸ
1386 2219 1690 2272 ἀπεστάλθαι

102 2306 257 2371 λε’γειν
282 2306 391 2372 παρ’
421 2307 576 2357 αὐτοῦ.
627 2306 737 2356 ἀλλ’
767 2304 976 2356 ἐννοείτω
1011 2304 1160 2355 πάλιν
1193 2305 1218 2354 ὁ
1251 2308 1459 2355 τοιοῦτος
1498 2304 1572 2353 καὶ
1608 2306 1691 2366 τῆς

103 2388 269 2453 ἀρτίως
297 2389 406 2451 ἡμῖν
431 2387 672 2452 εἰρημένης
703 2387 966 2449 οἰκονομίας
995 2384 1077 2436 τὸν
1104 2384 1297 2450 τρόπον,
1328 2386 1403 2434 καὶ
1428 2384 1689 2448 μεμνήσθω

103 2473 312 2531 βοῶντος
350 2475 431 2519 τοῦ
470 2468 669 2519 Παύλου
704 2470 810 2535 περὶ
848 2473 930 2518 τοῦ
962 2471 1079 2518 Υὶοῦ
1108 2464 1247 2520 κΛΟς
1282 2468 1329 2516 ἐν
1362 2470 1528 2534 μορφῇ
1565 2470 1690 2516 Θεοῦ
1753 2465 1887 2539 ξῇδῙ-ῑῑ·

105 2557 132 2580 “
159 2549 384 2618 ὑπάρχων
418 2551 504 2617 οὐχ
541 2548 794 2616 ἁρπαγμὸν
825 2548 1040 2614 ἡγήσατο
1079 2547 1133 2599 τὸ
1167 2546 1280 2598 εἶναι
1318 2547 1403 2597 ’ίσα
1431 2550 1553 2615 Θεῷ,
1578 2548 1688 2597 ἀλλ’

37 2650 87 2686 30
106 2638 132 2661 ‘⁶
158 2630 322 2682 ἑαυτὸν
373 2630 570 2681 ε’κένωσε
627 2629 820 2698 μορφὴν
871 2630 1044 2681 δούλου
1101 2629 1282 2689 λαβὼν,
1335 2630 1382 2678 ἐν
1434 2627 1691 2691 ὁμοιώματι

106 2721 133 2743 “
159 2711 420 2777 ἀνθρώπων
457 2712 718 2776 γενόμενος,
752 2713 826 2762 καὶ
865 2711 1077 2778 σχήματι
1116 2712 1311 2775 εὑρεθεὶς
1347 2711 1409 2762 ὡς
1445 2709 1731 2774 ἄνθρωποςᾶ
1763 2721 1846 2754 555
1863 2719 1913 2752 Α-

106 2802 133 2825 “
159 2794 470 2845 ἐταπείνωσεν
513 2792 690 2854 ἑαυτὸν,
731 2792 935 2855 ὑπήκοος
974 2790 1223 2856 γενόμενος
1261 2790 1397 2856 μέχρι
1436 2789 1689 2841 θανάτου.”

155 2917 187 2940 2.
213 2907 231 2939 ὁ
250 2905 379 2948 Σαμέας
399 2903 440 2938 Β.
459 2905 476 2937 ὁ
495 2901 616 2947 ιῖμαίας
635 2901 754 2936 HOlSt.
772 2901 866 2936 unde
882 2900 1037 2937 Ἀνανίας
1055 2901 1149 2935 Aub.
1343 2911 1396 2946 19.
1422 2901 1631 2946 ἀνακόψειαν
1650 2900 1691 2934 Β.

109 2952 204 2986 unde
221 2951 377 2995 ἀνακόψῃ
397 2951 436 2984 ἂν
453 2949 615 2983 emendat
635 2949 763 2993 Heyse,
897 2949 951 2983 28.
977 2950 1127 2988 βοῶντος
1143 2949 1204 2982 τοῦ
1222 2946 1363 2982 Παύλου
1380 2947 1446 2981 hoc
1464 2948 1584 2982 ordine
1604 2948 1646 2982 B.
