2001 3261
310 127 389 166 162
710 127 760 168 B.
792 127 1064 167 CYRILLI
1106 128 1484 168 ALEXANDR.
1664 128 1893 182 ix.13,14.

309 236 635 303 ἀναισχύντως
669 236 826 302 λέγειν
856 237 910 287 οὐ
945 238 1325 302 παραιτούμενοι.
1383 236 1420 305 ᾧ
1454 236 1548 303 γὰρ
1582 235 1639 300 ἧν
1665 235 1785 290 εἰκὸς
1819 237 1894 286 καὶ

309 319 553 369 πλουσίαν
598 318 881 386 ὀφείλεσθαι
926 317 1073 386 δόξαν
1117 317 1204 382 τὴν
1247 321 1297 369 ἐκ
1341 324 1611 384 μικρυσμοῦ
1657 317 1897 383 λοιδορίαν

308 398 665 465 προσάπτουσι·
709 400 857 451 καίτοι
894 398 1138 463 θαυμάσαι
1174 400 1277 450 δέον
1303 400 1430 466 ε’ίπερ
1457 399 1583 464 ἦσαν
1609 401 1792 465 ἀγαθοὶ,
1820 400 1896 449 καὶ

309 486 406 535 τοῖς
449 481 781 548 προσήκουσιν
824 483 1030 535 ἐπαίνοις
1076 480 1162 544 τὴν
1204 487 1288 532 τοῦ
1335 485 1460 532 Θεοῦ
1505 481 1700 544 δύναμιν
1745 503 1890 530 κατα-

310 564 507 631 στέφειν
542 564 726 626 εἰδότες,
754 564 864 614 ἀλλ’
893 563 1008 628 ὅπερ
1043 561 1103 626 ἧν
1139 561 1266 625 οἶμαι
1300 564 1478 613 δίκαιον
1504 562 1672 617 αὐτοὺς
1707 566 1896 632 φρονεῖν
1916 577 1938 616 5

310 668 361 695 τε
400 649 476 696 καὶ
515 648 631 711 δρᾶν
668 646 725 714 ἐξ
760 644 1023 712 ἀμετρήτου
1063 646 1380 705 κακοβουλίας
1418 645 1792 711 παρωθούμενοι,
1834 647 1897 697 εἷς·

310 727 506 794 ἄκαιρον
531 726 911 794 παρατρέπονται
939 727 1103 793 ζῆλον,
1131 730 1206 778 καὶ
1239 727 1309 777 ὅτι
1345 730 1587 793 προσῆκεν
1613 725 1897 795 ἀδικουμένῳ

311 809 489 874 τρόπον
527 808 631 859 τινὰ
678 813 915 859 συνειπεῖν
952 812 1018 878 τῷ
1057 807 1186 877 νόμῳ
1225 808 1463 872 κιβδήλως
1503 807 1894 871 διενθυμούμενοι,

267 897 294 938 (1
313 890 534 957 ζητοῦσιν
565 893 625 944 ὡς
665 889 990 957 ἐργασάμενον
1020 892 1068 941 ἐν
1096 889 1334 960 σαββάτῳ
1371 889 1454 941 τὸν
1477 892 1668 955 Ἰησοῦν
1702 892 1776 941 καὶ
1813 889 1898 953 τὴν

310 975 458 1027 οὕτως
497 971 794 1041 ἀξιάγαστον
825 971 1023 1036 ἐντολὴν
1054 972 1348 1036 ἀδικήσαντα
1387 971 1462 1023 διὰ
1493 978 1577 1022 τοῦ
1611 976 1898 1038 θεραπεῦσαι
1921 988 1970 1013 10

308 1054 392 1105 τὸν
418 1055 682 1119 ἄνθρωπον.
737 1053 856 1107 εἰκὸς
881 1053 975 1120 γὰρ
1003 1053 1154 1118 δήπου
1181 1052 1379 1119 νομίζειν
1405 1053 1586 1115 αὐτοὺς,
1613 1056 1768 1117 ἀπηνῆ
1794 1075 1899 1104 τινα

309 1141 385 1187 καὶ
437 1137 490 1187 οὐ
542 1137 905 1204 φιλοικτίρμονα
954 1136 1037 1186 τὸν
1089 1135 1214 1186 Θεὸν
1265 1135 1492 1203 ὑπάρχειν
1541 1138 1589 1186 ἐν
1640 1133 1895 1203 σαββάτῳ,

309 1221 590 1285 ἀγανακτεῖν
642 1217 690 1268 δὲ
743 1216 939 1286 σφόδρα
992 1216 1079 1268 κᾶν
1129 1216 1292 1285 βλέπῃ
1344 1216 1613 1284 σωζόμενον
1662 1216 1745 1267 τὸν
1796 1216 1895 1267 κατ’

309 1299 463 1352 εἰκόνα
509 1302 583 1351 καὶ
636 1299 865 1363 ὁμοίωσιν
910 1299 996 1363 τὴν
1041 1300 1184 1349 αὐτοῦ
1229 1298 1474 1364 γεγονότα,
1522 1301 1576 1350 δι’
1621 1297 1674 1350 ὃν
1718 1301 1793 1349 καὶ
1843 1297 1898 1348 τὸ

87 1378 246 1409 8.Μειῒῒ.1].

86 1422 143 1453 xii.
159 1421 189 1452 8.
310 1382 582 1443 σάββατον·
641 1389 669 1411 “
692 1381 866 1447 Κύριος
906 1381 1000 1447 γάρ
1040 1382 1143 1431 ἐστι
1184 1386 1267 1432 τοῦ
1309 1381 1567 1443 σαββάτου
1607 1383 1632 1432 ὁ
1677 1379 1771 1434 υἱὸς
1815 1385 1897 1431 τοῦ
1923 1398 1969 1437 15

311 1472 338 1494 ‘⁴
364 1464 654 1531 ἀνθρώπου,”
684 1463 804 1514 κατὰ
843 1463 928 1528 τὴν
960 1470 1044 1514 τοῦ
1084 1466 1304 1530 Σωτῆρος
1344 1464 1524 1532 φωνήν.

162 1632 208 1668 13
246 1627 501 1674 14''As0001v
538 1626 667 1668 αὐτὸν
702 1625 809 1681 Πρὸς
846 1625 946 1666 τοὺς
982 1624 1244 1681 Φαρισαίους
1281 1625 1354 1667 τόν
1389 1640 1493 1666 Πότε
1531 1624 1708 1681 τυφλόν.
1769 1620 1818 1665 ἦν
1851 1622 1898 1664 δὲ

272 1726 294 1753 e
380 1712 590 1760 σάββατον
640 1710 684 1750 ἐν
736 1713 758 1767 ξι
810 1709 946 1766 ἡμέρα
994 1709 1067 1750 τὸν
1116 1708 1254 1750 ΠΗΛὸν
1304 1708 1504 1750 ἐΠΟίΗσεν
1547 1708 1569 1749 ὁ
1612 1708 1780 1749 ἸΗσοῦε
1829 1706 1898 1748 καὶ

379 1793 548 1835 ἧνοιὲεν
587 1793 717 1833 αὑτοῦ
757 1792 855 1833 τοὺς
894 1792 1162 1847 ὀφθαλμούς,

385 1901 757 1967 Ἀποκομίζουσι
784 1905 880 1953 τοῖς
906 1899 1178 1965 ἡγουμένοις
1204 1900 1287 1951 τὸν
1313 1900 1577 1965 ἄνθρωπον,
1606 1899 1694 1966 οὐχ
1728 1898 1804 1948 ἵνα
1838 1896 1898 1948 τὰ
1919 1920 1969 1945 20

311 1984 379 2034 ἐπ’
410 1984 534 2052 αὐτῷ
572 1982 801 2045 μαθόντες
839 1981 1171 2045 θαυμάσωσιν·
1221 1983 1274 2032 οὐ
1313 1980 1406 2047 γὰρ
1444 1979 1502 2044 ἦν
1541 1979 1658 2034 εἰκὸς
1697 1980 1777 2031 ε’πί
1809 2002 1898 2031 τινι

310 2070 405 2115 τῶν
457 2064 680 2115 τοιούτων
730 2065 939 2128 ἡσθῆναί
984 2087 1098 2115 ποτε
1148 2062 1256 2117 τους
1308 2062 1597 2129 ἀσύγκριτον
1649 2061 1899 2115 ὠδίνοντας

91 2160 180 2195 606
196 2159 247 2194 A.
272 2169 295 2193 a
312 2146 492 2215 φθόνον
519 2145 639 2197 κατὰ
673 2152 756 2196 τοῦ
794 2149 1015 2211 Σωτῆρος
1049 2146 1181 2209 ἡμῶν
1207 2149 1439 2210 Χριστοῦ,
1466 2145 1577 2195 ἀλλ’
1604 2147 1666 2197 ὡς
1700 2144 1898 2208 ἔνδηλον

311 2228 708 2291 καταστήσοντες,
743 2227 954 2292 καθάπερ
994 2225 1157 2295 ᾤοντο,
1184 2226 1270 2290 τὴν
1304 2227 1604 2293 παρανομίαν
1639 2227 1796 2287 αὐτοῦ,
1821 2226 1897 2276 καὶ

312 2310 718 2376 κατηγορήσοντες
757 2311 818 2362 ὡς
858 2308 1109 2372 ἠδικηκότα
1149 2308 1225 2358 διὰ
1266 2308 1319 2358 τὸ
1361 2308 1610 2374 εἰργάσθαι
1649 2307 1809 2371 πηλὸν
1848 2309 1896 2358 ἐν
1919 2327 1966 2362 20

312 2390 566 2461 σαββάτῳ.
622 2390 676 2441 τὸ
702 2391 794 2456 γὰρ
821 2392 894 2441 ἐπὶ
921 2394 986 2458 τῷ
1013 2389 1271 2460 παραδόξῳ
1298 2395 1456 2453 θαῦμα
1483 2392 1806 2451 λακτίσαντες,
1834 2391 1896 2442 ὡς·

310 2473 637 2538 πλημμελείας
671 2477 755 2523 τοῦ
789 2471 1069 2539 πράγματος
1102 2470 1470 2538 ἐπιδράττονται,
1497 2470 1700 2539 ἐ’λεγχον
1730 2469 1895 2536 ὥσπερ

309 2560 405 2607 τῶν
431 2555 723 2621 δεδραμένων
747 2553 1135 2621 παραδεικνύντες
1161 2552 1243 2605 τὸν
1269 2554 1534 2620 ἄνθρωπον,
1559 2554 1632 2622 ἐφ’
1660 2551 1698 2622 ᾧ
1722 2552 1892 2603 τετόλ-

362 2711 392 2734 1.
416 2699 531 2744 λέγειν
548 2705 772 2744 assumptum
791 2711 832 2733 ex
853 2699 894 2733 B.
899 2711 929 2733 c.
951 2698 1059 2734 Cord.
1135 2696 1162 2746 ᾠ
1180 2699 1344 2733 emendat
1364 2699 1552 2745 Heyse.01’›
1572 2698 1615 2732 Β.
1634 2697 1702 2732 Ed.
1753 2697 1895 2732 Desunt

312 2746 396 2781 haec
414 2747 450 2780 'ln
470 2746 624 2781 CateniS.
703 2757 734 2780 2.
755 2747 984 2789 ε’κμυκρισμοῦ
1004 2746 1046 2780 Β.
1065 2747 1099 2780 ἐκ
1118 2749 1311 2790 μικρυσμοῦ
1329 2746 1527 2780 emendavit
1547 2745 1664 2779 Holst.
1739 2755 1794 2778 21.
1813 2744 1894 2778 θαυ

311 2793 464 2835 μάζωσιν
481 2805 510 2826 a
728 2804 784 2837 23.
810 2793 915 2836 δήλην
933 2805 963 2827 a.
1031 2793 1156 2827 Statim
1177 2792 1476 2836 καταστήσοντες
1467 2804 1496 2826 a.
1516 2798 1549 2826 et
1566 2792 1612 2825 ita
1630 2791 1741 2825 voluit
1762 2790 1841 2835 Hey
1844 2802 1892 2825 se.

313 2838 587 2881 καταστήσαντες
606 2838 647 2873 Β.
666 2839 733 2872 Ed.
977 2850 1032 2882 25.
1059 2839 1350 2884 κατηγορήσοντες
1370 2839 1411 2873 Β.
1431 2837 1723 2883 κατηγορήσαντες
1742 2836 1805 2870 Ht.
1825 2836 1892 2870 Ed.

314 2893 369 2928 27.
394 2886 627 2928 πλημμελείας
645 2897 675 2919 a.
693 2885 907 2930 πλημμελείᾳ
927 2885 993 2920 Ed.
1139 2888 1192 2920 28.
1219 2885 1516 2930 παριιδεικνύοντες
1534 2896 1564 2919 a.
1644 2885 1831 2927 τετόλμητο
1850 2883 1892 2918 Β.

315 2929 379 2964 Ht.
397 2932 579 2974 τετόλμηκε
598 2943 614 2965 e
635 2932 713 2967 Cat.
729 2938 768 2966 ut
785 2931 855 2966 vid.
876 2932 967 2967 Aub.
