2022 3272
118 147 288 192 xiii.21.
499 149 567 190 [N
610 150 651 190 S.
687 150 1025 190 AOANNEM.
1095 150 1215 189 [ΑΒ.
1252 150 1328 189 IX.
1621 149 1704 187 :563

119 263 244 307 νοῦν.
298 262 396 311 πῶς
423 257 516 324 γὰρ
542 258 600 308 ὀίν
625 281 669 308 τι
697 262 772 308 καὶ
800 258 986 326 φράσαι
1012 262 1204 326 σαφῶς,
1235 257 1259 307 ὃ
1293 259 1368 308 καὶ
1400 257 1545 319 αὐτὴν
1572 257 1703 319 ἡμῶν

120 340 422 407 ὑπερανίσχει
456 340 542 404 τὴν
567 341 776 402 ἔννοιαν,
820 343 892 391 δεῖ
920 345 1170 406 τοιγαροῦν
1197 340 1330 403 ἡμᾶς,
1359 337 1572 404 καθάπερ
1600 337 1704 387 τινὰ

119 420 268 471 τύπον
293 426 386 472 τῶν
417 422 663 486 νοημάτων
695 422 781 486 τὴν
816 426 911 473 τῶν
947 423 1256 487 ἀνθρωπίνων
1290 420 1514 488 ῥημάτων
1549 420 1704 486 παχύ-

118 526 236 567 τητα
271 505 562 571 δεχομένους,
588 503 658 555 ἐπ’
686 503 804 555 αὐτὰ
838 508 1094 570 πειρᾶσθαι
1133 504 1352 570 βαδίζειν,
1380 502 1499 553 κατά
1534 525 1586 567 γε
1623 501 1705 551 τὸν
1725 506 1750 546 b

77 603 99 641 5
118 586 417 653 ἐγχωροῦντα
449 585 639 653 τρόπον,
665 586 724 637 τὰ
749 589 832 650 τῆς
857 585 1075 650 θεότητος
1102 586 1208 637 ἰ’δια.
1278 584 1427 636 δεινὸν
1454 590 1706 650 τοιγαροῦν

120 672 182 720 εἷς
213 667 436 736 ἐλέγχους
471 668 525 719 τὸ
563 673 699 730 θεῖον,
727 670 802 719 καὶ
837 667 1025 737 ἀκράτῳ
1059 668 1375 736 μισοπονηρίᾳ
1412 666 1703 729 κινούμενον,

120 751 226 800 καθ’
257 748 322 800 ὧν
347 750 405 801 ἂν
430 757 568 801 τοῦτο
595 751 817 816 γενέσθαι
852 751 1022 816 πρέποι
1058 750 1214 819 ψήφῳ
1250 754 1308 818 τῇ
1341 749 1452 815 παρ’
1481 750 1642 811 αὐτοῦ,
1671 751 1708 799 εἱ

121 834 196 882 καὶ
229 832 342 898 ὑπὲρ
377 832 526 899 λόγον
552 833 826 901 ἀνεξικακεῖ.
870 832 983 882 ὅταν
1009 832 1090 883 οὖν
1117 833 1144 895 ἡ
1172 832 1272 882 θεία
1299 831 1463 900 γραφὴ
1491 854 1704 894 καταση-

120 917 262 978 μῆναι
300 917 534 979 βούληται
571 915 626 966 τὸ
665 914 784 965 κατὰ
822 919 916 965 τῶν
948 913 1318 975 δυσσεβούντων
1351 916 1487 964 οἱονεὶ
1526 915 1710 977 κίνημα,

58 1021 102 1044 ιο
121 996 270 1048 πάλιν
295 999 344 1048 ἐκ
381 1002 476 1048 τῶν
507 998 614 1048 καθ’
642 998 764 1061 ἡμᾶς
801 995 1136 1061 λαμβάνουσα,
1163 998 1238 1047 καὶ
1272 1000 1368 1049 τοῖς
1403 995 1712 1061 ἀνθρωπίνοις

122 1080 496 1146 ἀποχρησαμένη
539 1079 763 1147 ῥήμασιν,
804 1078 951 1145 ὀργὴν
992 1078 1205 1145 ὀνομάζει
1244 1080 1321 1130 καὶ
1360 1078 1522 1142 θυμὸν,
1563 1078 1712 1127 καίτοι

121 1165 204 1226 τῆς
231 1163 355 1216 θείας
382 1162 545 1216 οὐσίας
572 1163 648 1212 καὶ
675 1162 782 1212 καθ’
812 1160 1065 1225 ὁμοιότητα
1100 1159 1186 1224 τὴν
1214 1161 1345 1225 ἡμῶν
1371 1165 1465 1211 τῶν
1488 1158 1712 1210 τοιούτων

121 1248 289 1295 παθῶν
322 1243 646 1307 ὑπομενούσης
685 1242 832 1306 οὐδὲν,
859 1243 1129 1307 κινουμένης
1169 1242 1217 1294 δὲ
1255 1241 1400 1307 μόνον
1430 1245 1493 1295 εἷς
1528 1239 1707 1306 ἀγανά-
1729 1266 1751 1291 o

125 1348 306 1389 κτησιν,
334 1328 396 1379 ὡς
431 1324 530 1377 οἶδέ
559 1348 608 1376 τε
645 1327 721 1376 καὶ
753 1326 961 1394 πέφυκεν
989 1324 1120 1389 αὐτή·
1164 1329 1412 1377 παντελῶς
1437 1323 1530 1389 γὰρ
1557 1323 1707 1389 ἀπόρ-

59 1410 243 1476 15ῥητα
281 1408 340 1459 τὰ
377 1411 481 1475 περὶ
521 1412 661 1459 Θεοῦ·
708 1408 802 1459 ἀπὸ
842 1406 889 1458 δὲ
927 1412 1022 1458 τῶν
1059 1407 1295 1474 ἡμετερων
1330 1408 1468 1469 ἐθῶν,
1501 1405 1713 1470 καθάπερ

124 1491 292 1557 ἀρτίως
326 1490 585 1558 εἰρήκαμεν,
611 1489 671 1541 τὰ
711 1489 825 1557 ὑπὲρ
865 1491 986 1555 ἡμᾶς
1021 1489 1346 1558 καταγράφειν
1377 1488 1480 1542 ε”θος
1518 1492 1576 1556 τῇ
1615 1487 1715 1555 θείᾳ

124 1576 307 1641 γραφῇ.
360 1571 638 1644 τεταράχθαι
676 1578 929 1638 τοιγαροῦν
963 1572 1163 1624 κάνθάδε
1205 1573 1357 1641 φησὶν
1393 1573 1418 1622 ὁ
1458 1569 1716 1623 θεσπέσιος

127 1654 494 1719 Εὐαγγελιστὴς
528 1654 611 1705 τὸν
638 1653 858 1721 Χριστὸν
883 1661 944 1725 τῷ
979 1654 1216 1723 πνεύματι,
1244 1653 1298 1705 τὸ
1334 1651 1600 1718 μισόκακον
1632 1657 1717 1702 τοῦ

129 1736 406 1801 Πνεύματος
432 1738 605 1801 κίνημα
630 1736 845 1805 ταραχὴν
873 1737 1129 1801 ὀνομάσας·
1171 1738 1224 1788 οὐ
1249 1736 1342 1802 γὰρ
1369 1734 1441 1799 ἧν,
1469 1736 1531 1788 ὡς
1559 1734 1716 1795 ἔοικεν,

61 1843 109 1868 20
128 1818 293 1885 ἑτέρως
318 1823 475 1870 εἰπεῖν.
531 1818 650 1872 εἰκὸς
678 1819 727 1869 δὲ
755 1818 906 1883 δήπου
942 1820 1018 1870 καὶ
1050 1818 1137 1882 τὴν
1162 1822 1245 1882 τῆς
1277 1817 1498 1881 θεότητος
1530 1817 1717 1877 κίνησιν

128 1901 211 1951 οὐκ
256 1902 543 1966 ἐνεγκοῦσαν
586 1900 672 1964 τὴν
713 1899 887 1966 σάρκα,
927 1901 1086 1968 βραχύ
1128 1924 1171 1951 τι
1218 1902 1293 1950 καὶ
1337 1898 1596 1966 ὑποφρίξαι
1640 1897 1760 1947 καὶᾶ

129 1981 337 2048 θορύβου
375 1985 545 2049 σχῆμα
581 1986 763 2043 παθεῖν,
804 1986 880 2032 καὶ
922 1988 1121 2046 σημεῖον
1164 1984 1308 2048 ὀργῆς
1350 1979 1587 2048 ἐπιδεῖξαι,
1626 2001 1710 2028 κα-

130 2064 278 2131 θάπερ
305 2065 385 2115 οῦν
411 2064 575 2127 ἀμέλει
602 2067 677 2114 καὶ
704 2065 779 2115 ἐπὶ
796 2063 998 2134 Λαζάρῳ
1027 2065 1308 2130 γέγραπται,
1325 2062 1396 2113 ὅτι
1423 2069 1450 2091 “
1469 2059 1711 2126 ἐμβριμώ-
1779 2066 1885 2148 ἰέψὲξ

131 2155 155 2177 “
181 2170 319 2210 μενος
345 2149 493 2216 ἑαυτῷ
520 2148 544 2197 ὁ
571 2147 760 2210 Ἰησοῦς
786 2150 847 2199 εὶς
874 2144 927 2196 τὸ
955 2146 1210 2210 μνημεῖον”
1239 2143 1516 2210 ἐνεβάδιζεν.
1572 2142 1714 2207 ὅνπερ
1779 2135 1786 2139 ⁴
1815 2134 1821 2140 ¹
1885 2134 1891 2139 ο

64 2247 111 2284 25
130 2229 222 2296 γὰρ
272 2229 451 2295 τρόπον
495 2230 543 2279 ἐν
585 2229 773 2281 ἐκείνοις
820 2227 905 2292 τὴν
953 2228 1074 2279 κατὰ
1119 2234 1202 2279 τοῦ
1248 2227 1454 2278 θανάτου
1505 2229 1715 2292 δριμεῖαν

130 2311 330 2377 ᾀπειλὴν
355 2311 645 2377 ἐμβρίμησιν
671 2309 777 2377 ἔφη,
804 2311 926 2360 οὕτω
954 2308 1154 2361 κάνθάδε
1181 2309 1235 2360 τὸ
1263 2307 1383 2360 κατὰ
1413 2313 1496 2359 τοῦ
1532 2311 1709 2359 δυσσε-

130 2399 245 2455 βοῦς
288 2391 521 2458 προδότου
563 2392 734 2456 κίνημα
784 2395 851 2461 τῴ
895 2395 978 2453 τῆς
1023 2395 1234 2459 ταραχῆς
1279 2390 1472 2454 ὀνόματι
1514 2390 1716 2454 κατεσή-

130 2497 307 2538 μαινεν.
364 2471 582 2543 ἐταράχθη
621 2472 670 2523 δὲ
712 2473 913 2535 εἰκότως,
953 2475 1027 2525 ἐπὶ
1070 2479 1171 2527 ταῖς
1208 2473 1365 2524 Ἰούδα
1411 2473 1716 2538 δυστροπίαις

132 2558 426 2622 ἀγανακτῶν.
481 2556 530 2605 τί
564 2553 657 2621 γὰρ
697 2553 754 2605 ἂν
786 2555 969 2620 γένοιτο
1009 2558 1091 2618 τῆς
1129 2555 1303 2605 ἐκείνου
1339 2555 1622 2613 δυσσεβείας
1661 2553 1715 2603 τὸ

65 2661 115 2696 30
131 2638 350 2699 ἐπέκεινα,
389 2636 438 2690 ὅς
480 2658 534 2701 γε
576 2640 672 2689 τοῖς
714 2636 883 2689 ἄλλοις
923 2637 972 2686 ἐν
1010 2635 1101 2704 ’ίσω
1141 2640 1374 2700 μαθηταῖς
1415 2634 1755 2698 τετιμημένοςθ

131 2743 181 2771 τε
209 2721 472 2787 ὑπερφυῶς,
500 2718 575 2768 καὶ
601 2719 649 2768 ἐν
675 2722 772 2771 τοῖς
807 2717 1086 2771 ἀπολέκτοις
1122 2715 1537 2781 κατατεταγμένος,
1565 2715 1715 2785 ὀλίγῳ

183 2870 236 2894 12.
263 2860 315 2892 καὶ
334 2863 556 2903 assumptum
575 2869 615 2891 ex
634 2857 676 2891 E.
822 2868 875 2899 14.
902 2855 954 2901 τε]
975 2871 1024 2891 τις
1045 2857 1085 2890 Ε.
1233 2867 1285 2900 17.
1313 2856 1365 2889 καὶ
1382 2855 1496 2889 ἐνθάδε
1519 2855 1558 2889 Ε.
1576 2854 1718 2889 κάνθάδε

135 2906 266 2940 habent
283 2917 312 2939 c.
334 2904 441 2939 Cord.
643 2904 696 2938 18.
724 2902 786 2948 τῷ]
808 2903 843 2937 ἐν
860 2905 906 2948 τῷ
925 2915 954 2938 c.
977 2903 1082 2937 C-ord.
1286 2913 1340 2937 21.
1369 2902 1443 2947 οὐκ]
1463 2902 1507 2946 μὴ
1527 2913 1589 2937 a.c.
1610 2901 1717 2936 Cord.

136 2964 192 2998 30.
220 2952 256 2988 ὅς
274 2952 315 2987 Ε.
335 2951 401 2986 ὅσα
421 2950 486 2985 Ed.

870 3017 988 3059 3A2
