2037 3266
117 752 224 793 Supra

120 795 184 826 860
195 796 225 826 d.

120 1310 229 1349 Supra

120 1354 186 1385 xiv.
198 1352 228 1384 6.

124 1578 135 1600 1
147 1569 278 1600 S.Joa11.

122 1624 153 1644 v.
175 1623 224 1644 20.

340 150 424 188 546
742 150 792 191 B.
825 149 1099 190 CYRILLI
1142 149 1524 190 ALEXANDR.
1798 161 1868 187 xv.
1891 158 1925 184 1.

406 255 508 307 ςΗν
534 257 618 321 μὲν
644 259 724 309 οῦν
751 257 870 313 εἰκὸς
901 257 1033 309 οὐδὲν
1058 258 1123 309 ε”τι
1158 258 1277 325 πρὸς
1313 264 1461 310 ταῦτα
1497 258 1652 310 θέλειν
1679 260 1821 308 εἰπεῖν
1847 253 1929 305 τὸν

341 339 395 389 δι’
421 340 645 403 ἐναντίας,
674 341 759 391 οὐκ
789 340 1081 409 ἐξισταμένῳ
1117 339 1164 391 δὲ
1202 343 1285 403 τῆς
1322 341 1522 401 ἐνούσης
1552 341 1679 409 αὐτῷ
1714 342 1924 399 δυσβου-

340 420 459 482 λίας,
481 422 674 491 οἷομένῷ
701 445 749 472 τε
777 424 1017 487 ἀλλογενῆ
1045 421 1128 472 τὸν
1152 423 1201 472 ἐκ
1230 425 1354 472 Θεοῦ
1383 424 1457 472 καὶ
1487 421 1678 487 Πατρὸς
1707 419 1931 486 ὑπάρχειν

295 505 323 545 d
341 500 471 563 Υὶὸν,
497 503 581 553 οὐκ
607 503 873 567 ἐνδώσομεν
899 508 994 556 τοῖς
1030 505 1112 566 τῆς
1148 504 1372 562 ἀληθείας
1406 509 1780 569 συνηγοροῦντες
1813 501 1927 566 δόγ-

340 603 506 646 μασιν·
549 585 837 653 ἐπιδείξομεν
863 584 956 651 γᾶρ
985 585 1187 649 ὁμογενῆ
1213 585 1417 650 λε’γοντα
1441 590 1499 653 τῇ
1527 586 1677 636 κτίσει
1701 583 1784 634 τὸν
1806 580 1931 634 Θεὸν

342 668 418 716 καὶ
465 666 673 732 Πατέρά
731 669 806 716 καὶ
850 671 951 720 πῶς
996 665 1024 730 ἢ
1070 666 1232 730 πόθεν,
1279 667 1479 718 ἀκούοιτ’
1527 665 1583 718 ἂν
1626 667 1715 731 ἤδη
1764 663 1927 717 πάλιν.

343 747 558 810 ἄμπελον
610 749 818 814 ἐναργῶς
869 749 1141 799 διατείνεται
1190 749 1271 799 καί
1317 753 1484 816 φησιν,
1537 749 1591 799 οὐ
1640 747 1725 812 τὴν
1774 746 1932 813 σάρκα

341 835 549 893 μᾶλλον,
596 831 707 880 ἀλλ’
751 829 895 894 αὐτὴν
940 830 1219 893 ὠνομάσθαι
1263 829 1348 894 τὴν
1396 830 1594 893 θεότητα
1637 836 1721 881 τοῦ
1764 833 1930 879 Μονο-

341 917 520 977 γενοῦς.
571 912 712 979 ἐχέτω
751 915 859 978 τῇδε
900 910 1060 979 τυχόν·
1117 913 1296 974 οὐκοῦν,
1337 912 1568 978 ἐρήσομαι
1606 912 1713 978 γὰρ,
1753 913 1932 962 ἀπολο-

341 996 521 1059 γείσθω
567 994 613 1044 δὲ
660 994 821 1056 πάλιν,
861 993 1061 1059 πότερόν
1104 1017 1217 1045 ποτε
1265 994 1390 1045 Θεὸν
1435 993 1662 1059 ἀληθινὸν
1708 992 1931 1060 ὑπάρχειν

341 1076 484 1126 οἴεται
522 1075 605 1127 τὸν
640 1075 771 1138 Υἱὸν,
813 1075 840 1140 ἢ
881 1077 998 1143 οὐχὶ,
1036 1081 1265 1142 προσερεῖ
1300 1076 1347 1127 δὲ
1384 1076 1522 1128 νόθον
1561 1078 1636 1127 καὶ
1675 1077 1724 1126 ἐν
1762 1078 1931 1143 ψιλαῖς

341 1158 510 1225 ἔχοντα
537 1162 714 1225 φωναῖς
743 1157 796 1208 τὸ
824 1157 1030 1226 ἀξίωμα.
1087 1162 1123 1208 εἰ
1150 1158 1235 1221 μὲν
1261 1158 1354 1224 γὰρ
1382 1160 1463 1209 οὐκ
1490 1157 1604 1209 εἶναι
1631 1155 1750 1208 κατὰ
1783 1156 1932 1225 φύσιν

342 1238 481 1302 Θεὸν,
527 1239 669 1289 αὐτὸν
712 1239 785 1306 ἐφ’
829 1242 977 1308 ἑαυτῷ
1028 1241 1240 1307 δεχέσθω
1292 1240 1508 1307 μάρτυρα
1555 1239 1638 1291 τὸν
1680 1240 1931 1304 Μονογενῆ

303 1322 546 1386 θλέγοντα
583 1328 608 1350 “
635 1322 764 1387 Ἐγώ
810 1326 901 1385 εἰμι
950 1322 976 1385 ἡ
1023 1322 1264 1386 ἀλήθεια.”
1324 1322 1520 1386 ἀλήθεια
1565 1322 1658 1389 γὰρ
1703 1322 1810 1372 καθ’
1851 1321 1932 1371 ἕνα

342 1404 532 1469 τρόπον,
559 1405 612 1454 οὐ
647 1402 700 1454 τὸ
737 1404 876 1454 νόθον
902 1404 994 1471 ε”χει
1029 1406 1103 1454 καὶ
1139 1404 1464 1473 ψευδώνυμον.
1513 1405 1856 1471 παραδεχέσθω
1883 1402 1931 1454 δὲ

344 1488 420 1536 καὶ
446 1484 590 1536 αὐτὸν
617 1487 689 1536 ἐπὶ
717 1486 867 1554 τούτῷ
895 1486 977 1536 τὸν
1003 1486 1291 1553 σοφώτατον
1316 1486 1554 1551 Ἰωάννην,
1579 1484 1931 1552 ἀνακεκραγότα

343 1572 517 1636 σαφῶς
544 1570 620 1618 καὶ
647 1567 850 1632 λε’γοντα
877 1574 904 1596 “
929 1570 1021 1618 Καὶ
1048 1567 1193 1631 ἐσμὲν
1220 1569 1268 1618 ἐν
1295 1572 1361 1636 τῷ
1395 1570 1605 1637 ἀληθινῷ
1632 1571 1741 1637 Θεῷ
1768 1568 1931 1632 Ἰησοῦ

344 1657 370 1679 “
398 1653 613 1719 Χριστῷ·
670 1648 803 1702 οῦτός
829 1650 961 1700 ε’στιν
987 1650 1012 1699 ὁ
1039 1649 1263 1713 ἀληθινὸς
1292 1649 1413 1703 Θεὸς
1448 1652 1523 1700 καὶ
1561 1650 1589 1713 ἡ
1625 1648 1716 1714 ζωὴ
1751 1649 1779 1712 ἡ
1815 1648 1926 1700 αἰώ-

343 1740 371 1761 “
395 1731 531 1785 νιος.”
576 1731 686 1781 ἀλλ’
716 1734 753 1780 εἰ
790 1733 866 1781 καὶ
901 1729 1018 1796 πρὸς
1054 1736 1192 1782 τοῦτο
1218 1731 1363 1798 τυχὸν
1389 1732 1749 1797 ὑπερυθρίασας,
1776 1732 1851 1781 καὶ
1877 1728 1931 1780 τὸ

344 1814 656 1864 διατείνεσθαι
679 1814 832 1876 μεθεὶς
859 1812 1085 1876 ἀληθινὸν
1111 1813 1402 1878 ὁμολογήσει
1429 1811 1552 1863 Θεὸν
1578 1812 1661 1863 τὸν
1686 1811 1816 1874 Υἱὸν,
1845 1812 1931 1878 οὐχ

341 1895 549 1962 ἑτέρωσέ
583 1918 662 1946 ποι
698 1893 994 1962 χωρήσομεν,
1022 1893 1184 1960 λόγοις
1220 1894 1268 1945 δὲ
1303 1899 1398 1949 τοῖς
1432 1896 1540 1961 παρ’
1569 1896 1710 1945 αὐτοῦ
1745 1893 1925 1960 χρησό-

124 1992 211 2026 866
227 1990 276 2025 A.
305 2000 327 2024 a
342 1981 464 2041 μεθα
501 1975 620 2043 πρὸς
659 1975 930 2042 ἀνατροπὴν
961 1979 1055 2026 τῶν
1093 1977 1202 2041 παρ’
1232 1977 1374 2027 αὐτοῦ
1413 1976 1682 2042 λεγομένων
1707 1973 1816 2041 ςΑρ’
1846 1976 1932 2043 οὐχ

123 2059 230 2099 Supra

125 2103 188 2134 860
201 2113 227 2133 c.

343 2057 507 2125 ὥσπερ
550 2057 759 2124 γεωργὸς
805 2057 1069 2122 ἀλλογενής
1113 2058 1215 2108 ἐστι
1260 2062 1318 2125 τῇ
1367 2057 1597 2126 ἀμπέλῳ,
1647 2059 1672 2108 ὁ
1716 2056 1801 2121 μὲν
1839 2056 1932 2123 γὰρ

344 2140 604 2206 ἄνθρωπος,
644 2141 672 2204 ἡ
712 2138 759 2189 δὲ
804 2138 970 2207 ξύλον·
1033 2140 1180 2191 οὕτως
1230 2139 1258 2202 ἡ
1310 2139 1521 2203 ἄμπελος
1566 2141 1716 2206 ὀρθῶς
1759 2162 1810 2190 τε
1856 2140 1932 2190 καὶ

344 2224 533 2285 ἀληθῶς
573 2221 785 2289 ὁμοφυὴς
822 2219 883 2271 οἲν
922 2225 1075 2271 νοοῖτο
1116 2219 1234 2286 πρὸς
1279 2220 1338 2271 τὰ
1377 2221 1470 2271 ἰ’δια
1511 2220 1730 2285 κλήματα
1752 2243 1764 2283 ;
1820 2222 1929 2272 ἀλλ’

345 2301 472 2366 οἶμαι
499 2302 647 2368 γεμὴν
673 2301 848 2366 μηδένα
877 2301 996 2367 πρὸς
1032 2307 1171 2352 τοῦτο
1206 2303 1383 2368 μωρίας
1418 2304 1642 2365 ἐθελῆσαι
1668 2306 1928 2365 κατελθεῖν,

348 2387 410 2438 ὡς
447 2386 689 2449 ἀρνεῖσθαι
722 2388 906 2447 τολμᾶν
932 2383 986 2433 τὸ
1023 2384 1144 2433 οὕτω
1182 2384 1460 2452 καταφανές.
1517 2383 1592 2434 ὅτε
1627 2383 1783 2435 τοίνυν
1809 2383 1931 2437 Θεὸς

349 2465 572 2533 ὑπάρχων
598 2464 834 2529 ἀληθινὸς,
863 2464 1113 2528 ὁμοούσιός
1150 2466 1254 2515 ἐστι
1290 2469 1356 2534 τῷ
1392 2464 1512 2516 κατὰ
1547 2465 1696 2534 φύσιν
1723 2468 1932 2534 ἀληθινῷ

349 2551 471 2615 Θεῷ,
497 2547 724 2608 τουτέστι,
753 2551 819 2615 τῷ
846 2548 1014 2612 Πατρῖ,
1042 2548 1117 2596 καὶ
1144 2546 1356 2609 ἄμπελος
1381 2547 1466 2611 μέν
1492 2549 1608 2609 ἐστι,
1633 2546 1853 2611 κλήματα
1883 2547 1931 2598 δὲ

349 2709 469 2761 κατὰ
514 2711 663 2779 φύσιν
701 2710 907 2773 ἐσόμεθα
953 2712 1027 2760 καὶ
1066 2710 1208 2774 ἡμεῖς,
1249 2710 1334 2775 τὴν
1373 2712 1491 2761 ἰδίαν
1529 2709 1692 2778 ὥσπερ
1736 2712 1931 2780 ἀφέντες

349 2942 360 2983 (
385 2904 425 2944 .²·
452 2894 674 2973 ἐξισταμένου
696 2894 735 2928 Ε.
973 2905 1005 2938 3.
1033 2894 1186 2938 οἷομένου
1207 2895 1247 2929 Ε.
1322 2894 1374 2940 ἐκ]
1400 2899 1435 2935 -1-
1457 2898 1517 2930 τοῦ
1538 2895 1577 2929 Ε.
1814 2907 1846 2940 9.
1873 2895 1935 2940 ἔχε’

365 2945 428 2982 sle)
450 2962 489 2973 ,1.

1951 594 1972 632 5

1955 1013 2002 1038 10

1953 1835 2002 1860 20

1953 2239 2000 2277 25

306 2642 332 2683 b
350 2628 490 2692 ἡμεῖς,
517 2629 705 2697 ὁμοφυῆ
733 2628 952 2692 δηλονότι
980 2627 1055 2679 διὰ
1080 2634 1217 2679 τοῦτο
1242 2632 1300 2696 τῇ
1327 2629 1542 2699 ἀμπέλῳ,
1571 2634 1671 2683 πῶς
1702 2631 1805 2696 οὐχὶ
1837 2630 1930 2680 θεοὶ
1951 2648 2001 2684 30
