2011 3266
339 135 425 175 220
743 137 793 178 Β.
827 137 1101 180 CYRILLI
1142 140 1520 181 ALEXANDR.
1798 149 1837 175 X.
1861 145 1925 174 10.

340 247 401 296 εἷς
435 244 576 295 αὐτὸν
603 246 926 310 πιστεύοντας,
955 251 1029 298 καὶ
1058 248 1111 298 τὸ
1138 250 1185 298 ἐν
1211 254 1361 300 πᾶσιν
1386 249 1584 299 ε”σεσθαι
1608 252 1704 299 τοῖς
1730 247 1926 310 ἀγαθοῖς

340 327 474 379 ἐλπὶς
506 329 589 377 οὐκ
622 329 909 396 ἀμφίλογος.
953 328 1071 383 εἰκὸς
1098 330 1145 381 δὲ
1173 330 1243 381 ὅτι
1270 330 1322 381 τὸ
1351 330 1550 400 vepna-5221]
1577 330 1652 379 καὶ
1678 329 1816 390 αὐτῆς
1842 328 1924 389 τῆς

341 407 471 473 ζωῆς,
498 410 725 472 τουτέστι,
749 410 802 461 τὸ
830 410 974 461 πλέον
1001 412 1102 476 ἤτοι
1128 412 1181 463 τὸ
1208 413 1493 479 τιμιώτερον,
1522 412 1606 476 τὴν
1632 408 1924 472 τελεωτάτην

294 495 423 543 bro&
465 491 739 555 Πνεύματος
777 493 965 561 μέθεξιν
998 491 1117 544 εἶναι’
1148 499 1313 561 φησιν,
1347 499 1383 545 εἰ
1423 497 1498 545 καὶ
1537 493 1731 561 σφόδρα
1769 514 1920 558 περιε-

338 572 632 636 σταλμένως.
703 573 756 624 τὸ
797 574 881 637 μὲν
923 574 1016 640 γὰρ
1061 578 1319 635 ἀναβιῶναι
1367 575 1520 627 κοινόν
1562 576 1710 641 ἁγίοις
1755 596 1803 624 τε
1848 573 1923 623 καὶ

340 654 654 719 ἁμαρτωλοῖς,
689 653 914 720 “Έλλησι’
963 680 1010 707 τε
1055 661 1130 709 καὶ
1175 659 1418 712 Ἰουδαίοις
1468 661 1541 709 καὶ
1593 659 1702 722 ἡμῖν
1746 657 1917 708 αὐτοῖς·

118 722 277 808 {ijm'
340 742 366 764 ‘⁶
392 734 780 801 Ἀναστήσονται
806 738 899 804 γὰρ
927 743 966 790 οἱ
1001 742 1166 806 νεκροὶ,
1196 744 1269 791 καὶ
1307 740 1644 807 ἐγερθήσονται
1680 742 1721 789 οἱ
1756 740 1803 788 ἐν
1828 741 1924 790 τοῖς

338 824 364 846 “
391 821 644 882 μνημείοις,
684 823 758 871 καὶ
805 822 1216 888 εὐφρανθήσονται
1261 827 1303 873 οἱ
1348 824 1396 873 ἐν
1434 827 1491 891 τῇ
1536 823 1638 890 γῇ,”
1681 819 1799 871 κατὰ
1839 817 1924 882 τὴν

337 902 523 969 ἀψευδῆ
551 908 634 952 τοῦ
664 906 885 969 Σωτῆρος
913 904 1194 972 ὑπόσχεσιν.
1249 905 1303 955 τὸ
1338 905 1386 956 δὲ
1419 907 1466 955 ἐν
1490 905 1673 973 μεθέξει
1703 902 1925 969 γενέσθαι

335 989 418 1034 τοῦ
445 984 613 1049 εΑγιόυ
655 984 947 1047 Πνεύματος,
984 987 1133 1036 οὐκέτι
1171 992 1294 1037 πᾶσι
1334 986 1507 1049 κοινὸν,
1539 985 1669 1036 ἀλλὰ
1709 983 1827 1050 πρὸς
1866 989 1923 1049 τῇ

337 1064 429 1131 ζωῇ
473 1066 663 1134 περιττὶν
708 1069 783 1117 καὶ
829 1069 891 1121 ὡς
936 1070 984 1118 ἐν
1030 1068 1157 1136 τάξει
1202 1069 1420 1123 πλείονος
1471 1074 1552 1119 τοῦ
1596 1071 1725 1133 κοινῇ
1775 1071 1925 1117 πᾶσιν

339 1146 651 1215 ὑπάρξαντος,
691 1148 851 1212 μόνοις
891 1150 1302 1215 ἀπονεμηθήσεται
1346 1156 1440 1204 τοῖς
1484 1150 1558 1202 διὰ
1596 1151 1801 1202 πίστεως
1842 1151 1925 1212 τῆς

298 1232 399 1282 οεὶς
440 1229 658 1295 Χριστὸν
697 1232 1080 1296 δεδικαιωμένοις·
1124 1238 1330 1298 σημανεῖ
1363 1232 1410 1284 δὲ
1451 1235 1526 1284 καὶ
1565 1238 1703 1283 τοῦτο
1742 1233 1767 1281 ὁ
1806 1235 1925 1284 θεῖος

116 1308 217 1339 100r.
351 1311 361 1325 ‘
404 1316 423 1325 Α
569 1318 587 1327 Α
764 1314 776 1329 ι
949 1315 959 1329 ‚
1056 1315 1067 1329 x
1256 1315 1267 1331 l
1423 1317 1433 1330 e
1477 1321 1496 1329 ἢ
1605 1314 1617 1329 2
1809 1312 1821 1327 f

112 1360 233 1391 affl,
337 1335 445 1375 ημιν
480 1316 676 1367 Παυλος
715 1321 869 1380 λεγων
904 1323 928 1344 “
968 1319 1072 1366 Ιδου
1111 1339 1372 1381 μυστηριον
1412 1340 1518 1379 υμιν
1556 1322 1697 1379 λεγω·
1753 1336 1924 1367 παντες

112 1404 163 1435 52·
335 1400 362 1422 “
388 1394 473 1456 μὲν
527 1396 929 1461 κοιμηθησόμεθα,
984 1399 1037 1447 οὐ
1093 1396 1264 1449 πάντες
1325 1398 1373 1449 δὲ
1430 1395 1825 1463 ἀλλαγησόμεθα,
1876 1397 1924 1446 ἐν

336 1483 362 1504 “
389 1476 564 1546 ἀτόμῳ,
592 1479 640 1528 ἐν
666 1481 780 1545 ῥιπῇ
815 1481 1085 1547 ὀφθαλμοῦ,
1113 1482 1160 1530 ἐν
1186 1484 1243 1548 τῇ
1280 1479 1462 1548 ἐσχάτῃ
1499 1478 1755 1544 σάλπιγγι·
1800 1485 1922 1528 σαλ-

335 1565 363 1587 “
388 1559 518 1610 πίσει
553 1560 662 1625 γὰρ,
694 1563 769 1611 καὶ
804 1565 844 1611 οὶ
881 1562 1031 1627 νεκροὶ
1062 1564 1110 1612 ἐν
1136 1566 1337 1631 Χριστῷ
1364 1561 1702 1628 ἐγερθήσονται
1729 1561 1918 1628 ἄφθαρ-

335 1648 361 1669 “
389 1664 473 1704 τοι,
501 1644 577 1692 καὶ
614 1643 741 1706 ἡμεῖς
773 1643 1202 1708 ἀλλαγησόμεθα·”
1242 1644 1413 1697 πάντες
1447 1645 1530 1708 μὲν
1557 1644 1650 1710 γὰρ
1675 1646 1723 1694 ἐκ
1751 1647 1925 1709 νεκρῶν

336 1723 706 1788 ἀναστήσονται,
735 1724 809 1775 διὰ
843 1725 897 1776 τὸ
932 1726 1068 1793 πάσῃ
1105 1727 1328 1777 δεδόσθαι
1360 1728 1417 1794 τῇ
1459 1726 1600 1795 φύσει
1630 1725 1704 1776 διὰ
1730 1723 1815 1788 τὴν
1841 1727 1924 1788 τῆς

337 1807 645 1860 ἀναστάσεως
678 1808 827 1874 χάριν·
872 1810 946 1858 καὶ
971 1810 1020 1858 ἐν
1047 1807 1112 1859 ἑνὶ
1147 1812 1213 1877 τῷ
1239 1812 1454 1878 Χριστῷ,
1481 1813 1546 1877 τῷ
1580 1808 1637 1876 ἐξ
1666 1810 1814 1874 ἀρχῆς
1848 1809 1924 1858 καὶ

292 1889 509 1959 ᾶπρώτῳ
550 1890 875 1941 καταλύσαντι
914 1896 997 1941 τοῦ
1037 1890 1241 1941 θανάτου
1280 1889 1333 1941 τὸ
1370 1891 1555 1957 κράτος,
1591 1892 1665 1940 καὶ
1704 1893 1766 1943 εἰς
1805 1888 1925 1955 ζωὴν

335 1972 627 2036 ἐνεργηθέντι
654 1972 738 2036 τὴν
767 1975 963 2036 διηνεκῆ,
992 1975 1016 2023 ὁ
1041 1972 1192 2026 κοινὸς
1218 1976 1300 2037 τῆς
1326 1973 1689 2039 ἀνθρωπότητος
1716 1971 1822 2037 ὅρος
1849 1973 1924 2022 καὶ

335 2051 454 2118 πρὸς
490 2055 768 2122 ἀφθαρσίαν
795 2055 1228 2124 ἀναμορφούμενος,
1257 2055 1469 2119 καθάπερ
1505 2056 1586 2105 οὖν
1612 2056 1660 2104 ἐν
1684 2053 1843 2116 Ἀδὰμ
1876 2054 1925 2104 ἐν

335 2136 398 2184 ἑνὶ
426 2134 574 2185 πάλιν
601 2137 676 2185 καὶ
707 2137 881 2206 πρώτῳ
916 2136 1036 2202 πρὸς
1071 2137 1274 2187 θάνατον
1302 2139 1377 2187 καὶ
1404 2135 1591 2205 φθορὰν
1617 2134 1917 2202 καταδικαζό-

335 2239 488 2278 μενος.
532 2217 664 2267 ἀλλά
691 2217 854 2281 πολλή
890 2241 957 2271 τις
992 2220 1090 2268 κατ’
1120 2221 1264 2269 ἐκεῖνο
1291 2225 1452 2284 καιροῦ
1479 2224 1573 2269 τῶν
1601 2217 1924 2281 ἀνισταμένων

335 2298 363 2361 ἡ
391 2298 610 2365 διαφορὰ,
640 2301 714 2349 καὶ
749 2298 877 2349 πολύ
910 2322 954 2349 τι
989 2298 1042 2349 τὸ
1079 2298 1369 2350 διαλλάττον
1394 2299 1708 2366 εὑρεθήσεται.
1765 2303 1805 2350 οὶ
1840 2300 1925 2365 μὲν

336 2377 429 2444 γὰρ
456 2381 504 2429 ἐν
529 2379 689 2430 πίστει
716 2384 772 2447 τῇ
806 2385 867 2434 εὶς
894 2379 1111 2445 Χριστὸν
1139 2382 1535 2444 ἀναπαυσάμενοι,
1565 2383 1638 2431 καὶ
1664 2380 1747 2431 τὸν
1772 2383 1920 2448 ἀῤῥα-

335 2466 469 2521 βῶνα
506 2468 590 2512 τοῦ
632 2462 908 2526 Πνεύματος
948 2462 1067 2513 κατὰ
1106 2462 1188 2514 τὸν
1227 2462 1387 2529 καιρὸν
1423 2466 1504 2527 τῆς
1544 2462 1662 2526 μετὰ
1700 2462 1923 2526 σώματος

388 2630 416 2653 1.
443 2619 603 2665 ἔσεσθαι]
623 2620 784 2664 γενέσθαι
804 2620 880 2655 Cat.
902 2620 1002 2654 Harl.
1100 2630 1132 2665 5.
1161 2620 1286 2666 κοινὸν]
1311 2625 1347 2661 -Ι-
1368 2623 1474 2655 πᾶσιν
1491 2633 1521 2655 a.
1617 2621 1650 2655 6.
1669 2620 1824 2664 ’Ἕλλησί
1840 2635 1923 2653 τε-

337 2666 450 2700 αὐτοῖς
468 2666 596 2700 desunt
614 2668 648 2700 in
668 2667 760 2701 Aub.
783 2668 841 2712 qui
860 2674 893 2700 et
911 2668 976 2701 alia
996 2666 1116 2700 deesse
1136 2668 1169 2701 in
1188 2668 1390 2712 apographo
1410 2680 1475 2701 suo
1493 2667 1649 2701 adnotat.
1755 2678 1807 2711 13.
1835 2667 1922 2700 δεδι-

338 2712 547 2756 καιωμένοις]
568 2714 627 2757 τὴν
645 2715 680 2747 δὲ
706 2716 767 2747 τοῦ
790 2714 976 2755 πνεύματος
996 2714 1131 2756 μέθεξιν
1154 2715 1206 2747 καὶ
1231 2717 1414 2754 βασιλείαν
1435 2715 1585 2758 οὐρανῶν
1606 2714 1779 2757 ὀνομάζειν
1796 2711 1884 2746 οἶδεν
1903 2712 1921 2755 ἡ

337 2759 410 2792 θεία
427 2760 545 2803 γραφὴ
564 2772 581 2793 e
602 2759 678 2793 Cat.
702 2760 800 2793 Harl.
820 2760 917 2794 addit
938 2761 1030 2794 Aul).
1050 2767 1082 2793 et
1102 2761 1147 2793 ita
1165 2773 1194 2794 a.
1270 2763 1413 2804 σημανεῖ
1433 2761 1473 2794 Β.
1498 2761 1559 2795 Ht.
1578 2761 1731 2803 σημαίνει
1750 2771 1767 2793 e
1786 2759 1863 2792 Cat.
1882 2765 1922 2792 ut

337 2805 406 2838 vid.
428 2806 521 2840 Aub.
541 2813 573 2839 et
591 2807 637 2840 ita
655 2819 685 2841 a.
759 2809 859 2840 τοῦτο
878 2808 930 2840 καὶ
948 2807 1088 2840 inverso
1107 2807 1229 2841 ordine
1248 2819 1278 2841 a.
1458 2819 1510 2849 14.
1536 2808 1574 2840 οὐ
1591 2808 1713 2841 πάντες
1729 2806 1790 2849 μὲν
1806 2820 1921 2847 κοιμη-

337 2851 522 2894 θησόμεθα,
541 2854 663 2888 πάντες
681 2854 716 2887 δὲ
736 2865 765 2886 a.
785 2854 828 2887 cf.
850 2854 883 2886 in
903 2854 949 2886 xii
970 2853 1098 2897 Proph.
1118 2865 1163 2898 30
1182 2854 1216 2888 d.
1479 2865 1533 2887 22.
1562 2852 1772 2898 ἐνεργηθέντι
1795 2852 1834 2885 Β.
1859 2853 1920 2885 Ht.

337 2897 507 2941 ἐγερθέντι
524 2899 618 2934 Aub.
673 2900 810 2934 Desunt
828 2900 912 2933 haec
932 2900 965 2933 in
985 2911 1015 2933 a.
1283 2910 1338 2945 25.
1364 2899 1610 2945 ἀνισταμένων]
1635 2904 1671 2938 -1-
1693 2900 1790 2933 ἕσται
1808 2910 1825 2932 e
1844 2897 1921 2932 Cat.

339 2943 431 2977 Aub.

1942 583 1964 622 5

1946 1001 1994 1027 10

1944 1824 1993 1850 20
