2001 3231
291 118 346 157 66
692 120 743 160 B.
777 120 1050 161 CYRILLI
1093 121 1474 162 ALEXANDR.
1706 120 1792 161 viii.
1811 130 1877 175 35.

224 298 272 337 35
299 288 355 330 ‘O
395 289 547 332 δοῦλος
585 292 633 332 οὐ
671 294 789 341 μένει
825 293 869 334 ἐν
908 296 958 351 τῷ
999 292 1110 351 οἰκίᾳ
1150 291 1209 333 cic
1247 293 1321 336 τὸν
1360 291 1510 334 αἰῶνα·
1549 295 1571 336 ὁ
1609 292 1708 335 Υἷὸε
1745 292 1864 342 μένει

904 373 966 416 εἰς
1002 376 1076 416 τὸν
1115 373 1268 417 αἰῶνα.

366 493 705 561 Ἀνελεύθερον
743 495 995 564 ἀποφήνας
1039 500 1115 546 καὶ
1162 494 1252 546 ὑπὸ
1293 495 1510 546 δουλείαν
1556 495 1670 547 ὅντα
1709 494 1884 562 πικρὰν

253 574 375 626 οτὸν
404 580 505 630 ταῖς
540 577 789 642 ἁμαρτίαις
823 577 1000 644 ἔνοχον,
1027 576 1230 642 ἐπιλέγει
1262 578 1523 644 χρησίμως,
1550 580 1627 628 καὶ
1661 578 1765 628 τίνα
1798 576 1884 641 μὲν

291 656 426 707 ε”σται
465 661 532 726 τῷ
570 657 656 721 τὴν
692 659 911 710 δουλείαν
946 657 1227 724 ἠγαπηκότι,
1254 659 1303 709 τί
1338 660 1380 709 δ’
1411 659 1468 709 αὖ
1505 658 1655 710 πάλιν
1686 657 1926 727 ὐπάρξειὸ

289 736 420 803 παρὰ
447 742 573 790 Θεοῦ
606 744 703 793 τοῖς
737 745 874 800 βιοῦν
906 740 1145 803 ἑλομένοις
1180 738 1396 804 ἐννόμως,
1425 742 1501 790 καὶ
1536 741 1586 790 ἐν
1613 743 1725 792 υἱοῖς
1757 743 1884 790 Θεοῦ

291 818 368 869 διὰ
411 825 551 871 τοῦτο
597 823 1038 887 κατατεταγμένοις.
1098 823 1161 873 ‘O
1201 820 1284 886 μὲν
1322 821 1416 888 γὰρ
1455 819 1608 876 δοῦλός
1648 826 1800 890 φησιν
1840 825 1884 872 οὐ

289 899 403 968 μένει
432 903 469 953 ἐν
496 904 548 972 τῇ
578 907 698 973 οἰκία
725 909 782 959 εἰς
811 904 878 955 τὶν
908 903 1060 955 αἰῶνα·
1106 907 1182 955 καὶ
1217 903 1310 970 γὰρ
1345 903 1401 968 δὴ
1438 905 1515 954 καὶ
1550 902 1697 957 ὅντως
1732 907 1793 957 εἰς
1829 902 1884 953 τὸ

290 982 464 1037 σκότος
512 986 752 1050 δραμεῖται
796 984 852 1036 τὸ
895 986 1142 1055 ἐξώτερον,
1189 987 1285 1036 ἐκεῖ
1331 987 1460 1039 δίκας
1512 985 1758 1036 ἀποτίσων
1801 987 1885 1048 τῆς

290 1066 597 1132 ἀνελευθέρου
624 1067 756 1133 ζωῆς,
783 1067 898 1134 μένει
927 1068 975 1118 δὲ
1003 1074 1020 1119 ὁ
1048 1069 1148 1123 ‘ribc
1175 1073 1231 1122 εἰς
1258 1069 1324 1119 τὶν
1352 1068 1506 1118 αἰῶνα.
1560 1071 1601 1118 οἱ
1630 1066 1724 1133 γὰρ
1752 1065 1889 1135 ἅπαξ
1908 1090 1956 1116 10

290 1151 348 1214 τῇ
374 1150 457 1211 τῆς
486 1150 722 1202 υἱοθεσίας
757 1148 1122 1202 ἀπολαύσαντες
1155 1149 1286 1218 δόξῃ,
1313 1154 1539 1213 μενοῦσιν
1565 1151 1613 1199 ἐν
1636 1149 1886 1218 προσώπῳ

70 1242 159 1276 540
172 1240 222 1277 A.
253 1232 431 1292 aGem‘J,
464 1232 547 1293 τῆς
583 1234 705 1296 ἱερᾶς
737 1235 832 1281 τῶν
862 1230 1179 1297 πρωτοτόκων
1211 1233 1358 1294 αὐλῆς
1395 1233 1492 1281 κατ’
1523 1231 1688 1282 οὐδένα
1724 1230 1887 1295 καιρὸν

290 1309 615 1378 ἐξωθούμενοι,
655 1313 838 1379 μακρὸν
878 1312 927 1363 δὲ
971 1317 1164 1376 μᾶλλον
1203 1316 1277 1363 καὶ
1317 1311 1558 1377 ἀμήρυτον
1597 1316 1742 1364 αἰῶνα
1779 1313 1882 1378 τρί-

290 1398 457 1454 βοντες
485 1395 533 1443 ἐν
559 1395 693 1461 αὐτῇ.
749 1393 975 1458 συνήσεις
1012 1394 1060 1445 δὲ
1099 1393 1153 1445 τὸ
1192 1394 1451 1460 λεγόμενον
1477 1397 1684 1461 ἀκριβῶς
1716 1396 1764 1445 ἐν
1789 1398 1886 1447 τοῖς

291 1475 585 1540 εὐαγγελίοις
610 1476 899 1542 παραβολὴν
924 1478 1161 1542 προτιθεὶς
1188 1480 1250 1530 εἰς
1277 1477 1564 1542 ἀνάγνωσιν,
1583 1479 1631 1528 ἐν
1656 1474 1685 1544 ᾗ
1712 1475 1885 1540 στήσει
1908 1501 1954 1538 15

292 1555 378 1619 μὲν
414 1555 521 1610 τούς
561 1558 747 1626 ἐρίφους
786 1559 843 1626 ἐξ
878 1559 1142 1621 εὐωνύμων,
1180 1559 1229 1608 ἐκ
1264 1559 1431 1627 δεξιῶν
1464 1559 1512 1610 δὲ
1547 1558 1606 1609 τὰ
1640 1557 1882 1625 πρόβατα,

294 1640 460 1704 φησὶν,
499 1640 523 1689 ὁ
563 1640 791 1705 Χριστὸς,
831 1643 906 1691 καὶ
946 1640 1017 1691 ὅτι
1056 1640 1163 1694 τούς
1200 1640 1286 1704 μὲν
1325 1642 1513 1709 ἐρίφους
1552 1642 1888 1708 ἀποπέμψεται

69 1716 232 1747 S.Matth.

71 1770 148 1791 xxv.
168 1769 222 1800 41·
295 1727 322 1749 ‘⁶
351 1720 621 1786 Πορεύεσθε
660 1721 816 1786 λεγων
852 1725 893 1772 οἱ
933 1745 1242 1788 κατηραμενοι
1286 1727 1347 1776 εἰς
1386 1747 1440 1774 το
1479 1746 1573 1788 πυρ
1608 1722 1662 1774 τὸ
1702 1722 1888 1773 αιώνιον

311 1801 402 1852 ίτὸ
441 1802 790 1866 ἡτοιμασμενον
826 1807 892 1853 τῶ
930 1804 1144 1874 διαβόλω
1184 1809 1260 1855 καὶ
1299 1828 1393 1858 τοις
1433 1803 1657 1902 ἀγγελοις
1696 1802 1884 1855 αὐτοῦ·”

250 1896 276 1936 b
295 1882 493 1952 συνάξει
520 1883 567 1934 δὲ
593 1908 712 1951 προς
738 1884 905 1936 ἑαυτου
929 1909 987 1936 τα
1013 1886 1250 1952 πρόβατα,
1279 1910 1354 1937 και
1381 1886 1597 1950 ἀσμενως
1628 1886 1886 1955 εἰσδέξεται
1906 1916 1956 1941 20

72 1988 123 2020 Ib.
142 1996 195 2028 34·
296 1973 322 1994 ‘⁶
350 1970 499 2016 Δεῦτε
540 1965 690 2016 πάλιν
729 1969 948 2027 ἀναβοῶν
987 1972 1030 2018 οἱ
1074 1969 1381 2034 εὐλογημένοι
1420 1975 1502 2020 τοῦ
1545 1968 1735 2035 Πατρός
1776 1990 1883 2031 μου,

296 2054 322 2076 “
348 2047 743 2113 κληρονομήσατε
795 2049 880 2113 τὴν
932 2051 1286 2115 ἡτοιμασμένην
1338 2053 1444 2114 ὑμῖν
1494 2051 1748 2112 βασιλείαν
1792 2048 1887 2100 ἀπὸ

294 2136 322 2158 “
349 2133 621 2193 καταβολῆς
656 2130 886 2194 κόσμου.”
928 2131 1004 2182 διὰ
1038 2130 1122 2194 μὲν
1148 2131 1242 2198 γὰρ
1279 2137 1374 2183 τῶν
1398 2133 1587 2201 ἐρίφων,
1614 2133 1642 2196 ἡ
1676 2133 1887 2198 ἄκαρπος

293 2215 389 2261 τῶν
425 2212 866 2279 φιλαμαρτημόνων
902 2215 1127 2276 δηλοῦται
1165 2214 1368 2276 πληθύς·
1430 2213 1506 2264 διὰ
1544 2214 1592 2264 δὲ
1630 2219 1726 2265 τῶν
1761 2236 1883 2280 προ·
1931 2251 1933 2253 ·

292 2291 470 2352 βάτων,
500 2293 524 2341 ὁ
551 2297 645 2343 τῶν
672 2293 999 2354 εὐσεβούντων
1026 2295 1182 2361 χορὸς,
1209 2294 1422 2361 καθάπερ
1448 2296 1554 2365 ἐρίῳ
1580 2298 1669 2346 τινὶ
1704 2299 1771 2364 τῷ
1806 2298 1888 2359 τῆς
1906 2326 1924 2350 2
1933 2323 1955 2362 5

295 2373 594 2438 δικαιοσύνης
632 2379 798 2443 καρπῷ
838 2376 1255 2441 καταβριθόμενος.
1317 2377 1484 2427 οὐκοῦν
1523 2378 1547 2427 ὁ
1587 2376 1673 2440 μὲν
1710 2376 1765 2427 τὸ
1804 2380 1887 2441 τῆς

295 2456 511 2509 δουλείας
549 2453 719 2523 αἶσχος
758 2457 1003 2522 ἀράμενος,
1040 2460 1123 2521 τῆς
1161 2462 1257 2509 τῶν
1290 2459 1500 2524 οὐρανῶν
1535 2460 1786 2520 βασιλείας
1824 2461 1888 2513 ὡς

400 2593 552 2640 ‘0—6]‘
557 2600 584 2628 Ο
604 2595 707 2629 δὲ-ὁ
727 2596 763 2630 δε
781 2608 811 2630 a.
975 2608 1028 2631 11
1054 2599 1094 2640 τῇ
1114 2598 1304 2641 τῆς-δόξῃ
1325 2597 1367 2632 Β.
1386 2599 1445 2641 τῆς
1463 2598 1670 2641 τῆς-δόξης
1690 2597 1808 2631 Holst.
1827 2598 1886 2641 τῆς

295 2607 443 2684 -δόξης
463 2641 529 2675 Ed.
595 2642 810 2689 εὐπροσώπῳ
832 2643 872 2676 Β.
893 2643 1093 2677 emendavit
1115 2644 1176 2678 Ht.
1303 2655 1356 2689 13.
1383 2644 1553 2688 ἀμήρυτον
1570 2643 1733 2678 emendat
1754 2644 1885 2689 Heyse.

295 2687 466 2731 ἀμύρητον
490 2688 532 2722 Β.
555 2688 726 2741 ἀμύθητον
752 2679 813 2723 Ht.
840 2689 906 2724 Ed.
995 2691 1172 2735 τρίβοντες
1197 2691 1395 2725 emendavit
1420 2691 1515 2725 A.ub
1542 2691 1720 2733 τρίβοντος
1748 2690 1789 2724 Β.
1820 2690 1884 2724 H.t

298 2733 425 2767 Statim
442 2735 593 2768 lacuna
586 2747 622 2768 m
642 2735 707 2769 Ed.
728 2737 803 2769 sine
822 2737 1303 2780 causa.14.‹rvvr'ytrct§
1321 2738 1467 2782 conjecit
1484 2738 1520 2771 in
1536 2750 1608 2781 mg.
1628 2737 1722 2770 Aub.
1741 2737 1886 2780 συνὶσης

298 2779 339 2813 Β.
364 2780 424 2814 Ht.
444 2780 511 2814 Ed.
593 2797 627 2815 εν
643 2784 713 2817 τοῖς
731 2783 944 2828 εὐαγγελίοις
960 2784 1164 2828 παραβολήν
1180 2785 1352 2828 προτιθεις
1369 2784 1415 2819 εἷς
1433 2783 1595 2817 emendat
1614 2783 1692 2828 Hey
1686 2795 1743 2816 se.
1763 2798 1798 2816 εν
1814 2785 1885 2818 τοῖς

296 2825 508 2870 εὐαγγελίοις
524 2829 726 2873 παραβολὴν
742 2830 964 2873 προτηθεῖσις
983 2830 1025 2863 Β.
1045 2831 1080 2864 ἐν
1096 2833 1135 2874 τῇ
1153 2833 1225 2865 τοῖς
1242 2831 1454 2876 εὐαγγελίοις
1476 2796 1685 2875 προτιθείσῃ)
1699 2830 1883 2873 παραβολῇ

297 2871 344 2905 εἷς
365 2871 427 2904 Ht.
448 2872 514 2906 Ed.
675 2885 727 2920 15.
756 2875 879 2919 στήσει
898 2876 940 2910 B.
962 2877 1025 2910 Ht
1045 2876 1188 2921 στήσειν
1205 2877 1300 2911 Aub.
1462 2876 1514 2910 16.
1541 2876 1576 2909 ἐκ
1594 2876 1630 2909 δέ
1647 2875 1767 2917 δεξιῶν
1784 2875 1820 2909 δέ
1841 2875 1883 2910 Β.

303 2927 355 2961 17.
382 2917 652 2963 ἀποπέμψεσθαι
673 2921 713 2956 Β.
736 2921 798 2955 Ht.
817 2922 1016 2957 emendavit
1034 2923 1128 2958 Aub.
