2037 3266
328 126 413 167 436
730 131 779 172 B.
813 131 1092 174 CYRILLI
1134 132 1515 174 ALEXANDR.
1742 131 1826 173 xiv.
1850 142 1915 171 11.

330 236 482 299 μαίνει
509 236 557 288 δὲ
585 237 655 290 ὅτι
681 243 765 304 τῆς
796 241 977 292 ἄνωθεν
1004 243 1151 306 οὔσης
1187 243 1263 293 καὶ
1298 244 1382 306 τῆς
1418 246 1514 295 τοῖς
1550 240 1679 295 ὅλοις
1713 241 1913 306 ἐποχου-

331 317 473 382 μένης
497 320 662 375 οὐσίας
687 322 847 390 ἐξέφυ.
895 327 997 377 πῶς
1023 324 1104 374 οὖν
1130 321 1313 387 ἀληθὴς
1338 323 1645 392 ἀναφαίνεται
1671 320 1855 383 λοιπὸν,
1883 324 1921 371 εὶ

331 400 464 451 κοινὰ
501 401 619 468 πρὸς
660 403 745 467 τὴν
783 405 943 470 ἑτέραν
982 405 1075 472 ε”χει
1120 406 1278 456 κτίσιν
1316 405 1376 456 τὰ
1420 404 1660 469 σωμάτων
1698 404 1806 466 ἰ’δια,
1845 404 1921 453 καὶ

333 484 450 546 ὁμοῦ
486 489 579 538 τοῖς
614 485 670 554 ἐξ
705 487 787 536 οὐκ
823 485 973 537 ὄντων
1001 490 1065 540 εἷς
1099 485 1152 537 τὸ
1189 485 1304 537 εἶναι
1337 492 1668 554 παρενεχθεῖσι
1702 485 1916 552 περιεχό-

332 565 470 628 μενός
519 568 650 617 ἐστιν
694 566 783 618 ὑπὸ
828 573 913 618 τοῦ
961 567 1191 634 Πατρός;
1251 569 1379 636 εἴπερ
1423 569 1555 620 οὐδὲν
1600 569 1691 637 ἔξω
1736 571 1962 618 κεῖσθαι5

111 653 195 688 787
210 651 259 686 Α·
294 646 553 710 ἱῑδώσομεν
584 650 740 700 αὐτοῦ.
797 651 872 700 καὶ
910 650 935 700 ὁ
970 649 1056 714 μὲν
1087 650 1344 704 θεσπέσιος
1381 650 1609 720 μελῳδὸς,
1637 652 1794 714 ἀληθῆ
1829 671 1922 699 που

109 1041 164 1072 Ps.

108 1084 260 1116 cxxxviii.

113 1136 207 1168 7—10.

333 726 521 782 πάντως
579 731 655 780 καὶ
704 732 1000 797 κεκρυμμένα
1047 733 1290 799 μυστήρια
1340 737 1507 783 λαλῶν
1557 735 1605 784 ἐν
1658 729 1918 796 Πνεύματι,

333 809 520 864 οὐδενὸς
570 810 656 875 μὲν
699 818 948 868 παντελῶς
999 814 1422 878 ἀπολιμπάνεσθαι
1467 813 1615 866 τόπου
1666 814 1790 881 φησὶ
1839 810 1923 863 τὸν

333 890 464 955 Υἱὸν,
504 892 558 944 τὸ
598 894 857 958 ἀσώματόν
895 919 945 946 τε
986 898 1062 947 καὶ
1101 897 1433 963 ἀπεριόριστον
1472 897 1597 965 αὐτῷ
1640 895 1716 946 διὰ
1757 894 1923 945 τούτου

332 980 731 1041 προσμαρτυρῶν,
780 979 855 1028 καὶ
905 977 976 1029 ὅτι
1026 978 1091 1043 μὴ
1143 978 1274 1048 τόπῳ
1321 978 1623 1046 περιληπτὸς,
1670 979 1732 1031 ὡς
1780 976 1918 1030 Θεός·
1944 997 1994 1023 10

334 1062 361 1084 ‘⁶
388 1059 494 1106 Ποῦ
532 1056 625 1123 γὰρ
663 1063 891 1125 πορευθῶ,
930 1062 1096 1128 φησὶν,
1136 1060 1230 1112 ἀπὸ
1272 1067 1356 1112 τοῦ
1399 1059 1663 1125 πνεύματός
1704 1082 1808 1121 σου,
1848 1059 1924 1108 καὶ

334 1143 360 1165 “
387 1136 481 1188 ἀπὸ
521 1144 603 1189 τοῦ
638 1141 902 1206 προσώπου
941 1165 1034 1192 σου
1071 1148 1165 1194 ποῦ
1205 1142 1374 1210 φύγω;
1420 1142 1500 1194 ἐὰν
1538 1144 1702 1202 ἀναβῶ
1742 1145 1804 1194 εἷς
1841 1139 1924 1190 τὸν

334 1226 361 1249 “
388 1219 602 1286 οὐρανὸν,
629 1221 694 1272 σὺ
730 1223 824 1273 ἐκεῖ
854 1221 906 1285 εἶ,
932 1223 1012 1274 ἐὰν
1043 1229 1237 1285 καταβῶ
1272 1229 1334 1278 εἷς
1367 1223 1450 1275 τὸν
1477 1222 1608 1293 ᾅδην,
1634 1222 1787 1289 πάρει·
1843 1220 1923 1272 ε’ἀν

335 1309 361 1331 “
388 1301 618 1363 ἀναλάβω
653 1303 737 1358 τὰς
771 1304 1007 1370 πτέρυγάς
1041 1329 1131 1368 μου
1166 1307 1264 1357 κατ’
1294 1306 1466 1373 ὄρθρον
1500 1308 1575 1357 καὶ
1608 1308 1822 1372 πορευθῶ
1860 1306 1924 1356 εἷς

430 1383 442 1400 Χ

289 1389 316 1428 b
336 1391 363 1413 ‘⁶
389 1406 448 1434 τα
480 1384 663 1451 ε”σχατα
698 1389 781 1449 τῆς
817 1386 1088 1452 θαλάσσης,
1117 1391 1191 1439 καὶ
1229 1388 1322 1455 γὰρ
1362 1391 1457 1439 ἐκεῖ
1490 1389 1517 1452 ἡ
1553 1390 1651 1457 χείρ
1685 1410 1776 1438 σου
1811 1387 1920 1449 ὁδη-
1946 1411 1992 1448 15

336 1473 362 1495 “¹
438 1465 449 1481 Ι
730 1470 744 1485 X
888 1470 898 1485 Ι
1109 1471 1117 1483 τ
1276 1471 1287 1484 Ι
1430 1472 1453 1487 a)
1511 1474 1520 1485 ι
1735 1469 1744 1484 Ι
1911 1466 1922 1482 Χ

389 1488 528 1531 γησει
564 1490 636 1530 με,
669 1491 744 1518 και
781 1470 965 1537 καθεξει
1000 1493 1057 1533 με
1093 1494 1120 1533 η
1157 1471 1287 1539 δεξια
1320 1494 1425 1523 σου.
1495 1473 1835 1539 ριψοκινδυνως
1874 1470 1923 1518 δε

335 1548 476 1609 οὗτοι,
502 1551 578 1599 καὶ
609 1554 709 1604 ταῖς
747 1556 831 1600 τοῦ
870 1552 1146 1615 Πνεύματος
1181 1558 1359 1621 φωναῖς
1391 1553 1477 1618 τὴν
1510 1554 1687 1603 ἑαυτῶν
1720 1549 1921 1619 ἀντεξά-

334 1651 500 1693 γοντες
538 1630 745 1696 γνώμην,
774 1633 959 1701 ὁρισμῷ
997 1635 1072 1684 καὶ
1110 1639 1426 1704 περιγραφαῖς
1466 1634 1804 1696 ὑποβάλλουσι
1841 1631 1925 1683 τὸν

337 1714 605 1777 Μονογενῆ,
647 1714 795 1763 καίτοι
839 1714 1079 1780 λογισμὸν
1120 1716 1391 1784 ὀφείλοντες
1434 1718 1509 1768 ε’πὶ
1556 1715 1705 1785 τούτῳ
1756 1718 1925 1774 λαβεῖν

336 1792 593 1857 ἀναγκαῖόν
618 1817 667 1845 τε
693 1796 768 1845 καὶ
795 1795 1046 1863 χρήσιμον.
1091 1801 1127 1848 εἰ
1153 1796 1247 1863 γὰρ
1273 1798 1554 1865 πεπλήρωκε
1579 1797 1663 1861 μὲν
1688 1796 1924 1863 οὐρανοὺς,
1945 1820 1996 1845 20

337 1876 413 1925 καὶ
449 1874 508 1925 τὰ
542 1876 724 1944 ε”σχατα
758 1880 842 1941 τῆς
877 1881 977 1944 γῆς,
1005 1880 1237 1943 τουτέστι,
1263 1879 1321 1930 τὰ
1353 1884 1416 1934 εἷς
1450 1879 1533 1931 τὸν
1560 1880 1694 1949 ᾅδην·
1736 1884 1837 1933 πῶς
1871 1880 1924 1930 οὐ

339 1956 534 2024 σφόδρα
590 1959 998 2025 παραλογώτατον
1044 1960 1098 2012 τὸ
1151 1964 1375 2029 περιοχῆς
1428 1961 1577 2026 ὄνομα
1631 1961 1926 2028 προσάπτειν

301 2061 322 2088 ο
341 2040 480 2109 αὐτῷ,
505 2039 622 2105 μηδὲ
647 2042 791 2092 ἐκεῖνο
821 2043 1179 2107 λογισαμένους,
1207 2044 1278 2095 ὅτι
1312 2047 1351 2094 εὶ
1385 2043 1439 2096 τὸ
1473 2042 1736 2111 πρόσωπον
1761 2044 1923 2106 αὐτοῦ,

339 2122 567 2184 τουτέστι,
607 2122 661 2172 τὸ
702 2127 915 2186 Πνεῦμα·
971 2125 1235 2190 πρόσωπον
1272 2125 1368 2192 γὰρ
1410 2131 1493 2177 τοῦ
1533 2129 1652 2177 Υἱοῦ
1695 2129 1833 2176 καλεῖ
1870 2124 1925 2176 τὸ

341 2205 551 2263 Πνεῦμα·
607 2203 666 2254 τὰ
717 2204 872 2255 πάντα
922 2211 1110 2270 πληροῖ,
1155 2211 1256 2260 πῶς
1298 2205 1356 2257 ἂν
1401 2205 1539 2260 αὐτὸς
1583 2207 1697 2257 εἴσω
1744 2206 1925 2270 γένοιτο
1947 2230 1996 2269 25

338 2287 571 2352 περιοχῆς,
613 2283 702 2335 κᾶν
742 2285 860 2353 λε’γῃ
904 2286 975 2336 ὅτι
1016 2289 1238 2354 περιοχῆς
1283 2293 1367 2338 τοῦ
1407 2292 1532 2339 Θεοῦ
1577 2289 1653 2338 καὶ
1697 2286 1919 2354 Πατρός;

340 2366 452 2416 ἀλλ’
500 2365 631 2416 οὐδὲν
681 2366 823 2430 ἧττον
873 2368 1026 2433 ὑβριεῖ
1070 2367 1374 2438 περιγράψας
1422 2369 1476 2421 τὸ
1526 2370 1798 2433 ἀσώματον,
1848 2371 1924 2420 καὶ

341 2446 494 2516 μέτρῳ
520 2450 765 2513 περιτιθεὶς
788 2447 842 2499 τὸ
868 2449 951 2499 οὐκ
977 2447 1030 2500 ὃν
1057 2451 1440 2517 πεπερασμένως.
1485 2450 1540 2502 τὸ
1566 2451 1660 2517 γὰρ
1685 2451 1925 2504 οὐσιωδῶς

342 2527 484 2579 αὐτὸν
530 2529 831 2596 περιέχεσθαι
873 2530 1030 2595 λέγειν
1075 2531 1164 2582 ὑπὸ
1209 2538 1293 2583 τοῦ
1338 2537 1462 2584 Θεοῦ
1507 2534 1582 2584 καὶ
1628 2531 1838 2598 Πατρὸς,
1881 2531 1931 2582 τί

343 2609 499 2676 ἕτερόν
536 2612 639 2661 ε’στι
678 2613 868 2674 δηλοῦν,
908 2610 936 2676 ὴ
976 2611 1045 2663 ὅτι
1086 2615 1449 2680 πεπερασμένην
1483 2615 1575 2682 ἔχει
1613 2613 1698 2678 τὴν
1736 2613 1921 2675 οὐσίαν,
1945 2639 1997 2676 30

342 2691 505 2758 ὥσπερ
532 2693 614 2743 οῦν
640 2692 804 2756 ἀμέλει
831 2696 906 2744 καὶ
933 2694 981 2744 ἓν
1007 2694 1209 2746 ἕκαστον
1234 2701 1327 2747 τῶν
1352 2698 1461 2763 παρ’
1481 2697 1622 2747 αὐτοῦ
1648 2695 1924 2761 γεγονότων,

394 2845 422 2866 1.
449 2836 554 2877 οὔσης
571 2841 792 2878 assumptum
812 2847 851 2868 ex
875 2835 915 2869 E.
1197 2847 1249 2882 13.
1276 2837 1343 2871 ἐκεῖ
1359 2836 1392 2871 εἷ
1407 2837 1473 2871 hoc
1491 2837 1614 2871 ordine
1632 2837 1673 2870 E.
1694 2836 1806 2880 (vat.)
1826 2837 1870 2872 cf.
1888 2836 1925 2870 in

343 2880 389 2912 xii
411 2880 538 2924 Proph.
558 2892 626 2925 343
644 2892 673 2920 a,
693 2888 814 2916 contra
832 2882 1009 2926 Anthrop.
1027 2884 1095 2927 389
1114 2895 1144 2916 a.
1367 2894 1587 2929 20—p.437,
1606 2883 1626 2917 8
1644 2883 1728 2918 citat
1745 2895 1791 2927 p„
1811 2882 1924 2917 20-26

345 2926 479 2960 Veceus
501 2927 620 2971 Epigr.
640 2927 684 2961 iv.
876 2939 931 2970 24.
959 2931 1111 2963 καλεῖται
1130 2929 1279 2964 Veccus.
