2022 3272
108 135 190 177 xvi.
216 148 279 187 14.
355 134 428 175 IN
471 137 512 176 S.
548 132 885 174 JOANNEM,
955 131 1013 171 [111
1031 133 1073 171 13.
1111 130 1186 171 XI.
1249 129 1380 170 (JAP.
1419 130 1449 168 l.
1617 128 1697 167 635

110 242 159 294 δὲ
191 248 327 305 πῶς;
370 242 400 293 ἃ
431 244 524 309 γὰρ
560 241 652 294 οἶδε
689 245 763 292 καὶ
800 241 990 291 δύναται
1026 239 1080 290 τὸ
1110 244 1305 302 Πνεῦμα
1332 239 1488 300 αὐτοῦ,
1513 241 1614 290 πῶς
1641 235 1699 286 ἂν

110 324 249 379 αὐτὸς
295 326 378 376 οὐκ
422 326 557 389 εἰδείη
607 323 766 391 τυχὸν,
810 321 839 386 ἢ
882 327 983 376 πῶς
1028 323 1111 372 οὐκ
1156 321 1214 371 ἂν
1262 320 1480 379 δύναιτο;
1539 319 1613 368 καὶ
1662 322 1699 368 εἰ

110 406 322 473 καθάπερ
347 406 486 460 αὐτός
513 411 679 475 φησιν,
706 405 762 474 ἐξ
791 405 934 455 αὑτοῦ
965 401 1202 466 λαμβάνει
1229 400 1283 451 τὸ
1313 405 1523 463 Πνεῦμα,
1551 400 1699 450 καίτοι

108 487 266 539 πάντα
298 488 470 556 ἰσχύον
495 490 571 540 καὶ
606 490 879 554 κατορθοῦν,
905 490 1006 539 πῶς
1038 484 1096 536 ἂν
1123 482 1263 537 αὐτὸς
1298 483 1381 533 οὐκ
1416 482 1500 549 ε”χῃ
1536 481 1590 532 τὸ
1626 481 1698 548 ἐφ’

109 568 291 622 ἅπασιν
329 570 562 638 ἰσχυρόν,
622 567 942 632 ὑποτοπητέον
981 566 1030 618 δὲ
1074 566 1287 629 οὐδαμῶς
1332 563 1498 631 ἰσχύος
1544 564 1703 614 ἐπιδεᾶ

108 654 192 715 τῆς
217 651 428 721 ἐμφύτου
453 655 528 704 καὶ
556 653 763 721 φυσικῆς
789 648 1075 701 καθεστάναι
1101 646 1184 699 τὸν
1212 645 1547 712 Παράκλητον,
1567 667 1700 695 τουτ-

109 732 213 784 ἔστι
247 733 301 785 τὸ
342 738 551 798 Πνεῦμα,
579 736 641 787 ὡς
680 736 716 783 εἰ
753 731 817 796 μὴ
856 731 1000 793 λάβοι
1035 728 1179 797 τυχὸν
1204 729 1317 793 μηδ’
1347 727 1404 778 ἂν
1431 726 1702 795 ἐξαρκέσειν

109 814 251 867 αὐτὸν
289 817 436 886 ἑαυτῷ
474 816 707 867 δύνασθαι
744 812 863 881 πρὸς
900 812 986 878 τὴν
1023 817 1118 864 τῶν
1156 812 1292 863 θείων
1324 807 1741 875 κατορθωμάτωνο

67 586 90 624 Ul

109 897 341 963 ἐνέργειαν
375 896 766 961 ἀποτελεστικήν·
822 895 1107 956 δυσσεβείας
1145 892 1240 959 γὰρ
1281 890 1339 943 ἂν
1377 894 1460 955 τῆς
1499 891 1702 941 ἁπασῶν

42 1000 91 1026 10
109 978 314 1046 ἐσχάτης
341 979 583 1043 ὑπομείναι
608 977 813 1046 γραφὴν,
841 979 917 1029 καὶ
943 975 1138 1045 σφόδρα
1165 975 1367 1036 εἰκότως,
1395 975 1419 1024 ὁ
1452 974 1528 1023 καὶ
1557 970 1703 1035 μόνον

111 1063 280 1124 οἰηθεὶς
314 1061 488 1126 ἀληθές
522 1084 567 1112 τι
599 1065 694 1112 τῶν
718 1060 941 1111 τοιούτων
967 1058 1083 1110 εἶναι
1116 1059 1220 1124 περὶ
1256 1057 1412 1107 αὐτοῦ.
1466 1054 1623 1117 ἐπειδὴ
1657 1052 1704 1103 δὲ

111 1142 367 1206 ὁμοούσιόν
388 1166 439 1195 τε
463 1145 567 1194 ἐστι
593 1146 659 1212 τῷ
685 1146 800 1211 Υἱῷ,
828 1143 902 1192 καὶ
929 1139 1118 1206 πρόεισι
1150 1142 1421 1205 θεοπρεπῶς
1457 1135 1512 1187 δι’
1542 1136 1702 1196 αὐτοῦ,

111 1230 278 1276 πᾶσαν
316 1227 459 1276 αὑτοῦ
493 1225 579 1290 τὴν
612 1226 684 1293 ἐφ’
714 1223 868 1275 ἅπασι
906 1221 1203 1286 τελεωτάτην
1241 1221 1350 1288 ε”χον
1388 1217 1621 1285 ἐνέργειάν
1656 1240 1704 1267 τε

112 1311 188 1358 καὶ
214 1307 423 1371 δύναμιν,
440 1307 516 1359 διὰ
541 1305 680 1358 τοῦτό
706 1310 858 1375 φησιν
874 1305 982 1357 ‘'Ort
1010 1306 1061 1356 ἐκ
1090 1306 1162 1355 τοῧ
1188 1304 1292 1371 ἐμοῦ
1319 1298 1540 1372 λήψεται.
1587 1301 1702 1367 ὑφε-

46 1407 93 1447 15
112 1387 286 1440 στᾶναι
310 1388 404 1455 γὰρ
429 1389 542 1441 αὐτὸ
569 1388 677 1440 καθ’
705 1387 841 1439 ἑαυτὸ
873 1386 927 1439 τὸ
955 1390 1153 1449 Πνεῦμα
1187 1383 1487 1445 πιστεύομεν,
1515 1379 1634 1432 εἶναί
1656 1403 1706 1431 τε

113 1470 233 1522 κατὰ
257 1471 483 1536 ἀλήθειαν
508 1470 640 1523 τοῦθ’
666 1470 781 1537 ὅπερ
806 1472 911 1521 ἐστὶ
937 1470 1013 1520 καὶ
1040 1467 1245 1533 λέγεται,
1265 1464 1534 1531 ἐνυπάρχον
1555 1461 1706 1528 γεμὴν
1723 1487 1744 1512 a
1771 1477 1858 1512 930
1873 1476 1927 1510 Α.

113 1557 171 1620 τῇ
211 1552 352 1622 οὐσίᾳ
389 1558 472 1604 τοῦ
510 1557 649 1615 Θεοῦ,
687 1551 947 1618 προκύπτει
986 1573 1036 1601 τε
1075 1552 1150 1600 καὶ
1189 1547 1405 1616 πρόεισιν
1444 1545 1501 1614 ἐξ
1539 1545 1702 1608 αὐτῆς,

114 1633 272 1686 πάντα
320 1634 379 1687 τὰ
424 1636 566 1699 αὐτῆς
614 1635 723 1702 ε”χον
763 1636 812 1685 ἐν
855 1634 1004 1701 ἑαυτῷ
1056 1634 1288 1700 φυσικῶς·
1349 1629 1403 1679 οὐ
1449 1627 1543 1693 γὰρ
1588 1625 1707 1676 κατὰ

114 1715 316 1785 μεθεξιν,
361 1718 472 1767 ἀλλ’
521 1716 626 1768 οὐδὲ
677 1716 797 1766 κατὰ
848 1716 1027 1782 τρόπον
1070 1711 1306 1781 σχετικὸν,
1353 1711 1463 1761 ἀλλ’
1512 1709 1599 1775 οὐχ
1644 1710 1707 1761 ὡς

47 1823 97 1848 20
116 1798 272 1895 ἕτερον
298 1796 352 1849 ὃν
374 1799 484 1865 παρ’
513 1798 672 1862 αὐτὴν,
698 1799 885 1863 ἐπείπερ
920 1798 1051 1847 ἐστιν
1077 1795 1195 1846 ἰ’διον
1223 1795 1382 1857 αὐτῆς.
1438 1791 1580 1856 ὅνπερ
1612 1789 1706 1855 γὰρ

115 1880 294 1947 τρόπον
338 1881 366 1944 ἡ
410 1882 460 1931 ἐκ
511 1885 606 1931 τῶν
657 1900 990 1943 ευοσμοτατων
1038 1876 1217 1927 ἀνθεων
1266 1874 1432 1925 εὐωδια
1482 1877 1708 1933 λαβοῦσα

117 1962 295 2029 τρόπον
320 1961 424 2013 τινὰ
459 1966 554 2013 τῶν
579 1961 836 2028 προϊέντων
861 1958 1006 2020 αυτὴν
1032 1957 1119 2022 τὴν
1145 1957 1352 2019 οὐσιώδη
1389 1978 1464 2006 και
1497 1952 1708 2022 φυσικὴν

118 2044 364 2111 ἐνέργειαν,
402 2043 507 2108 ἤτοι
546 2042 788 2105 ποιότητα,
828 2040 1077 2106 διακομίζει
1116 2043 1213 2092 τοῖς
1252 2037 1344 2106 ἔξω
1385 2036 1471 2100 τὴν
1505 2038 1704 2101 γνῶσιν,

119 2131 215 2180 τοῖς
266 2127 601 2195 ὀσφραντικοΐς
651 2130 734 2175 τοῦ
777 2124 1002 2187 σώματος
1042 2121 1221 2187 μορίοις
1265 2118 1583 2182 ἐμπίπτουσα,
1631 2117 1707 2166 καὶ

51 2223 100 2262 25
120 2211 248 2260 δοκεῖ
267 2208 352 2271 μέν
376 2231 490 2270 πως,
518 2206 636 2258 ὅσον
662 2206 771 2271 ἧκεν
797 2209 860 2259 εἰς
893 2204 1097 2257 ἐπινοίας
1123 2200 1291 2267 λόγον,
1322 2200 1455 2266 ἑτέρα
1488 2221 1558 2251 τις
1593 2196 1706 2248 εἶναι

119 2289 250 2356 παρὰ
287 2289 373 2354 τὴν
406 2288 693 2353 πέμπουσαν
727 2286 872 2351 αὐτὴν
911 2286 1074 2355 φύσιν,
1107 2281 1330 2347 νοουμένη
1369 2280 1518 2347 γεμὴν
1556 2279 1706 2330 οὐκέτι
1724 2286 1752 2326 b

114 2364 230 2422 καθ’
257 2369 425 2434 ἑαυτὴν
450 2371 538 2438 οὐχ
575 2370 736 2436 ἑτέραν
762 2369 853 2436 ε”χει
892 2366 1056 2437 φύσιν,
1082 2365 1110 2430 ἢ
1147 2364 1232 2429 τὴν
1258 2363 1314 2432 ἐξ
1350 2361 1415 2413 ὧν
1448 2364 1524 2412 καὶ
1562 2363 1610 2411 ἐν
1639 2359 1708 2414 οἷς

121 2454 270 2503 ἐστιν·
322 2453 444 2503 οὕτω
479 2451 662 2516 νοήσεις
687 2451 765 2502 ἐπί
787 2473 836 2501 τε
865 2454 991 2500 Θεοῦ
1020 2450 1096 2498 καὶ
1117 2447 1284 2512 εΑγιόυ
1314 2443 1592 2507 Πνεύματος
1625 2441 1708 2492 τὸν

122 2539 206 2585 τοῦ
229 2534 608 2599 παραδείγματος
631 2531 900 2594 ἀναβαίνων
925 2529 1089 2596 λόγον.
1132 2526 1487 2592 ἀκατηγόρητον
1510 2525 1591 2574 οὖν
1617 2524 1708 2589 ἄρα

174 2714 206 2738 2.
231 2703 332 2746 αὐτῆς
348 2712 412 2747 pro
430 2701 530 2735 αυτὸς
549 2700 629 2745 (Sic)
649 2699 691 2734 E.
763 2698 867 2742 εῖδοίῃ
886 2710 919 2743 q.
931 2697 965 2731 V
967 2708 1082 2731 eccus.
1253 2706 1287 2737 4.
1311 2694 1382 2738 ἔχει
1400 2692 1432 2726 V
1435 2690 1708 2735 800113,56ᾶὲχῃ

124 2750 232 2784 habet
249 2761 283 2794 q.
426 2756 458 2793 7.
484 2747 575 2790 λάβῃ
595 2758 641 2791 q.‚
661 2745 721 2779 sed
738 2746 841 2786 λάβοι
860 2745 891 2777 V
895 2756 1008 2778 eccus.
1152 2752 1207 2776 22.
1231 2740 1415 2785 προῖέντων
1432 2739 1534 2782 αυτὴν
1550 2749 1581 2772 a.
1601 2737 1709 2771 Cord.

124 2797 327 2841 προσόντων
343 2794 456 2829 αὐτοῖς
473 2806 506 2839 q.
525 2793 579 2827 bis
596 2793 718 2827 citans.
738 2792 770 2825 V
774 2803 876 2825 eccus
893 2791 930 2824 in
949 2790 1070 2834 Epigr.
1084 2800 1117 2823 v.
1135 2794 1169 2822 et
1185 2788 1232 2821 ix.
1254 2786 1321 2820 Ed.
1449 2785 1504 2818 26.
1532 2784 1711 2827 νοουμένην

126 2855 157 2877 a.
176 2842 281 2876 Vecc.
300 2853 335 2875 m
355 2841 476 2885 Epigr.
494 2840 541 2874 ix.
684 2846 738 2883 27.
765 2838 828 2882 οὐχ
846 2848 916 2871 om.
936 2848 970 2881 q.
987 2836 1041 2870 bis
1060 2836 1183 2875 citans,
1201 2833 1363 2869 Veccus
1357 2844 1392 2865 m
1412 2832 1534 2876 Epigr
1551 2843 1584 2865 v.
1603 2836 1636 2863 et
1653 2830 1711 2871 ix„

127 2888 268 2923 exhibet
286 2887 394 2922 Cord.
413 2887 523 2920 οὐκέτι
540 2897 625 2926 om„
643 2885 708 2929 οὐχ
726 2884 866 2918 exhibet
882 2883 1089 2917 abbrevians
1107 2893 1137 2916 a.
1330 2879 1384 2913 28.
1412 2877 1481 2923 καὶ]
1507 2882 1542 2918 -ff—
1565 2879 1624 2911 τοῦ
1643 2877 1672 2910 F
1676 2875 1710 2909 d.

127 2935 244 2971 invitis
262 2946 284 2979 q
306 2934 405 2979 (bis)
424 2933 539 2968 Vecco
559 2931 658 2977 (bis).
678 2932 771 2965 Catt.

853 2996 982 3037 4³12
