1971 3272
70 145 164 187 x.7.
315 136 387 176 IN
430 136 473 176 S.
508 134 844 176 JOANNEM.
907 134 1031 175 LIB.
1057 134 1134 175 VI.
1195 134 1331 175 CAP.
1367 134 1401 174 Ῐ.
1575 133 1654 173 211

70 245 297 306 διάνοιαν,
345 244 479 295 οὐδὲν
523 244 577 294 τὸ
628 243 855 310 παράπαν
899 248 993 294 τῶν
1038 245 1300 311 ἐπωφελῶν
1347 242 1659 307 ἀκροαμάτων

70 326 366 394 εἰσδέχεσθαι
401 326 759 391 μελετήσασαν.
817 325 892 377 διὰ
930 331 1069 376 τοῦτο
1107 326 1226 390 πρὸς
1265 323 1432 378 αὐτοὺς
1470 324 1659 388 ε’λέγετο

70 407 147 458 διὰ
185 411 345 476 φωνῆς
380 407 522 472 Ἰωὴλ
561 414 644 459 τοῦ
683 407 934 475 προφήτου
961 407 1307 476 ζ(Διαῤῥήξατε
1346 405 1430 459 τὰς
1469 406 1659 472 καρδίας
1721 405 1808 480 ,Ilm-1.
1828 408 1861 438 ἦ·

71 497 98 520 “
125 491 254 553 ὑμῶν
279 492 356 541 καὶ
381 489 446 554 μὴ
473 489 533 541 τὰ
559 490 719 554 ἱμάτια
746 490 918 552 ὑμῶν.”
1744 462 1774 490 3·

29 583 52 621 5
145 576 294 623 Δοκεῖ
314 572 373 623 δέ
385 595 463 635 μοι
489 571 637 623 πάλιν
657 573 739 622 οὐκ
766 570 1119 637 ἀπερισκέπτως
1144 574 1285 622 εἰπεῖν
1306 571 1331 620 ὁ
1357 575 1439 620 τοῦ
1464 569 1659 630 βιβλίου
1679 572 1705 613 b

70 652 394 723 συγγραφεὺς,
422 653 493 705 ὅτι
524 654 677 714 ταύτην
703 653 771 713 &w
800 652 1086 719 παραβολὴν
1113 652 1228 704 εἶπεν
1255 655 1399 706 αὐτοῖς
1436 658 1453 703 ὁ
1479 652 1657 711 Ἰησοῦς,

70 738 113 786 οἱ
148 736 196 786 δὲ
232 738 285 786 οὐ
320 739 545 800 συνῆκαν,
575 738 711 805 φησὶ,
740 739 835 787 τίνοι
863 732 904 795 ἦν
931 733 964 786 οἳ
990 736 1146 787 ἐλάλει
1174 737 1337 789 αὐτοῖς.
1390 735 1592 802 ἐκφωνεῖ
1613 731 1661 782 δὲ

69 817 244 882 ταύτην
285 819 382 880 μετ’
424 817 676 887 ἐμφάσεως
721 819 774 869 οὐ
819 822 1001 883 μικρᾶς.
1078 818 1125 867 ἐν
1168 816 1260 885 ’ίσῳ
1305 815 1399 882 γὰρ
1446 819 1484 866 εἰ
1529 814 1662 880 λέγοι

71 904 245 968 σαφῶς
290 902 460 954 Οὕτως
504 902 743 969 ἀφιστᾶσι
794 904 878 950 τοῦ
929 898 1166 950 δύνασθαί
1212 921 1257 948 τι
1309 897 1518 948 συνιέναι
1568 900 1663 947 τῶν

4 992 53 1025 ¹0
70 982 337 1047 ἀναγκαίων
375 985 417 1032 οὶ
458 985 727 1048 Φαρισαῖοι,
767 983 916 1032 καίτοι
956 984 1390 1049 δοκησισοφοῦντες
1431 977 1658 1040 ἐκτόπως,

70 1061 192 1114 ὥστε
230 1063 387 1125 ταύτην
425 1065 478 1114 οὐ
515 1068 728 1128 συνῆκαν
766 1062 836 1125 τὴν
874 1061 1176 1130 παραβολὴν,
1208 1062 1294 1126 τὴν
1333 1063 1480 1116 οὕτως
1521 1060 1658 1111 εὐκά-

69 1168 246 1198 τοπτον
285 1148 360 1197 καὶ
399 1147 796 1211 λελευκασμένην,
834 1148 882 1197 ἐν
920 1144 949 1214 ᾗ
990 1145 1216 1213 δυσχερὲς
1255 1144 1400 1207 οὐδὲν,
1440 1145 1493 1194 οὐ
1534 1166 1658 1206 καμ-

69 1226 225 1279 πύλον
263 1232 326 1282 εὶς
364 1227 546 1293 νόησιν,
582 1230 635 1280 οὐ
674 1228 888 1296 χαλεπὸν
924 1232 987 1282 εἰς
1027 1227 1320 1296 κατάληψιν.
1377 1228 1579 1294 διαγελᾷ
1614 1224 1701 1275 δὲο

69 1310 346 1376 πρεπόντως
389 1310 475 1375 τὴν
517 1310 776 1375 Ἰουδαϊκὴν
823 1310 1133 1372 δυσβουλίαν,
1175 1309 1361 1375 ἐπείπερ
1407 1309 1562 1361 αὐτοῖς
1607 1305 1662 1357 τὸ

7 1402 52 1448 15
71 1391 216 1455 μηδὲν
260 1390 374 1444 εἶναι
420 1393 633 1460 Χριστὸς
678 1393 1001 1461 κατεφαίνετο,
1046 1393 1197 1442 καίτοι
1243 1390 1302 1442 τὰ
1349 1389 1465 1457 ὑπὲρ
1517 1389 1662 1452 νόμον

71 1472 324 1537 διδάσκων,
357 1477 432 1526 καὶ
470 1475 597 1527 πολὺ
634 1478 716 1539 τῆς
755 1473 1002 1528 Μωυσέως
1041 1473 1353 1542 χαριεστέραν
1387 1473 1664 1536 ποιούμενος

70 1554 157 1619 τὴν
183 1556 445 1625 ὑφήγησιν.

78 1741 205 1789 Εἶπεν
243 1745 316 1789 οὖν
355 1745 500 1790 αὐτοῖς
537 1748 559 1790 ὁ
590 1747 760 1789 ἸΗσοῡο
789 1746 927 1796 Ἀμήν
962 1746 1077 1794 λέΓω
1115 1741 1209 1794 ὑμῖν
1242 1742 1328 1792 ὲΓὼ
1365 1740 1449 1792 εἰμι
1488 1743 1511 1784 ἡ
1551 1742 1658 1799 θύρα
1681 1752 1701 1791 7

678 1831 765 1874 τῶν
803 1831 1049 1888 Προβάτων.

8 1970 56 1995 20
140 1950 307 2016 ’Έγνω
341 1950 398 2016 δὴ
432 1950 622 2006 πάντως
655 1950 774 2002 κατὰ
807 1948 892 2014 τὴν
919 1950 1070 2014 φύσιν
1096 1947 1322 2016 ὑπάρχων
1348 1946 1469 2000 Θεὸς
1502 1947 1577 1997 καὶ
1603 1943 1662 1996 τὰ

75 2035 124 2083 ἐν
168 2037 235 2102 τῷ
277 2033 414 2094 βάθει
460 2033 645 2097 κείμενα
688 2032 900 2095 βλέπων,
946 2033 1007 2085 ὡς
1052 2030 1183 2082 οὐδὲν
1227 2034 1321 2081 τῶν
1364 2029 1473 2095 παρ’
1518 2028 1662 2078 αὑτοῦ

76 2116 346 2181 λεγομένων
389 2119 592 2180 συνῆκεν
635 2117 659 2166 ὁ
706 2119 983 2181 Φαρισαῖος,
1030 2114 1180 2164 καίτοι
1232 2111 1421 2178 μεγάλα
1471 2113 1709 2179 φρονεῖνᾶ

77 2196 247 2251 εἰωθὼς
286 2198 365 2248 ε’πί
404 2221 453 2249 τε
500 2198 798 2266 νομομαθείᾳ,
832 2199 906 2247 καὶ
946 2198 1020 2247 ἐπὶ
1058 2199 1124 2265 τῷ
1164 2198 1314 2245 δοκεῖν
1355 2191 1469 2244 εἶναι
1506 2188 1663 2260 σοφὸς

77 2280 374 2346 ἀσυγκρίτως
420 2280 806 2349 ἐξωφρυωμένος.
875 2278 952 2330 διὰ
992 2284 1131 2329 τοῦτο
1183 2274 1456 2345 φανοτάτην
1508 2275 1664 2327 αὐτοῖς

11 2376 59 2416 25
78 2367 274 2413 ποιεῖται
309 2361 394 2426 τὴν
424 2361 670 2430 ἐξήγησιν,
697 2363 774 2412 καὶ
811 2359 1235 2427 ἀναμηρυσάμενος
1273 2356 1437 2424 ὥσπερ
1474 2356 1558 2407 τὸν
1589 2354 1665 2406 διὰ

79 2448 173 2493 τῶν
212 2448 406 2510 μακρῶν
448 2442 598 2509 λόγον
639 2446 687 2494 ἐν
727 2443 908 2508 ὀλίγοις
954 2444 1119 2505 κομιδῆ
1165 2441 1247 2492 τὸν
1286 2443 1369 2504 τῆς
1412 2439 1664 2506 παροιμίας

79 2524 317 2589 διαμηνύει
351 2525 549 2577 σκοπόν.
606 2524 783 2591 ἀγαθὸς
818 2524 911 2591 γὰρ
945 2522 1010 2574 ὧν
1038 2524 1203 2590 φύσει,
1232 2525 1517 2590 χειραγωγεῖ
1547 2519 1664 2585 πρὸς

131 2716 160 2740 Ι.
185 2708 252 2740 τῶν
268 2710 490 2749 assumptum
509 2715 550 2737 ex
568 2715 599 2738 a.
734 2715 767 2746 9.
792 2702 970 2748 ἀφεστᾶσι
988 2713 1018 2735 a.
1155 2711 1167 2734 1
1179 2710 1208 2735 1.
1234 2700 1323 2734 ὥστε
1341 2698 1534 2743 assumpsit
1551 2709 1569 2731 e
1588 2696 1665 2731 Cat.

81 2757 120 2786 ut
137 2751 207 2786 vid.
225 2751 318 2785 Aub.
503 2761 555 2784 12.
582 2749 691 2789 οὐδὲν,
710 2750 750 2783 οὗ
768 2747 944 2793 καμπύλον
963 2747 1004 2781 Β.
1023 2746 1130 2789 οὐδὲν,
1149 2746 1226 2780 οὐδὲ
1244 2744 1421 2790 καμπύλον
1438 2756 1468 2779 a.
1487 2744 1564 2778 οὐδὲ
1582 2758 1665 2788 καμ-

81 2797 191 2832 πύλον
208 2799 306 2832 οὐδὲν
324 2796 390 2831 Ed.
496 2807 550 2841 23.
577 2796 701 2831 εἰωθὼς
719 2795 917 2829 emendavit
936 2794 1070 2839 Migne.
1089 2793 1206 2827 εἷωθὸς
1223 2792 1290 2826 Ed.
1398 2802 1453 2834 24.
1481 2791 1665 2836 ἐξωφρυω-

82 2844 179 2888 μένος
198 2845 239 2879 Β.
259 2845 518 2890 ἐξοφρυώμενος
537 2842 604 2877 Ed.
768 2851 824 2886 25.
849 2842 908 2875 τὸν
924 2841 978 2874 διὰ
996 2844 1062 2874 τῶν
1077 2843 1214 2884 μακρῶν
1229 2840 1336 2884 λόγον
1352 2837 1516 2872 emendat
1536 2837 1667 2882 Heyse.

83 2895 148 2925 τῶν
172 2892 226 2926 διὰ
250 2895 317 2926 τῶν
340 2891 469 2936 μακρὸν
493 2891 599 2935 λόγον
624 2889 666 2924 Β.
686 2889 745 2923 τὸν
769 2889 823 2922 διὰ
848 2891 915 2922 τῶν
938 2890 1073 2931 μακρῶν
1098 2888 1212 2931 λόγων
1231 2885 1350 2919 Holst.
1368 2885 1423 2919 διὰ
1447 2888 1514 2920 τῶν
1529 2887 1667 2929 μακρῶν

83 2938 196 2982 λόγων
214 2950 230 2972 e
249 2938 326 2972 Cat.
344 2944 383 2972 ut
400 2936 471 2972 vid.
489 2936 585 2971 Aub.
730 2944 787 2981 27.
812 2933 985 2978 διαμηνὺει
1002 2945 1033 2968 a.
1051 2931 1259 2978 διερμηνεύει
1277 2931 1344 2967 Ed.

815 3000 929 3030 Eez
