2037 3266
305 131 390 170 478
707 129 758 170 B.
792 127 1064 169 CYRILLI
1105 128 1489 169 ALEXANDR.
1722 127 1805 169 xiv.
1826 139 1891 170 20.

305 239 444 308 φησὶ,
469 237 552 292 τὰς
577 238 773 293 ἐντολάς
797 262 888 303 μου
913 238 1124 304 τηρήσει.
1172 237 1286 290 πότε
1313 237 1407 305 γὰρ
1432 237 1518 302 τὴν
1543 237 1670 288 θείαν
1696 236 1894 301 ἐντολὴν

305 321 591 387 τηρήσομεν,
610 325 672 375 εἷς
699 321 753 372 τὸ
779 320 933 388 παρὸν
959 321 1320 387 ἀλογήσαντες;
1353 320 1429 371 ὅτε
1456 320 1614 371 τοίνυν
1638 325 1895 371 πιστεῦσαι

305 401 390 464 μὲν
417 402 564 472 ἄξιον,
592 403 662 454 ὅτι
690 404 871 472 φιλεῖὸ
898 402 1014 457 Υἱὸς
1040 402 1123 454 τὸν
1152 402 1358 469 Πατέρα,
1385 403 1551 471 ἀγαπᾷ
1585 401 1633 453 δὲ
1665 402 1784 466 ἡμᾶς
1819 402 1894 451 καὶ

266 483 415 550 Οπαρ’
443 485 575 549 ἡμῶν
609 487 861 552 ἀγαπᾶται,
889 490 987 538 πῶς
1028 485 1112 535 οὐκ
1151 484 1416 535 ἀκόλουθον
1450 486 1633 546 ἐννοεῖν,
1660 482 1816 550 ἕτερόν
1850 505 1895 533 τι

304 571 657 629 βεβουλεῦσθαι
698 570 1029 631 κατασημῆναι
1067 567 1150 617 τὸν
1174 566 1305 629 Υὶὸν,
1337 569 1412 617 καὶ
1447 565 1530 617 τὸν
1565 569 1646 630 τῆς
1682 565 1894 618 ἑνώσεως
1915 583 1937 621 5

304 648 483 716 τρόπον
516 651 570 701 οὐ
602 654 668 719 τῷ
705 653 788 714 τῆς
823 648 1011 716 ἀγάπης
1046 648 1282 715 ὁρίζεσθαι
1314 647 1455 717 νόμῳ,
1482 652 1674 711 μᾶλλον
1701 646 1749 698 δὲ
1784 648 1892 698 καθ’

305 730 462 798 ἕτερόν
498 755 603 783 τινα
641 730 818 798 τρόπον
852 731 1216 793 εἶσκεκομικέναι
1255 734 1442 799 σαφῶς,
1473 729 1587 780 ὅταν
1620 729 1739 797 λέγῃ
1777 728 1895 795 πρὸς

304 815 424 878 ἡμᾶς
441 818 513 865 Ἐν
539 814 671 888 ἐκείνῃ
700 816 748 883 τῇ
773 812 909 884 ἡμέρα
933 811 1151 879 γνώσεσθε
1176 811 1237 863 ’ὅτι
1265 810 1354 878 ἐγῶ
1381 812 1418 863 ἐν
1443 817 1503 882 τῷ
1533 817 1676 881 Hoc-cpi
1701 836 1786 880 μου
1814 814 1893 862 καὶ

305 900 428 965 ὑμεῖς
456 897 492 948 ἐν
520 897 613 965 ἐμοὶ
645 894 778 963 nol-y&
806 897 843 948 ἐν
870 898 995 963 ὑμῖν,
1916 890 1919 891 ⁷

378 977 522 1029 Ἀλλ’
550 980 645 1045 ἐρεῖ
672 978 791 1044 πρὸς
823 983 964 1029 τοῦτο
999 975 1143 1044 τυχὸν
1175 977 1200 1027 ὁ
1239 976 1293 1027 δι’
1322 975 1546 1036 ἐναντίας,
1579 974 1649 1025 ὅτι
1682 973 1777 1041 πρὸ
1811 972 1896 1038 μὲν
1919 999 1968 1025 ιο

304 1067 388 1112 τοῦ
414 1061 594 1115 πάθους
621 1060 680 1112 τὰ
706 1066 898 1112 τοιαῦτα
924 1057 1044 1126 πρὸς
1071 1059 1192 1122 ἡμᾶς
1223 1056 1490 1122 λελάληκεν
1516 1058 1541 1107 ὁ
1568 1055 1802 1123 Χριστὸς,
1834 1058 1896 1110 ὡς

305 1147 471 1213 ἀγαπᾷ
508 1143 593 1207 μὲν
631 1143 770 1197 αὐτὸς
808 1142 891 1194 τὸν
928 1141 1118 1207 Πατέρα
1164 1142 1239 1191 καὶ
1282 1142 1609 1205 ἀνταγαπᾶται
1643 1137 1774 1204 παρὰ
1813 1143 1896 1188 τοῦ

260 1234 287 1275 (1
310 1226 514 1292 Πατρὸς,
542 1227 707 1295 ἀγαπᾷ
733 1224 780 1276 δὲ
808 1227 883 1276 καὶ
910 1225 1030 1289 ἡμᾶς
1057 1225 1133 1273 καὶ
1163 1223 1293 1287 ἡμεῖς
1324 1220 1482 1272 αὐτόν·
1525 1220 1644 1285 μετὰ
1675 1221 1727 1271 δέ
1753 1243 1806 1286 γε
1840 1219 1895 1270 τὸ

305 1308 458 1362 πάθος
485 1312 560 1360 καὶ
588 1309 674 1373 τὴν
699 1311 748 1360 ἐκ
776 1312 952 1374 νεκρῶν
979 1308 1259 1370 ἀναβίωσιν,
1286 1306 1474 1372 ἐπείπερ
1501 1306 1679 1369 εἴδομεν
1709 1304 1891 1372 διαῤῥή-

306 1392 458 1460 ξαντα
483 1390 542 1442 τὰ
577 1397 660 1442 τοῦ
698 1389 901 1442 θανάτου
932 1389 1101 1453 δεσμὰ,
1128 1389 1395 1456 ἐγνώκαμεν
1420 1388 1482 1439 ’ὅτι
1509 1389 1545 1439 ἐν
1574 1391 1719 1457 Πατρὶ
1742 1389 1892 1448 ἐστιν,
1920 1410 1966 1448 15

307 1474 387 1525 ἅτε
415 1472 471 1538 δὴ
499 1476 574 1525 καὶ
599 1473 924 1540 ἀγαπώμενος,
947 1471 1023 1524 διά
1049 1496 1096 1523 τε
1124 1477 1264 1523 τοῦτο
1290 1473 1366 1522 καὶ
1393 1469 1604 1524 ἀναστὰς
1630 1471 1678 1520 ἐκ
1705 1473 1892 1535 νεκρῶν.

308 1555 385 1608 διὰ
422 1562 561 1608 τοῦτο
599 1558 675 1607 καὶ
711 1555 850 1609 αὐτὸς
889 1557 937 1606 ἐν
972 1555 1084 1619 ἡμῖν
1119 1556 1194 1605 καὶ
1233 1554 1363 1618 ἡμεῖς
1401 1555 1449 1604 ἐν
1484 1554 1624 1622 αὐτῷ,
1657 1551 1778 1603 κατὰ
1815 1550 1898 1602 τὸν

308 1639 450 1690 αὐτὸν
477 1643 560 1703 τῆς
585 1638 771 1706 ἀγάπης
799 1639 961 1704 λόγον.

381 1723 550 1785 Ἡμεῖς
583 1722 630 1773 δὲ
664 1721 782 1788 πρὸς
808 1719 947 1772 τοῦτό
983 1724 1140 1787 φαμεν
1168 1717 1407 1768 Μάλιστα
1433 1716 1518 1780 μὲν
1544 1716 1762 1782 ληρώδης
1790 1716 1898 1778 ὑμῖν

309 1806 384 1855 καὶ
416 1804 642 1858 ἀσύνετος
676 1807 922 1855 παντελῶς
959 1803 1033 1852 καὶ
1069 1800 1144 1852 διὰ
1178 1804 1374 1865 σαθρῶν
1401 1797 1494 1849 εἶσι
1520 1798 1682 1863 λόγων
1708 1798 1736 1862 ἡ
1763 1799 1894 1848 ἀντί-
1919 1818 1969 1843 20

309 1891 452 1942 θεσις.
505 1885 652 1951 πλὴν,
679 1883 715 1936 cf>
742 1889 961 1952 γενναῖοι,
990 1882 1324 1951 διασκέψασθε
1351 1881 1499 1933 πάλιν
1525 1879 1595 1931 ὅτι
1621 1879 1713 1946 πρὸ
1739 1882 1822 1943 τῆς
1849 1881 1899 1930 ἐκ

269 1974 485 2035 ονεκρῶν
519 1968 831 2021 ἀναστάσεως
867 1966 982 2033 ὅπερ
1019 1965 1225 2031 ἔγνωμεν
1260 1965 1463 2028 ἀληθῶς,
1492 1963 1575 2013 οὐκ
1610 1962 1699 2013 ἔδει
1734 1966 1899 2025 μαθεῖν

307 2051 426 2115 μετὰ
464 2050 550 2115 τὴν
587 2049 870 2101 ἀνάστασιν.
929 2051 965 2099 εἰ
1005 2046 1091 2110 μὲν
1126 2046 1219 2112 γὰρ
1258 2047 1438 2098 ἀτελῶς
1474 2043 1780 2108 ἐπιστεύομεν
1817 2043 1899 2095 τὸν

307 2133 425 2184 Υὶὸν
457 2136 737 2200 ἀγαπᾶσθαι
763 2130 847 2196 μὲν
872 2128 1003 2197 παρὰ
1036 2135 1120 2180 τοῦ
1158 2129 1274 2178 ἰδίου
1303 2126 1507 2192 Πατρὸς,
1533 2128 1722 2193 ἀγαπᾶν
1748 2125 1797 2176 δὲ
1823 2128 1899 2177 καὶ

308 2215 452 2268 αὐτὸν
483 2215 565 2267 τὸν
594 2215 801 2281 Πατέρα,
829 2211 1088 2279 περιμένειν
1125 2210 1271 2263 ὅντως
1309 2211 1452 2275 ἐχρῆν
1486 2209 1572 2272 τὴν
1609 2207 1894 2269 ἀνάστασιν,
1921 2231 1968 2268 25

308 2299 383 2349 ἵνα
410 2301 493 2362 τῆς
520 2297 744 2363 γνώσεως
770 2296 949 2362 ἔχωμεν
973 2294 1143 2343 ἐκεῖθεν
1169 2290 1254 2355 τὴν
1281 2289 1568 2354 τελειότητα.
1624 2293 1661 2339 εἰ
1688 2291 1735 2339 δέ
1763 2290 1893 2357 ἀξιό-

83 2382 246 2466 Ξὶλξῒῖὼ·
309 2403 479 2434 πιστος
520 2381 544 2430 ὁ
586 2376 755 2443 Πατὴρ
795 2379 871 2427 καὶ
907 2374 1001 2441 πρὸ
1040 2377 1122 2437 τῆς
1162 2370 1473 2425 ἀναστάσεως
1517 2371 1671 2436 λέγων
1698 2378 1724 2401 “
1746 2370 1899 2424 Αὐτός

122 2451 128 2458 ⁶
188 2450 195 2457 ⁶
310 2470 337 2492 ‘⁶
363 2464 494 2514 ἐστιν
530 2463 554 2512 ὁ
586 2460 700 2514 ’Υἱός
735 2482 826 2522 μου
861 2458 885 2507 ὁ
925 2453 1209 2522 ἀγαπητὸς,”
1239 2453 1457 2517 ἀληθεύει
1486 2453 1544 2503 Δδὲ
1584 2455 1659 2503 καὶ
1698 2452 1835 2506 αὐτὸς
1874 2453 1898 2502 ὁ

84 2544 201 2626 Ξζιῐζὲ
311 2544 479 2611 Σωτὴρ
530 2542 688 2608 λέγων
726 2548 753 2571 “
777 2543 841 2591 ‘O
891 2538 1061 2604 Πατὴρ
1112 2539 1277 2604 ἀγαπᾷ
1318 2535 1400 2586 τὸν
1438 2535 1602 2586 Υὶόν·”
1650 2536 1674 2585 ὁ
1721 2534 1768 2585 δὲ
1815 2537 1899 2599 τῆς

87 2619 167 2677 8ιέ
182 2643 233 2678 A.
268 2651 290 2676 a
309 2627 498 2693 ἀγάπης
525 2624 670 2691 λόγος
706 2626 754 2675 ἐν
779 2624 836 2691 τῇ
865 2620 986 2672 κατὰ
1010 2625 1106 2671 πᾶν
1133 2618 1390 2682 τελειότητι
1417 2622 1585 2668 νοεῖται
1611 2615 1898 2683 πρεπόντως,
1919 2637 1969 2673 3ο

309 2709 356 2759 τί
381 2707 650 2777 φληνάφως
678 2707 797 2770 ἡμᾶς
825 2707 1150 2769 κατακροτεῖτε
1178 2699 1370 2766 λόγοιςς
1411 2698 1530 2750 τίδὲ
1566 2698 1619 2750 τὸ
1654 2701 1737 2762 τῆς
1773 2700 1893 2762 ἀλη-

310 2792 433 2845 θείας
473 2788 828 2856 παρωθούμενοι
868 2785 1062 2846 κάλλος,
1095 2783 1149 2833 τὸ
1189 2780 1396 2834 δυσειδὲς
1436 2781 1545 2844 ἡμῖν
1577 2779 1898 2831 ἀναπλάττετε

456 2952 507 2982 1‹).
536 2941 569 2973 δὲ
591 2952 652 2984 pro
670 2940 730 2981 μὲν
750 2938 788 2972 E.
1045 2935 1098 2969 26.
1127 2933 1252 2968 ἐκεῖθεν
1269 2934 1398 2976 ἔχωμεν
1416 2933 1555 2966 inverso
1574 2930 1694 2964 01d'1ne
1715 2931 1754 2964 E.
