1971 3272
78 138 162 179 viii.
186 140 250 180 28.
343 140 410 179 IN
457 141 496 180 S.
533 140 868 180 JOANNEM.
934 140 1057 180 12113.
1088 142 1135 180 V.
1199 142 1333 181 CAP.
1363 142 1411 180 V.
1617 142 1671 179 35)

79 253 106 276 “
132 270 223 311 μου
268 248 352 302 ἕως
398 248 504 314 ἄρτι
548 246 788 313 ἐργάζεται
835 248 967 312 κάγὼ
1014 248 1313 314 ἐργάζομαι.”
1374 250 1540 298 οὐκοῦν
1588 252 1670 297 ἀπ’

81 330 269 398 ἐμαυτοῦ
307 329 420 380 voca}
460 327 585 380 οὐδέν.
653 328 801 380 πάλιν
841 328 1009 395 ἐ’λεγον
1048 329 1179 393 Ἐγώ
1223 334 1314 392 εἶμι
1352 329 1406 379 τὸ
1449 333 1550 397 φῶς
1589 333 1671 378 τοῦ

82 410 278 474 κόσμου,
313 411 423 460 ἀλλ’
465 410 652 479 (ῥήθητέ
684 433 728 461 τι
769 409 924 475 λε’γειν
962 415 1057 460 τῶν
1095 409 1372 479 ἁπαδόντων
1411 411 1550 477 αὐτῷ,
1585 411 1672 458 κάν

82 492 233 562 τούτῳ
259 492 406 543 πάλιν
434 493 552 555 ὑμᾶς
578 492 853 543 ἐδνσώπουν
882 491 1150 546 ὑποδεικνὺς
1185 492 1388 557 λέγοντα
1422 494 1527 556 περὶ
1561 492 1671 553 ἐμοῦ
1693 510 1713 535 e

41 581 111 625 5⁶⁶
136 573 258 624 Ἰδοὺ
301 572 480 624 τέθεικά
524 597 581 624 σε
628 578 691 627 εἷς
736 574 961 638 διαθήκην
1004 574 1180 639 γε’νους,
1222 578 1283 627 εἰς
1330 578 1432 641 φῶς
1477 574 1669 623 ε’θνῶν.”
1739 573 1879 603 '‘k-‘ffli-

83 656 238 720 μάτην
264 656 344 706 οῦν
371 656 462 722 ἄρα
488 660 807 717 καταιτιᾶσθε,
835 657 973 723 φησὶ,
1001 655 1082 706 τὸν
1110 657 1178 705 ἀεὶ
1205 660 1271 724 τῷ
1300 657 1456 721 Πατρὶ
1483 654 1675 705 συνεθέ-

84 745 248 796 λοντα,
277 740 352 788 καὶ
386 743 612 789 ποιοῦντα
647 736 791 801 μηδὲν
823 742 918 788 τῶν
953 737 1234 806 ἀπαδόντων
1266 739 1403 806 αὐτῷ,
1431 737 1545 801 μήτε
1583 736 1676 800 μήν

84 843 129 871 τι
168 824 335 870 λαλεῖν
368 819 663 887 ἀνεχόμενον,
692 818 717 870 ὃ
758 818 823 883 μή
862 821 966 870 ἐστι
1006 821 1113 884 παρ’
1144 820 1304 870 αὐτοῦ.
1360 822 1543 871 τουτονὶ
1581 824 1678 871 τοῖς

83 901 401 968 προκειμένοις
427 899 553 964 οἶμαι
580 903 674 952 δεῖν
700 900 973 969 ἐφαρμόσαι
999 901 1081 952 τὸν
1111 907 1237 953 νοῦν.

5 995 66 1028 Ἰο
157 981 320 1034 Ἀλλὰ
346 982 400 1033 τὸ
427 982 596 1049 πικρὸν
621 984 732 1047 ἡμῖν
757 982 874 1036 ἴσως
900 984 1147 1053 ἐφαλεῖται
1176 984 1351 1050 θηρίον,
1371 982 1455 1033 τὸν
1482 1005 1678 1050 χριστο-

83 1065 237 1133 μάχον
264 1065 311 1116 δὲ
339 1064 572 1129 δηλονότι,
600 1068 723 1132 φημὶ
748 1064 1010 1131 Ἀρειανόν·
1053 1065 1345 1129 καταβοήσει
1373 1064 1422 1115 δὲ
1451 1067 1512 1118 ὡς
1541 1064 1678 1122 εἰκὸς,

84 1150 159 1199 καὶ
185 1147 340 1213 λέγων
366 1147 586 1215 ἀφίξεται
611 1187 637 1210 ,,
658 1147 753 1215 Ἐξ
781 1147 950 1214 οὐρίας,
979 1145 1016 1197 ὦ
1049 1148 1197 1209 οὗτος,
1226 1145 1356 1198 ἰόντα
1393 1146 1475 1196 τὸν
1503 1145 1676 1211 λόγον,

84 1270 111 1293 ,,
137 1230 184 1281 τί
218 1228 356 1297 βιάζῃ
394 1230 542 1280 πάλιν
569 1231 642 1280 ἐπὶ
676 1228 730 1280 τὸ
767 1230 847 1279 σοὶ
881 1228 1011 1298 μόνῳ
1049 1231 1216 1279 δοκοῦν
1243 1231 1468 1279 ἀντωθεῖν
1494 1227 1678 1293 ἐπειγό-

84 1350 111 1375 ,,
137 1334 288 1375 μενος,
330 1312 404 1362 καὶ
451 1310 536 1374 τὴν
576 1314 657 1375 τῆς
702 1311 926 1375 ἀληθείας
970 1311 1322 1377 παρακλέπτων
1361 1309 1557 1371 δύναμιν
1597 1310 1718 1363 οὐκ»,
1748 1328 1832 1362 522
1849 1327 1899 1361 Α.

20 1406 111 1456 Ι5,,
139 1395 384 1461 ἐρυθριᾷς;
425 1392 525 1443 ἰδοὺ
565 1397 739 1461 σαφῶς
778 1393 803 1442 ὁ
835 1392 948 1446 Υἱὸς
988 1392 1120 1443 οὐδὲν
1146 1392 1203 1460 ἐξ
1235 1393 1401 1443 ἑαυτοῦ
1437 1393 1673 1458 διισχυρί-

84 1516 112 1538 ,,
139 1474 261 1542 ζεται
299 1477 428 1540 δρᾶν,
456 1475 568 1525 ἀλλ’
598 1474 713 1541 ὅπερ
752 1472 809 1524 ἂν
843 1472 986 1537 μάθοι
1023 1473 1154 1540 παρὰ
1188 1477 1314 1524 Θεοῦ
1351 1475 1427 1523 καὶ
1462 1472 1673 1538 Πατρὸς,

84 1597 111 1620 ,,
138 1563 277 1608 τοῦτο
303 1560 377 1607 καὶ
403 1561 584 1619 λαλεῖν,
604 1557 752 1610 οὕτως
778 1553 900 1607 οἶδεν
925 1557 974 1607 ἐν
1001 1557 1243 1621 ἀμείνοσιν
1266 1554 1381 1607 ὄντα
1407 1554 1490 1606 τὸν
1510 1556 1676 1606 ἑαυτοῦ

85 1679 113 1702 ,,
141 1638 333 1705 Πατέρα
358 1636 387 1703 ἢ
416 1640 463 1689 ἐν
488 1637 555 1693 οἷς
581 1640 713 1689 ἐστιν
739 1635 924 1691 αὐτός.”

161 1720 227 1772 Τι’
268 1721 350 1771 οὖν
393 1718 430 1770 ὦ
471 1718 735 1783 βέλτιστε,
794 1718 942 1771 πάλιν
988 1720 1012 1769 ὁ
1057 1724 1266 1773 τοιοῦτος
1311 1718 1672 1779 ἀντακούσεται,

21 1822 69 1848 20
88 1800 228 1870 ἰσχὺν
255 1800 346 1868 ἇρα
382 1804 458 1853 καὶ
495 1801 693 1853 σύνεσιν
719 1806 992 1870 χορηγεῖται
1024 1800 1156 1868 παρὰ
1181 1807 1265 1852 τοῦ
1295 1800 1486 1866 Πατρὸς
1515 1803 1539 1851 ὁ
1564 1801 1678 1853 Υἱὸς

86 1885 163 1936 ἵνα
188 1887 265 1935 καὶ
293 1883 490 1948 δύνηταί
511 1906 556 1934 τι
583 1887 698 1949 δρᾶν
725 1886 800 1934 καὶ
828 1888 994 1934 λαλεῖν
1021 1882 1356 1948 ἀνεγκλήτωςς
1384 1887 1484 1936 πῶς
1510 1883 1591 1933 οῦν
1615 1881 1680 1931 ἔτι

89 1965 211 2020 Θεὸς
250 1964 369 2016 κατὰ
408 1965 570 2034 φύσιν,
603 1966 628 2015 ὁ
667 1963 776 2031 παρ’
813 1965 969 2030 ἑτέρου
1008 1963 1062 2015 τὸ
1103 1964 1336 2015 δύνασθαι
1374 1968 1449 2015 καὶ
1490 1969 1680 2031 φρονεῖν

88 2045 418 2112 δανειζόμενος,
446 2045 658 2113 καθάπερ
685 2047 766 2097 οῦν
793 2045 885 2113 ε”χει
912 2047 987 2096 καὶ
1018 2050 1113 2096 τῶν
1138 2045 1415 2109 κτισμάτων
1441 2046 1468 2109 ἡ
1497 2045 1644 2114 φύσις
1664 2067 1676 2107 3
1700 2057 1727 2098 b

88 2134 184 2182 τοῖς
221 2127 316 2195 γὰρ
354 2128 410 2197 ἐξ
448 2129 531 2179 οὐκ
570 2128 719 2179 ὅντων
752 2133 960 2195 λαχοῦσι
998 2126 1084 2191 τὴν
1118 2126 1316 2193 γένεσιν,
1343 2132 1439 2179 πᾶν
1471 2127 1585 2194 ὅπερ
1625 2126 1683 2177 ἂν

23 2230 72 2270 25
89 2210 272 2277 γένοιτο
296 2209 497 2277 προσὸν,
524 2215 662 2261 τοῦτο
689 2209 746 2273 δὴ
772 2209 962 2262 πάντως
995 2210 1097 2260 ἐστὶ
1131 2211 1207 2259 καὶ
1245 2207 1514 2261 θεόσδοτον.
1570 2211 1681 2260 ἀλλ’

91 2293 180 2360 οὐχ
215 2293 362 2345 οὕτως
395 2293 443 2342 ἐν
466 2295 586 2361 Υἱῴ·
642 2289 767 2343 Θεὸν
802 2290 895 2357 γὰρ
931 2289 1159 2355 ἀληθινὸν
1190 2291 1218 2354 ἡ
1253 2291 1354 2341 θεία
1390 2314 1440 2342 τε
1476 2289 1570 2342 οἶδε
1609 2293 1686 2342 καὶ

92 2373 308 2440 κηρύττει
342 2373 521 2442 γραφή.
578 2377 671 2425 δεῖν
699 2396 754 2440 γε
792 2371 920 2436 οἶμαι
945 2376 1012 2442 τῷ
1042 2395 1097 2439 γε
1128 2371 1228 2423 ὄντι
1255 2372 1375 2423 κατὰ
1400 2372 1550 2441 φύσιν
1578 2376 1686 2440 Θεῷ

92 2455 249 2507 πάντα
272 2456 460 2509 τελείως
486 2460 734 2522 προσεῖναι
761 2453 820 2507 τὰ
846 2453 1017 2520 ἀγαθά·
1070 2453 1124 2505 τὸ
1161 2452 1209 2505 δὲ
1244 2455 1433 2508 τελείως
1469 2455 1552 2505 οὐκ
1578 2454 1687 2521 ε”χον

1595 2569 1687 2584 aih-02¹!

146 2608 175 2631 ῐ.
201 2597 298 2631 οὐδὲν
315 2596 370 2632 ἀπ’
390 2597 534 2640 ἐμαυτοῦ
550 2599 636 2631 ποιῶ
654 2595 793 2630 inverso
812 2594 934 2629 ordine
952 2607 983 2629 a.
1082 2605 1113 2628 2.
1141 2592 1280 2638 ἔλεγον]
1298 2590 1392 2627 εἶπον
1410 2605 1439 2627 a.
1536 2604 1568 2637 3.
1594 2593 1687 2636 ἡμῶν

96 2643 139 2677 Β.
158 2643 357 2677 emendavit
376 2644 495 2677 Holst.
706 2653 759 2676 10.
785 2643 905 2685 πικρὸν
923 2640 1122 2675 emendavit
1139 2641 1234 2674 Aub.
1254 2652 1271 2673 e
1290 2639 1366 2673 Cat.
1388 2639 1487 2672 Harl.
1505 2640 1624 2681 μικρὸν
1644 2639 1685 2672 Β.

97 2690 162 2724 Ht.
229 2689 353 2723 Statim
371 2689 456 2725 ἴσως
472 2689 550 2733 ἡμῖν
566 2689 706 2722 inverso
724 2688 847 2722 ordine
866 2700 897 2721 a.
1186 2697 1239 2719 11.
1266 2684 1373 2730 φημὶ]
1398 2690 1433 2726 -Ι-
1456 2686 1514 2718 τὸν
1535 2686 1597 2719 Ht.
1619 2685 1685 2718 Ed.

99 2747 153 2771 12.
179 2735 204 2770 ὦ
225 2735 322 2771 οὗτος
339 2735 431 2769 ἶόντα
451 2736 492 2769 Β.
512 2736 537 2769 ὣ
555 2735 681 2768 οὑτωσι
699 2734 780 2767 ὅντα
797 2734 877 2779 (sic)
897 2734 947 2767 Ht
952 2759 1129 2767 .......
1149 2731 1229 2765 ὅντα
1243 2732 1337 2765 Aub.
1438 2740 1491 2776 15.
1518 2732 1638 2766 ἑαυτοῦ
1656 2744 1687 2765 a.

97 2783 200 2817 αὐτοῦ
219 2781 287 2816 Ed.
414 2781 467 2815 16.
493 2779 601 2825 παρὰ]
626 2785 661 2819 -Ι-
683 2782 743 2813 τοῦ
761 2792 792 2814 a.
922 2788 975 2824 17.
1002 2780 1103 2812 λαλεῖ
1120 2790 1150 2813 a.
1171 2777 1247 2812 Cat.
1272 2778 1368 2811 Hari.
1491 2789 1546 2812 20.
1573 2780 1591 2812 ὁ
1609 2779 1688 2813 Υἱὸς

96 2827 320 2873 'assumptum
339 2840 380 2862 ex
398 2840 428 2862 a.
543 2838 598 2861 21.
623 2827 677 2860 καὶ
695 2826 793 2871 prius
811 2831 1035 2871 assumptum
1054 2837 1094 2858 ex
1113 2836 1143 2858 a.
1209 2824 1422 2869 ἀνεγκλήτως
1439 2836 1469 2859 a.
1490 2824 1567 2859 Cat.
1587 2824 1687 2859 Harl.

99 2904 133 2931 et
150 2897 199 2931 sic
218 2896 364 2942 conjecit
383 2896 514 2941 Heyse.
532 2893 769 2938 ἀνεκλιιλὴτως
789 2893 830 2928 Β.
844 2893 913 2927 Ed.
1011 2903 1066 2936 27.
1091 2907 1131 2936 γε
1149 2890 1264 2937 prius]
1284 2880 1320 2925 ἷξε
1339 2892 1382 2926 Β.
1481 2892 1618 2936 28.—p.
1631 2903 1688 2934 40,

101 2954 133 2977 2.
159 2944 198 2977 τὸ
216 2943 387 2979 δέ-Θεός
407 2943 448 2977 Β.
467 2943 505 2976 τὸ
523 2942 559 2976 δὲ
577 2942 714 2977 τελείως
732 2941 795 2985 οὐχ
814 2941 894 2985 ἕχον
912 2939 1002 2973 inter
1025 2940 1224 2984 congeriem
1246 2939 1559 2984 confusionemque
1578 2939 1689 2980 (clau—
