2037 3266
307 143 391 183 508
710 144 760 184 B.
795 142 1074 183 CYRILLI
1116 142 1498 184 ALEXANDR.
1728 142 1812 183 xiv.
1833 150 1899 193 27.

307 255 495 315 ροῦμεν.
559 250 631 302 ὅτι
669 250 718 302 δὲ
753 249 840 315 τὴν
871 252 1015 302 αὐτοῦ
1053 257 1138 302 τοῦ
1176 255 1395 317 Χριστοῦ
1433 251 1700 317 παρουσίαν
1738 272 1788 301 τε
1826 250 1902 300 καὶ

309 331 506 394 δύναμιν
537 334 811 399 ἀναπληροῖ
839 332 893 385 τὸ
928 337 1124 396 Πνεῦμα
1163 334 1307 384 αὐτοῦ
1346 339 1443 387 τοῖς
1484 333 1635 398 ἁγίοις
1674 333 1899 393 ἐνοικοῦν,

310 414 386 462 καὶ
413 412 569 466 πάντα
597 411 808 466 διδάσκει
836 413 958 480 ἅπερ
994 413 1134 468 αὐτὸς
1166 413 1407 478 λελάληκε
1441 414 1560 481 πρὸς
1595 415 1730 479 ἡμᾶς,
1755 413 1903 465 πάλιν
2035 425 2037 465 i

88 489 173 530 Eph.
189 488 236 520 iii.

91 541 207 574 14-19·
309 493 421 558 ἡμῖν
447 495 579 548 οὐδὲν
605 497 748 562 ἧττον
774 498 798 547 ὁ
828 500 1025 550 Παῦλος
1060 501 1291 564 σαφηνιεῖ
1321 495 1474 562 λε’γων
1501 504 1527 526 “
1549 497 1734 548 Τούτου
1765 494 1905 562 χάριν

267 583 338 627 d“
364 576 566 641 κάμπτω
604 578 664 629 τὰ
702 576 883 644 γόνατά
921 601 1012 642 μου
1050 578 1170 644 πρὸς
1208 577 1292 628 τὸν
1333 578 1539 644 Πατέρα,
1578 578 1635 647 ἐξ
1672 578 1726 628 οῦ
1767 581 1946 629 πᾶσαὸ

309 664 338 687 “
363 659 539 726 πατριὰ
566 660 614 710 ε”ν
641 683 690 712 τε
717 661 901 729 οὐρανῷ
928 662 1003 710 καὶ
1031 661 1105 711 ἐπὶ
1134 662 1221 725 γῆς
1248 660 1537 727 ὀνομάζεται,
1564 660 1639 711 ἵνα
1667 659 1762 730 δῴη
1797 660 1905 723 ὑμῖν

309 747 337 770 “
364 740 483 791 κατὰ
510 742 594 792 τὸν
613 747 827 793 πλοῦτον
852 745 934 806 τῆς
961 741 1105 811 δόξης
1133 741 1322 804 δυνάμει
1350 745 1694 810 κραταιωθῆναι
1720 741 1795 792 διὰ
1822 747 1905 792 τοῦ

310 829 336 852 “
365 823 644 886 Πνεύματος
682 825 826 875 αὐτοῦ
865 828 927 878 εἷς
965 823 1048 875 τὸν
1079 823 1176 874 ἔσω
1215 824 1482 891 ἄνθρωπον,
1509 826 1787 888 κατοικῆσαι
1822 823 1905 874 τὸν

310 910 337 934 “
363 904 582 970 Χριστὸν
608 905 685 956 διὰ
710 908 794 970 τῆς
819 907 1027 959 πίστεως
1053 907 1102 956 ἐν
1127 910 1229 960 ταῖς
1255 907 1466 973 καρδίαις
1493 908 1638 969 ὑμῶν,
1668 907 1716 957 ἐν
1743 903 1905 972 ἀγάπῃ

309 993 337 1015 “
362 987 655 1053 ε’ῤῥιζωμένοι
695 990 772 1039 καὶ
811 988 1210 1052 τεθεμελιωμένοι,
1243 988 1319 1039 ἵνα
1357 988 1647 1058 ἐξισχύσητε
1687 993 1901 1038 καταλα-
1929 1010 1977 1036 10

309 1074 336 1098 ‘⁶
360 1068 534 1129 βέσθαι
561 1069 655 1120 σὺν
680 1075 803 1121 πᾶσι
831 1075 928 1124 τοῖς
964 1070 1115 1136 ἁγίοις
1151 1071 1201 1121 τί
1227 1069 1282 1121 τὸ
1317 1071 1502 1124 πλάτος
1536 1073 1612 1121 καὶ
1648 1073 1795 1134 μῆκος
1830 1070 1906 1119 καὶ

310 1157 338 1179 “
363 1149 515 1211 βάθος
550 1154 626 1202 καὶ
663 1153 801 1221 ὕψος,
829 1153 1009 1218 γνῶναί
1041 1175 1089 1203 τε
1125 1151 1213 1216 τὴν
1240 1152 1646 1218 ὑπερβάλλουσαν
1671 1154 1753 1216 τῆς
1783 1149 1906 1216 γνώ-

273 1237 339 1285 e“
365 1255 489 1287 σεως
530 1232 723 1298 ἀγάπην
761 1239 846 1285 τοῦ
885 1238 1119 1300 Χριστοῦ,
1159 1234 1234 1285 ἵνα
1277 1237 1563 1301 πληρωθῆτε
1608 1238 1671 1287 εἷς
1713 1238 1810 1285 πᾶν
1851 1232 1906 1283 τὸ

313 1321 341 1343 “
368 1313 610 1380 πλήρωμα
637 1321 720 1367 τοῦ
749 1317 922 1367 Θεοῦ.”

386 1397 679 1461 Σημειωτέον
704 1396 751 1449 δὲ
777 1397 940 1460 πάλιν,
967 1397 1037 1448 ὅτι
1062 1397 1219 1449 πάντα
1255 1397 1330 1448 διὰ
1364 1403 1448 1448 τοῦ
1477 1396 1752 1461 Πνεύματος
1779 1398 1900 1454 ἀπο·
1927 1414 1974 1453 15

311 1478 716 1547 καλυφθήσεσθαι
742 1485 838 1534 τοῖς
871 1479 1019 1545 ἁγίοις
1054 1480 1209 1542 εἰπὼν,
1237 1480 1323 1547 οὐχ
1350 1480 1490 1549 ἑτέρῳ
1518 1480 1712 1530 δίδωσιν
1738 1478 1906 1532 αὐτοὺς

312 1560 606 1631 διδασκάλῳ·
648 1561 714 1626 μὴ
740 1567 879 1613 τοῦτο
912 1562 1129 1629 νομίσῃς·
1173 1563 1323 1631 ἑαυτῷ
1351 1561 1399 1612 δὲ
1425 1562 1692 1628 παρίστησι
1720 1560 1796 1612 διὰ
1822 1566 1906 1611 τοῦ

314 1642 603 1706 Πνεύματος,
631 1649 875 1710 σαρκικοῖς
902 1644 984 1707 μὲν
1013 1644 1164 1695 οὐκέτι
1192 1643 1474 1712 φαινόμενος
1501 1646 1784 1713 ὀφθαλμοῖς,
1810 1648 1906 1696 τοῖς

313 1724 462 1791 γεμὴν
489 1731 670 1790 νοητοῖς
697 1729 779 1790 τῆς
805 1727 996 1792 καρδίας
1023 1725 1207 1790 ὄμμασι
1236 1730 1508 1793 θεοπρεπῶς
1536 1726 1865 1794 θεωρούμενος.

92 1802 179 1836 839
194 1799 245 1834 Α.
274 1809 296 1834 a

247 1871 293 1911 27
319 1866 502 1926 Εἰρύνι-ιν
536 1868 692 1924 ἀφίΗμι
730 1866 838 1921 ὑμῖν,
865 1868 1040 1926 εἶρύνΗν
1070 1869 1147 1911 τέιν
1181 1869 1289 1918 ἐμήν
1324 1869 1477 1918 δίδωμι
1517 1866 1625 1918 ὑμῖν·
1673 1869 1721 1910 οὐ
1762 1868 1904 1910 καθὼς
1929 1884 1978 1909 20
2017 1836 2037 1923 k:

384 1952 408 1994 ὁ
451 1952 608 2000 κόσμος
653 1952 840 2004 δίδωσιν,
880 1953 967 2000 {fob
1007 1952 1162 2001 δίδωμι
1204 1950 1314 2001 ὑμῖν·
1365 1952 1420 2001 μὴ
1465 1954 1745 2009 ταρασσέσθω
1787 1951 1904 2001 ὑμῶν

384 2034 407 2075 ἡ
449 2034 602 2092 καρδία
641 2035 749 2084 μΗὸὲ
789 2035 1005 2077 δειλιάτω.

393 2135 477 2186 Εἷς
511 2130 780 2196 ἀνάμνησιν
810 2131 1010 2197 ἐνεγκὼν
1039 2131 1147 2185 τοὺς
1183 2133 1343 2197 ἁγίους
1382 2130 1685 2185 ἀποστόλους
1722 2133 1805 2195 τῆς
1843 2134 1907 2185 εἷς

318 2213 541 2278 οὐρανοὺς
580 2213 876 2276 ἀναβάσεως,
909 2216 984 2264 καὶ
1021 2213 1090 2264 ὅτι
1124 2213 1577 2281 περιλειφθήσονται
1612 2211 1731 2264 κατὰ
1765 2218 1905 2263 τοῦτο

93 2298 233 2382 ng³¹25
319 2294 455 2357 μόνοι
493 2295 869 2360 παρασκευάσας
902 2297 1072 2346 ἐννοεῖν
1098 2295 1173 2346 διὰ
1211 2301 1295 2346 τοῦ
1334 2293 1481 2363 φάναι
1507 2302 1534 2324 “
1554 2299 1719 2346 Ταῦτα
1755 2295 1900 2345 λελά-
1926 2311 1974 2349 25

272 2389 299 2430 b
320 2382 348 2405 ‘⁶
374 2383 499 2440 ληκα
534 2377 641 2440 ὑμῖν
675 2378 783 2442 παρ’
819 2379 925 2440 ὑμῖν
957 2376 1156 2439 με’νων,”
1184 2377 1407 2440 συνίησιν
1438 2377 1487 2427 εὖ
1525 2375 1659 2438 μάλα
1695 2381 1900 2442 γοργῶς,

320 2456 400 2509 ἅτε
427 2457 484 2522 δὴ
511 2460 586 2508 καὶ
615 2457 841 2526 ὑπάρχων
866 2458 985 2510 κατὰ
1011 2459 1161 2526 φύσιν
1188 2458 1322 2521 Θεὸς,
1348 2461 1409 2512 ὡς
1444 2459 1497 2509 οὐ
1531 2459 1724 2524 μετρίαν
1750 2458 1904 2511 αὐτοῖς

320 2539 540 2591 ἐντέθεικε
565 2539 651 2604 τὴν
676 2541 846 2592 πτοίαν
874 2542 898 2591 ὁ
934 2540 1094 2606 λόγος,
1122 2540 1409 2606 τεθορύβηκε
1445 2539 1494 2590 δὲ
1531 2542 1702 2602 δεινῶς,
1730 2541 1804 2590 καὶ
1838 2543 1904 2608 τῷ

319 2621 455 2688 βάρει
499 2625 583 2686 τῆς
624 2622 780 2686 λύπης
824 2623 1182 2691 καταφορτίσας
1228 2622 1310 2672 τὸν
1357 2621 1560 2673 ἑκάστου
1603 2622 1904 2673 κατεθόλωσε

321 2709 444 2755 νοῦν.
501 2704 551 2755 τί
572 2703 665 2770 γὰρ
702 2703 760 2754 ἂν
785 2704 968 2770 γένοιτο
1002 2707 1084 2767 τῆς
1121 2704 1277 2768 λύπης
1310 2703 1364 2755 τὸ
1398 2707 1814 2771 δυσαχθέστερον;
1859 2703 1908 2753 τί
1922 2723 1974 2758 30

320 2785 368 2836 δὲ
395 2787 516 2836 οὕτω
544 2785 785 2854 φορτικὸν,
814 2788 876 2839 ὡς
902 2790 996 2836 τῶν
1022 2786 1227 2849 ἡδίστων
1254 2787 1282 2849 ἡ
1309 2786 1601 2852 παραίρεσις,
1629 2787 1704 2836 καὶ
1730 2784 1783 2835 τὸ
1809 2789 1903 2835 τῶν

369 2908 401 2942 7.
427 2898 466 2931 τὸ
491 2900 639 2934 πλοῦτος
666 2898 708 2932 Ε.
729 2899 788 2932 τὸν
811 2899 962 2932 πλοῦτον
987 2897 1114 2931 retinui
1140 2898 1184 2932 cf.
1203 2909 1308 2942 supra
1331 2907 1434 2943 1730,
1454 2897 1496 2931 de
1523 2897 1629 2931 Recta
1655 2896 1739 2930 Fide
1765 2906 1809 2941 70
1826 2896 1848 2931 d
1868 2897 1903 2941 (a

320 2943 438 2978 Tlsch.
457 2944 544 2987 cit..)
692 2946 743 2978 18.
772 2946 945 2989 σαρκικοῖς
962 2959 1023 2987 μεν
1040 2944 1079 2977 οἰ
1081 2944 1149 2978 κε’τι
1168 2956 1237 2977 om.
1258 2944 1298 2978 E.
1443 2945 1497 2978 28.
1524 2943 1676 2986 ἐντεθηκε
1696 2943 1736 2977 Ε.

2005 2918 2009 2936 0

2005 2953 2009 2971 ί

2005 2988 2008 2997 ι
