2011 3266
311 146 396 186 216
705 146 754 188 Β.
789 146 1065 187 CYRILLI
1106 146 1491 188 ALEXANDR.
1798 161 1838 186 x.
1858 159 1897 201 9.

310 251 493 305 ἅπασιν
543 255 765 324 ἐξουσίαν
809 262 1125 323 παραχωρεῖν,
1172 258 1247 306 καὶ
1298 255 1374 306 διὰ
1424 258 1507 319 τῆς
1556 254 1703 308 ὅντως
1754 253 1898 320 θύρας

312 335 569 404 εἶστρέχειν
594 338 1100 403 ἐπείγεσθαιμᾶλλον,
1127 337 1155 402 ὴ
1191 342 1286 391 τοῖς
1320 342 1513 388 συλῶσι
1547 336 1898 403 παραπλησίως

312 417 585 486 ἀλλαχόθεν
635 421 903 481 ἀναβαίνειν
952 421 1199 487 ἐπιχειρεῖν
1249 422 1312 473 εἱς
1362 417 1449 482 τὴν
1498 423 1592 470 τῶν
1640 415 1898 484 προβάτων

313 500 478 564 αὐλήν.

272 647 295 683 9
330 644 448 692 ἘΓὼ
485 643 569 694 εἰμι
608 646 630 686 1—‘1
672 647 789 703 Θύρα·
844 645 890 687 δι’
932 646 1038 695 ἐμοῦ
1076 646 1153 688 {dv
1190 662 1252 688 τις
1291 645 1474 705 εἶσέλθῌ,
1512 646 1768 696 σωθήσεται,
1809 643 1877 685 καὶ
1918 653 1940 692 5

495 727 784 770 εἰσελεύσεται
822 729 891 770 Καὶ
927 729 1212 782 ἐξελεύσεται,
1251 731 1320 771 καὶ
1357 730 1491 779 νομέιν
1529 731 1714 787 εὑρήσει.

387 841 512 893 Ἀπὸ
551 848 634 893 τοῦ
674 844 955 907 συμβαίνειν
992 845 1207 899 εἰωθότος
1249 849 1309 899 εἶς
1349 846 1546 911 θεωρίαν
1584 842 1901 907 πνευματικὴν

269 933 297 973 d
315 924 526 991 καθάπερ
565 926 621 994 ἐξ
658 927 869 992 ἱστορίας
908 926 1184 978 διαπλάττει
1222 933 1305 978 τοῦ
1339 927 1487 993 λόγου
1522 926 1575 977 τὸ
1610 929 1790 994 σχῆμα,
1824 928 1900 976 καὶ

314 1009 564 1075 μονονουχὶ
609 1006 668 1058 τὰ
712 1009 760 1059 ἐν
802 1010 1072 1076 ὀφθαλμοῖς
1120 1011 1391 1074 ἡπλωμένα,
1437 1012 1511 1060 καὶ
1556 1009 1688 1060 οὐδὲν
1732 1008 1900 1075 ἔχοντα

313 1088 527 1155 χαλεπὸν
563 1094 625 1143 εἷς
665 1090 955 1159 κατάληψιν,
991 1091 1144 1142 εἰκόνα
1182 1097 1379 1143 ποιεῖται
1417 1097 1511 1142 τῶν
1543 1091 1893 1160 ἀφανεστέρων.

313 1174 356 1221 οἱ
391 1170 474 1234 μὲν
508 1170 602 1238 γὰρ
641 1172 853 1235 κλέπται,
882 1176 1020 1243 φησὶ,
1048 1176 1122 1225 καὶ
1162 1177 1341 1242 λῃσταὶ
1380 1179 1475 1228 τοῖς
1514 1179 1608 1224 τῶν
1642 1172 1900 1239 προβάτων

313 1258 478 1317 σηκοῖς
529 1253 696 1319 ἀνέδην
747 1254 1162 1321 προσβάλλοντες,
1213 1255 1289 1307 διὰ
1347 1256 1432 1319 μὲν
1479 1258 1561 1320 τῆς
1616 1256 1759 1321 θύρας
1818 1257 1900 1306 οὐκ

312 1337 658 1399 εἰσελαύνουσι,
699 1341 1060 1402 καταπηδῶντες
1103 1338 1151 1390 δὲ
1192 1339 1477 1406 ἀλλαχόθεν,
1517 1340 1591 1389 καὶ
1631 1340 1715 1402 τῆς
1753 1339 1901 1402 αὐλῆς

312 1416 366 1467 τὸ
388 1420 599 1484 θριγκίον
620 1420 1009 1485 ὑπεραλλόμενοι,
1027 1421 1388 1472 κινδυνεύουσιν.
1429 1422 1608 1471 ἁλῶναι
1633 1420 1727 1486 γὰρ
1751 1420 1902 1485 δήπου

315 1502 389 1549 καὶ
429 1499 621 1567 σφόδρα
661 1501 780 1555 εἰκὸς
818 1501 900 1553 τὸν
935 1504 1057 1554 οὕτω
1096 1504 1407 1572 λῃστεύοντα,
1436 1505 1510 1553 καὶ
1545 1502 1901 1568 ἀπερισκέπτως

275 1603 297 1629 e
314 1588 592 1650 κακουργεῖν
618 1584 863 1651 ᾑρημένον,
890 1589 931 1636 οἱ
959 1584 1008 1636 δὲ
1035 1587 1091 1636 δι’
1119 1587 1261 1649 αὐτῆς
1287 1588 1370 1649 τῆς
1394 1584 1537 1651 θύρας
1564 1586 1897 1647 εἷσβαίνοντες,

315 1665 681 1730 ἀκινδυνοτάτην
706 1673 947 1718 ποιοῦνται
973 1667 1058 1731 τὴν
1079 1667 1347 1734 εἰσδρομὴν,
1370 1669 1450 1718 οὐκ
1478 1668 1655 1731 ἄσημοι
1682 1666 1902 1730 δηλονότι

314 1746 641 1814 τυγχάνοντες,
685 1749 794 1798 ἀλλ’
838 1748 942 1799 οὐδὲ
989 1750 1229 1815 ἄγνωστοι
1274 1753 1339 1819 τῷ
1387 1754 1481 1800 τῶν
1525 1748 1782 1815 προβάτων
1821 1751 1898 1799 δε-

315 1828 492 1897 σπότῃ.
549 1829 844 1897 εἷστρέχουσι
873 1830 966 1897 γὰρ
993 1832 1292 1897 ἀνοιγνύντος
1319 1833 1474 1885 αὐτοῖς
1500 1836 1584 1881 τοῦ
1609 1835 1710 1885 ταῖς
1741 1831 1902 1897 θύραις

315 1911 650 1978 ἐφεστηκότος·
693 1914 802 1962 ἀλλ’
833 1916 874 1963 οἱ
913 1919 1126 1975 τοιοῦτοι,
1160 1916 1298 1981 φησὶ,
1328 1913 1613 1964 συνέσονται
1647 1918 1742 1966 τοῖς
1776 1935 1895 1979 προ-

315 1992 476 2055 βάτοις
517 1995 565 2044 ἐν
603 1999 767 2063 πολλῇ
806 1997 1052 2065 παρῥησία
1091 1995 1421 2060 νομιμωτάτην
1461 1993 1626 2060 ὥσπερ
1665 1997 1740 2045 καὶ
1780 1994 1898 2045 ἀκά-

316 2098 531 2141 κουργον,
559 2079 635 2126 καὶ
670 2080 753 2141 τῆς
785 2079 859 2128 ἐπὶ
895 2076 949 2128 τὸ
984 2077 1234 2142 ληστεύειν
1267 2078 1476 2145 ὑποψίας
1511 2077 1901 2143 ἀπηλλαγμένην,

316 2156 402 2220 τὴν
428 2158 658 2223 εἰσβολὴν
683 2158 1008 2223 ποιησάμενοι.

393 2239 549 2293 Οὗτος
584 2239 670 2304 μὲν
697 2242 778 2291 οὖν
804 2244 887 2303 τῆς
923 2242 1131 2308 ἱστορίας
1170 2243 1195 2292 ὁ
1230 2241 1391 2295 τύπος·
1434 2242 1827 2308 μεταβιβάζοντες
1854 2241 1902 2293 δὲ

97 2341 184 2375 643
197 2340 249 2374 A.
279 2319 371 2374 arb
403 2322 461 2390 ἐξ
493 2323 635 2386 αὐτῆς
662 2322 1043 2385 ὑποδηλούμενον
1068 2327 1128 2376 εἰς
1157 2323 1392 2390 ὠφέλειαν
1417 2324 1733 2388 πνευματικὴν
1758 2324 1902 2376 ἐκεῖνό

318 2407 489 2471 φαμεν,
516 2403 587 2454 ὅτι
613 2408 655 2454 οἱ
680 2404 745 2467 μὴ
778 2404 854 2455 διὰ
887 2405 1011 2458 θείας
1045 2407 1298 2471 ἐπιτροπῆς
1334 2428 1381 2456 τε
1418 2408 1491 2456 καὶ
1525 2406 1715 2471 γνώμης
1752 2411 1813 2460 εἰς
1847 2405 1902 2457 τὸ

319 2485 568 2553 κατάρχειν
619 2491 750 2536 λαῶν
799 2488 1147 2549 ἀναβαίνοντες,
1198 2486 1360 2552 ὥσπερ
1412 2491 1475 2541 εἰς
1526 2487 1580 2538 τὸ
1633 2487 1708 2538 διὰ
1759 2488 1903 2555 θύρας

318 2571 550 2618 εἰσελθεῖν
601 2568 963 2634 παραιτούμενοι
1013 2568 1202 2623 πάντως
1253 2569 1404 2633 δήπου
1462 2572 1536 2620 καὶ
1592 2571 1899 2634 ἀπολοῦνται,

366 2711 399 2744 5.
426 2701 620 2746 σωθήσεται
638 2702 837 2737 emendavit
857 2703 975 2737 Holst.
994 2702 1173 2737 ἐλεύσεται
1194 2703 1235 2737 Β.
1458 2714 1511 2737 Ι2.
1537 2703 1655 2746 ἀνέδην
1673 2703 1749 2738 B.a.
1767 2703 1903 2747 ἀναίδην

1078 2749 1169 2758 οοοοο

323 2759 387 2794 Ht.
407 2759 473 2793 Ed.
579 2768 632 2805 17.
659 2760 916 2804 ἀκινδυνοτάτην
933 2761 1066 2795 correxi
1085 2774 1125 2795 ex
1144 2774 1173 2795 a.
1192 2761 1458 2804 (ὶκινδυνωτάτην
1476 2761 1543 2795 Ed.
1652 2762 1705 2795 IS.
1731 2761 1902 2806 ἄγνωστοι

320 2806 414 2840 Aub.
434 2812 467 2840 et
484 2806 531 2840 ita
549 2818 579 2840 a.
598 2807 878 2852 ἀγνωτοστοτοῦν
897 2808 938 2842 Β.
957 2808 1114 2852 ἀγνώτως
1131 2811 1176 2855 τῷ
1195 2812 1261 2842 τῶν
1279 2808 1339 2841 Ht.
1438 2818 1492 2841 22.
1511 2806 1567 2852 τὸ]
1585 2810 1630 2853 τῷ
1648 2819 1677 2840 a.
1776 2807 1831 2841 26.
1850 2807 1902 2841 ὅτι

320 2852 512 2897 assumpsit
530 2865 547 2886 e
567 2852 643 2887 Cat.
663 2860 702 2887 ut
719 2853 790 2889 vid.
808 2854 903 2888 Aub.
969 2856 1000 2888 οἱ
1018 2866 1087 2888 om.
1108 2855 1243 2899 Migne.
1381 2864 1435 2899 27.
1462 2854 1508 2889 εἷς
1524 2856 1562 2888 τὸ
1581 2854 1635 2887 διὰ
1652 2852 1755 2896 θύρας
1774 2853 1815 2888 Β.
1837 2853 1902 2887 Ht.

320 2899 350 2930 οἱ
372 2900 410 2931 τὸ
434 2900 488 2932 διὰ
511 2899 615 2944 θύρας
639 2915 678 2945 γε
704 2912 721 2934 e
749 2900 824 2934 Cat.
849 2901 948 2935 Harl.
966 2901 1059 2936 Aub.
1078 2902 1138 2947 qui
1156 2902 1260 2936 verba
1279 2899 1528 2944 λαῶν-δήπου
1547 2901 1583 2934 in
1608 2899 1811 2945 apographo
1837 2912 1902 2934 suo

322 2943 440 2978 deesse
458 2945 612 2981 adnotat.
631 2962 668 2992 γε
688 2959 758 2981 non
777 2947 881 2981 habet
898 2960 928 2981 a.

1922 1114 1970 1139 10

1924 1523 1970 1560 15

1922 1935 1971 1960 20
