2011 3266
80 245 153 276 Gal.
170 245 214 277 iv.

83 298 133 330 14.

82 1403 180 1434 Prov.

82 1457 159 1477 xxv.
183 1456 198 1477 2
205 1471 211 1478 .

82 1564 138 1595 Es.
154 1564 199 1596 xl.

89 1617 138 1639 12.

83 1808 246 1840 Ps.lxxix.

87 1862 115 1889 2,
131 1862 158 1892 3.

84 2140 182 2172 Hier.

86 2185 178 2216 xxiii.
198 2194 246 2223 24.

87 2388 172 2419 Gen.
189 2389 233 2420 xi.

89 2441 118 2472 5,
134 2438 162 2472 7-

302 137 388 178 258
705 144 757 185 Β.
790 143 1066 185 CYRILLI
1107 142 1491 185 ALEXANDR.
1677 150 1897 195 x.34sqq·

304 247 609 301 ἀπεστάλθαι
643 252 775 319 παρὰ
808 259 892 304 τοῦ
921 253 1113 320 Πατρὸς
1139 252 1220 304 τὸν
1247 251 1378 315 Υἱὸν,
1406 250 1482 302 ὅτε
1518 251 1595 302 καὶ
1627 249 1823 316 γέγονεν
1849 247 1900 297 ἐκ

304 330 522 396 γυναικὸς
567 336 643 385 καὶ
688 334 778 386 ὑπὸ
824 335 969 398 νόμον
1016 337 1078 388 ὡς
1123 335 1372 401 ἅνθρωπος
1413 332 1517 397 μεθ’
1561 333 1709 396 ἡμῶν,
1751 328 1899 380 καίτοι

304 415 560 479 νομοθέτης
609 415 675 467 ὧν
718 419 795 468 καὶ
842 418 1029 484 Κύριος.
1095 420 1132 468 εἰ
1185 415 1234 467 δὲ
1287 421 1440 468 νοοῖτο
1491 413 1698 481 γεγονὼς
1749 414 1797 463 ἐν
1841 413 1900 478 τῇ

304 495 479 548 δούλου
516 503 681 568 μορφῇ
720 501 745 550 ὁ
783 499 911 562 Υἱὸς,
952 498 1051 550 εἶτα
1095 499 1494 550 ἀποστέλλεσθαι
1539 497 1729 562 λέγοιτο
1769 491 1901 560 παρὰ

304 584 389 629 τοῦ
441 579 649 646 Πατρὸς,
700 581 834 632 οὐδὲν
890 583 1015 636 ὅλως
1076 583 1294 646 ὑπομένει
1351 580 1405 633 τὸ
1464 579 1670 642 βλάβος,
1724 580 1787 630 εἰς
1844 572 1941 626 Τό5

305 658 419 711 εἶναι
473 664 548 712 καὶ
606 664 860 727 ὁμοούσιος
912 666 1040 734 αὐτῷ
1093 666 1167 715 καὶ
1221 663 1446 728 ἶσοκλεὴς
1493 665 1570 714 καὶ
1621 661 1720 712 κατ’
1768 656 1901 709 οὐδὲν

260 742 431 796 ὒὸλως
469 746 894 808 μειονεκτούμενος.
951 751 996 798 αἱ
1036 746 1130 813 γάρ
1169 770 1241 797 τοι
1278 746 1429 815 λέξεις
1464 748 1511 796 αἱ
1549 742 1659 811 παρ’
1693 743 1825 807 ἡμῶν
1862 743 1901 791 εἰ

306 827 379 876 ἐπὶ
417 829 542 877 Θεοῦ
581 828 912 897 προφέροιντο,
950 828 1038 893 τὴν
1073 832 1245 896 ἀκριβῆ
1284 833 1622 896 παραιτοῦνται
1660 825 1896 887 βάσανον·

303 906 396 974 χρὴ
437 907 485 959 δὲ
524 909 668 964 αὐτὰς
707 912 794 979 οὐχ
833 913 954 963 οὕτω
996 917 1114 963 νοεῖν
1148 910 1268 962 κατὰ
1305 911 1391 975 τὴν
1425 912 1472 962 ἐν
1504 910 1613 974 ἡμῖν
1645 905 1902 971 συνήθειαν

304 986 446 1055 λέγω,
475 993 587 1042 ἀλλ’
618 994 680 1046 ὡς
706 992 765 1043 ἂν
792 995 909 1061 αὐτῇ
936 994 1107 1059 πρέποι
1143 997 1201 1062 τῇ
1238 994 1340 1062 θείᾳ
1370 995 1443 1043 καὶ
1472 989 1706 1058 ὑπερτάτῃ
1735 987 1896 1058 φύσει.
1923 1008 1972 1033 10

304 1073 353 1122 τί
387 1072 494 1139 γὰρ,
529 1077 566 1124 εἷ
605 1073 670 1138 μὴ
710 1076 807 1143 ε”χοι
847 1075 1011 1144 φωνὰς
1051 1077 1077 1140 ἡ
1117 1076 1370 1142 ἀνθρώπου
1408 1079 1605 1140 γλῶττα
1644 1071 1903 1135 δυναμένας

305 1155 501 1220 ἀρκέσαι
540 1159 599 1224 τῇ
638 1158 740 1226 θείᾳ
780 1157 898 1227 δόξῃ
936 1158 1056 1225 πρὸς
1096 1158 1359 1228 ἐξήγησινς
1399 1158 1503 1208 ε”στι
1535 1156 1691 1208 τοίνυν
1723 1154 1903 1204 ἄτοπον

306 1235 382 1287 διὰ
407 1235 494 1302 τὴν
520 1241 603 1303 τῆς
628 1240 927 1305 ἀνθρωπίνης
953 1241 1174 1307 γλώττης
1210 1240 1457 1291 ἀσθένειαν
1483 1241 1559 1290 καὶ
1590 1237 1675 1302 τὴν
1700 1238 1748 1287 ἐν
1775 1234 1903 1304 λέξει

267 1321 556 1387 οπτωχειάν,
584 1324 667 1386 τῆς
700 1323 926 1373 ἀνωτάτω
963 1328 1137 1375 πασῶν
1165 1323 1308 1392 δόξης
1343 1325 1607 1373 ἀδικεῖσθαι
1641 1318 1727 1384 τὴν
1758 1319 1899 1384 ὑπερ-

307 1401 438 1469 οχήν.
505 1403 724 1467 μέμνησο
762 1411 845 1456 τοῦ
887 1409 1203 1468 Σολομῶντος
1242 1405 1464 1471 λέγοντος
1498 1411 1524 1434 “
1546 1402 1686 1472 Δόξα
1726 1400 1903 1467 Κυρίου
1924 1415 1972 1455 15

308 1490 334 1513 ‘⁶
361 1483 553 1550 κρύπτει
599 1485 793 1551 λόγον.”
849 1487 1259 1554 περιεργαζόμενοι
1299 1487 1393 1553 γὰρ
1437 1489 1644 1552 ἀκριβῶς
1688 1483 1775 1548 τὴν
1818 1487 1903 1534 τοῦ

311 1567 489 1632 Κυρίου
517 1566 676 1636 δόξαν,
706 1570 921 1633 ἐοίκαμεν
945 1575 1043 1624 τοῖς
1068 1570 1289 1622 ἐθέλουσι
1317 1573 1538 1637 σπιθαμῇ
1562 1569 1796 1634 μετρῆσαι
1822 1563 1905 1617 τὸν

306 1648 521 1715 οὐρανόν.
584 1652 752 1701 οὐκοῦν
792 1651 906 1703 ὅταν
946 1653 1252 1719 ἀνθρωπίνως
1291 1677 1335 1703 τι
1375 1653 1572 1718 λε’γηται
1609 1651 1715 1717 περὶ
1754 1653 1900 1712 Θεοῦ,

307 1732 506 1783 νοείσθω
547 1737 833 1798 θεοπρεπῶς.
887 1737 984 1786 ἐπεὶ
1024 1735 1072 1786 τί
1105 1735 1320 1799 ποιήσεις
1360 1735 1474 1786 ὅταν
1513 1733 1722 1800 ἀκούσῃς
1760 1731 1900 1800 ψάλ-

306 1820 474 1868 λοντος
500 1821 583 1866 τοῦ
611 1818 788 1867 Δαυειδ
815 1824 842 1845 “
868 1818 930 1867 O
960 1817 1270 1881 καθημενος’
1248 1842 1323 1869 επι
1351 1822 1445 1868 τῶν
1470 1817 1719 1883 Χερουβιμ
1743 1813 1897 1883 ἐμφά-
1924 1833 1973 1859 20

307 1901 479 1960 “νηθι,
507 1896 742 1966 ἐξεγειρον
769 1922 855 1963 την
882 1901 1165 1950 δυναστειαν
1193 1923 1284 1951 σου
1312 1924 1387 1950 και
1413 1899 1521 1950 ε’λθε
1557 1902 1618 1952 εἰς
1652 1897 1706 1949 τὸ
1741 1901 1903 1948 σῶσαι

307 1986 334 2008 “
360 1980 480 2044 ἡμᾶς
501 1981 542 2042 ;”
584 1985 684 2034 πῶς
712 1980 805 2046 γὰρ
832 1981 1034 2047 κάθηται
1059 1981 1114 2033 τὸ
1142 1983 1437 2046 ἀσώματον·
1426 2023 1438 2044 ,
1482 1986 1574 2033 ποῦ
1602 1980 1694 2031 δε’
1677 2003 1791 2031 οντα
1821 1979 1905 2030 τὸν

265 2067 291 2107 d
308 2065 402 2111 τῶν
429 2061 556 2112 ολων
577 2062 701 2113 Θεὸν
721 2086 840 2128 προς
866 2064 988 2127 ημᾶς
1014 2064 1271 2133 ἀφικεσθαι
1298 2067 1579 2130 παρακαλεῖ,
1595 2061 1678 2114 τὸν
1699 2063 1904 2128 λεγοντα

309 2142 385 2195 διὰ
419 2148 513 2194 τῶν
539 2150 801 2213 προφητῶν
829 2154 854 2175 “
875 2145 961 2210 Μὴ
997 2148 1099 2213 οὐχὶ
1136 2147 1219 2197 τὸν
1245 2146 1446 2213 οὐρανὸν
1473 2149 1547 2197 καὶ
1582 2144 1668 2209 τὴν
1695 2147 1786 2210 γῆν
1811 2143 1904 2210 ἐγὼ

309 2233 337 2254 “
363 2231 548 2292 πληρῶ,
576 2227 703 2292 λε’γει
735 2227 909 2293 Κύριος
928 2229 971 2290 ;‘’
1012 2234 1104 2279 ποῦ
1137 2229 1292 2279 τοίνυν
1319 2228 1377 2278 ἀν
1404 2227 1535 2279 ἐ’λθοι
1569 2227 1688 2293 πρὸς
1722 2227 1844 2291 ἡμᾶς
1879 2226 1971 2282 525

310 2307 467 2358 πάντα
505 2314 735 2373 πληρῶν;
781 2309 930 2360 πάλιν
964 2309 1244 2376 γέγραπται,
1278 2311 1348 2361 ὅτι
1386 2309 1572 2375 πύργον
1607 2308 1904 2375 οὐρανομήκη

312 2390 652 2456 κατεσκεύαζόν
679 2414 799 2444 τινες
826 2400 852 2420 “
874 2394 967 2442 Καὶ
993 2391 1168 2455 κατέβη
1199 2393 1373 2458 Κύριος
1411 2395 1521 2443 ἰδεῖν
1547 2391 1632 2456 τὴν
1657 2392 1802 2443 πόλιν
1827 2392 1905 2441 καὶ

311 2476 339 2501 ‘⁶
365 2472 448 2523 τὸν
475 2472 675 2538 πύργον·
720 2475 794 2523 καὶ
827 2471 925 2524 εἶπε
955 2474 1129 2539 Κύριος
1156 2479 1304 2525 Δεῦτε
1339 2478 1414 2525 καὶ
1453 2473 1743 2535 καταβάντες
1775 2496 1899 2539 συγ-

1879 2554 1897 2573 ,Χ

312 2561 340 2583 “
364 2555 544 2622 χέωμεν
571 2556 726 2606 αὐτῶν
751 2555 834 2609 τὰς
863 2557 1101 2621 γλώσσας
1128 2558 1233 2608 ἐκεῖ.
1240 2558 1264 2572 ”
1306 2563 1399 2608 ποῦ
1426 2555 1599 2621 κατέβη
1629 2555 1833 2622 Κύριος;
1874 2579 1903 2620 η

361 2669 491 2703 Pmtim
510 2670 546 2709 (1.
559 2682 588 2704 e.
606 2678 691 2715 3—73
710 2680 1027 2718 131259‘17-27313
1055 2671 1549 2716 257,2S,09JC1tabant11r1n
1568 2683 1642 2716 cap.
1655 2670 1701 2705 iii.
1701 2679 1770 2722 17
1784 2669 1903 2705 aNik.

314 2717 349 2759 (a
367 2717 426 2750 fol.
444 2716 536 2761 127).
633 2729 666 2761 3.
693 2733 750 2761 τη
748 2728 751 2755 Ι
772 2723 807 2755 -Ι-
826 2721 886 2751 τοῦ
904 2730 923 2751 a
942 2718 1039 2761 (bls).
1136 2729 1168 2760 5.
1195 2718 1241 2753 εἷς
1260 2721 1298 2752 τὸ
1316 2717 1397 2752 εἶναι
1416 2718 1485 2763 και]
1505 2733 1552 2753 εις
1568 2733 1607 2762 ’γε
1625 2719 1663 2751 τὸ
1681 2720 1764 2752 εἰναι
1782 2719 1905 2762 (supra

312 2764 368 2796 cit:
370 2763 438 2803 ms)
457 2775 487 2797 a.
577 2764 610 2797 8.
638 2765 691 2798 ἐπι
712 2767 800 2797 Θεοῦ
817 2764 1048 2809 προφένροιιτο
1067 2777 1096 2798 a.
1119 2765 1146 2798 (
1150 2772 1193 2798 at.
1218 2765 1317 2799 Harl.
1335 2766 1438 2808 περι(
1430 2770 1509 2807 (.err
1514 2765 1527 2809 )
1541 2767 1629 2799 Θεοῦ
1646 2764 1904 2808 προσφεροιντο

315 2812 355 2851 (tr
331 2810 612 2854 ‹rsuprasmipto
631 2823 738 2844 111311]
757 2818 796 2844 ut
816 2811 885 2845 vid.
906 2812 1090 2845 lecentiori
1111 2813 1145 2845 111
1166 2812 1242 2845 Cat.
1261 2811 1378 2855 Harl.)
1392 2812 1487 2846 Aub.
1586 2822 1639 2845 10.
1659 2809 1748 2854 θείᾳ]
1767 2815 1804 2851 —f-
1822 2825 1857 2844 τε
1871 2822 1902 2844 a.

316 2867 368 2888 11.
396 2857 469 2900 ἔχοι
489 2869 518 2890 a.
537 2858 608 2901 ἔχει
628 2857 704 2891 Cat.
728 2858 828 2892 Harl.
849 2857 915 2892 Ed.
1046 2869 1099 2903 17.
1126 2858 1270 2893 θέλουσι
1289 2859 1358 2892 a.k.
1483 2858 1536 2892 18.
1563 2857 1781 2902 ἀνθρωπίνων
1800 2858 1883 2899 (err.
1888 2856 1901 2900 )

312 2902 407 2935 Aul).
563 2915 617 2937 20.
644 2907 704 2937 τοῦ
722 2916 791 2938 0111.
811 2917 842 2939 a.
861 2905 966 2939 habet
984 2905 1018 2938 k.
1175 2916 1230 2939 22.
1256 2907 1316 2938 τὸν
1332 2905 1450 2939 omisit
1468 2905 1563 2938 Aub.
1722 2913 1778 2949 25.
1802 2902 1902 2938 ἔλθοι

313 2948 382 2982 a.k.
400 2947 484 2992 ἔλθῃ
505 2949 581 2984 Cat.
605 2950 703 2985 Harl.
723 2951 790 2985 Ed.
920 2962 974 2996 29.
1001 2951 1069 2986 ἐκεῖ
1085 2952 1144 2988 τὰς
1161 2953 1329 2996 γλώσσας
1347 2952 1486 2986 inverso
1504 2950 1626 2986 ordine
1644 2962 1674 2985 a.
1678 2951 1714 2985 k.
