<?xml version="1.0" encoding="UTF-8"?>
<!DOCTYPE html PUBLIC "-//W3C//DTD XHTML 1.0 Transitional//EN"
    "http://www.w3.org/TR/xhtml1/DTD/xhtml1-transitional.dtd">
<html xmlns="http://www.w3.org/1999/xhtml" xml:lang="en" lang="en">
 <head>
  <title>
</title>
<meta http-equiv="Content-Type" content="text/html;charset=utf-8" />
  <meta name='ocr-system' content='tesseract 3.04.00' />
  <meta name='ocr-capabilities' content='ocr_page ocr_carea ocr_par ocr_line ocrx_word'/>
</head>
<body>
  <div class='ocr_page' id='page_1' title='image "./operacyrilli04cyriuoft/operacyrilli04cyriuoft_0533.png"; bbox 0 0 2022 3272; ppageno 0'>
   <div class='ocr_carea' id='block_1_1' title="bbox 109 150 1687 194">
    <p class='ocr_par' dir='ltr' id='par_1_1' title="bbox 109 150 1687 194">
     <span class='ocr_line' id='line_1_1' title="bbox 109 150 1687 194; baseline -0.003 -2"><span class='ocrx_word' id='word_1_1' title='bbox 109 151 190 192; x_wconf 84' lang='lat' dir='ltr'><strong>xiv.</strong></span> <span class='ocrx_word' id='word_1_2' title='bbox 213 152 277 194; x_wconf 78' lang='lat'>28.</span> <span class='ocrx_word' id='word_1_3' title='bbox 367 151 439 192; x_wconf 94' lang='lat' dir='ltr'>IN</span> <span class='ocrx_word' id='word_1_4' title='bbox 483 151 524 191; x_wconf 86' lang='lat' dir='ltr'>S.</span> <span class='ocrx_word' id='word_1_5' title='bbox 559 151 897 192; x_wconf 76' lang='lat' dir='ltr'><strong>JOANNEM.</strong></span> <span class='ocrx_word' id='word_1_6' title='bbox 962 151 1085 191; x_wconf 80' lang='lat' dir='ltr'><strong>L113.</strong></span> <span class='ocrx_word' id='word_1_7' title='bbox 1123 151 1171 190; x_wconf 87' lang='lat' dir='ltr'>X.</span> <span class='ocrx_word' id='word_1_8' title='bbox 1236 150 1370 190; x_wconf 73' lang='lat' dir='ltr'>CAP.</span> <span class='ocrx_word' id='word_1_9' title='bbox 1406 150 1440 189; x_wconf 92' lang='grc' dir='ltr'>Ι.</span> <span class='ocrx_word' id='word_1_10' title='bbox 1614 150 1687 188; x_wconf 71' lang='lat'>521</span> 
     </span>
    </p>
   </div>
   <div class='ocr_carea' id='block_1_2' title="bbox 46 256 1920 1811">
    <p class='ocr_par' dir='ltr' id='par_1_2' title="bbox 46 256 1920 1811">
     <span class='ocr_line' id='line_1_2' title="bbox 110 256 1695 328; baseline -0.001 -19"><span class='ocrx_word' id='word_1_11' title='bbox 110 258 360 328; x_wconf 75' lang='grc' dir='ltr'>συμφανὲς</span> <span class='ocrx_word' id='word_1_12' title='bbox 405 261 461 311; x_wconf 87' lang='grc' dir='ltr'>δι’</span> <span class='ocrx_word' id='word_1_13' title='bbox 503 261 645 311; x_wconf 82' lang='grc' dir='ltr'>αὐτοῦ</span> <span class='ocrx_word' id='word_1_14' title='bbox 694 266 779 312; x_wconf 88' lang='grc' dir='ltr'>τοῦ</span> <span class='ocrx_word' id='word_1_15' title='bbox 822 260 1116 327; x_wconf 83' lang='grc' dir='ltr'>πράγματος,</span> <span class='ocrx_word' id='word_1_16' title='bbox 1161 261 1223 313; x_wconf 86' lang='grc' dir='ltr'>ὡς</span> <span class='ocrx_word' id='word_1_17' title='bbox 1274 259 1459 324; x_wconf 87' lang='grc' dir='ltr'>ἐπείπερ</span> <span class='ocrx_word' id='word_1_18' title='bbox 1505 260 1564 310; x_wconf 85' lang='grc' dir='ltr'>εὶς</span> <span class='ocrx_word' id='word_1_19' title='bbox 1610 256 1695 320; x_wconf 85' lang='grc' dir='ltr'>τὴν</span> 
     </span>
     <span class='ocr_line' id='line_1_3' title="bbox 111 340 1691 412; baseline -0.002 -20"><span class='ocrx_word' id='word_1_20' title='bbox 111 343 231 393; x_wconf 76' lang='grc' dir='ltr'>ἰδίαν</span> <span class='ocrx_word' id='word_1_21' title='bbox 272 343 403 396; x_wconf 80' lang='grc' dir='ltr'>αὖθις</span> <span class='ocrx_word' id='word_1_22' title='bbox 447 346 832 409; x_wconf 84' lang='grc' dir='ltr'>παλινδρομῆσαι</span> <span class='ocrx_word' id='word_1_23' title='bbox 879 342 1025 412; x_wconf 78' lang='grc' dir='ltr'>δόξαν</span> <span class='ocrx_word' id='word_1_24' title='bbox 1063 341 1180 406; x_wconf 81' lang='grc' dir='ltr'>μετὰ</span> <span class='ocrx_word' id='word_1_25' title='bbox 1223 340 1412 407; x_wconf 81' lang='grc' dir='ltr'>Πατρὸς</span> <span class='ocrx_word' id='word_1_26' title='bbox 1455 340 1691 405; x_wconf 81' lang='grc' dir='ltr'>ἠπείγετο,</span> 
     </span>
     <span class='ocr_line' id='line_1_4' title="bbox 109 421 1689 494; baseline -0.003 -20"><span class='ocrx_word' id='word_1_27' title='bbox 109 424 288 491; x_wconf 79' lang='grc' dir='ltr'>χαίρειν</span> <span class='ocrx_word' id='word_1_28' title='bbox 326 425 401 475; x_wconf 81' lang='grc' dir='ltr'>ἐπὶ</span> <span class='ocrx_word' id='word_1_29' title='bbox 440 425 590 494; x_wconf 80' lang='grc' dir='ltr'>τούτῳ</span> <span class='ocrx_word' id='word_1_30' title='bbox 628 430 724 479; x_wconf 81' lang='grc' dir='ltr'>τοῖς</span> <span class='ocrx_word' id='word_1_31' title='bbox 769 426 912 476; x_wconf 83' lang='grc' dir='ltr'>αὐτὸν</span> <span class='ocrx_word' id='word_1_32' title='bbox 949 426 1175 491; x_wconf 81' lang='grc' dir='ltr'><em>ἀγαπῶσι</em></span> <span class='ocrx_word' id='word_1_33' title='bbox 1220 421 1514 484; x_wconf 79' lang='grc' dir='ltr'>διεκελεύετο,</span> <span class='ocrx_word' id='word_1_34' title='bbox 1554 421 1689 490; x_wconf 76' lang='grc' dir='ltr'>ἀξιοί-</span> 
     </span>
     <span class='ocr_line' id='line_1_5' title="bbox 110 502 1696 574; baseline -0.002 -18"><span class='ocrx_word' id='word_1_35' title='bbox 110 528 296 571; x_wconf 90' lang='grc' dir='ltr'>γαστον</span> <span class='ocrx_word' id='word_1_36' title='bbox 336 506 478 557; x_wconf 78' lang='grc' dir='ltr'>αὑτὸν</span> <span class='ocrx_word' id='word_1_37' title='bbox 519 508 674 561; x_wconf 81' lang='grc' dir='ltr'>αὐτοῖς</span> <span class='ocrx_word' id='word_1_38' title='bbox 717 506 1067 574; x_wconf 84' lang='grc' dir='ltr'>παρακλήσεως</span> <span class='ocrx_word' id='word_1_39' title='bbox 1111 507 1186 557; x_wconf 80' lang='grc' dir='ltr'>καὶ</span> <span class='ocrx_word' id='word_1_40' title='bbox 1227 510 1396 555; x_wconf 91' lang='grc' dir='ltr'>τοῦτον</span> <span class='ocrx_word' id='word_1_41' title='bbox 1439 502 1558 567; x_wconf 80' lang='grc' dir='ltr'>μετὰ</span> <span class='ocrx_word' id='word_1_42' title='bbox 1601 507 1696 554; x_wconf 82' lang='grc' dir='ltr'>τῶν</span> 
     </span>
     <span class='ocr_line' id='line_1_6' title="bbox 68 588 920 656; baseline 0.002 -18"><span class='ocrx_word' id='word_1_43' title='bbox 68 600 90 639; x_wconf 93' lang='grc'>5</span> <span class='ocrx_word' id='word_1_44' title='bbox 112 589 279 639; x_wconf 80' lang='grc' dir='ltr'>ἄλλων</span> <span class='ocrx_word' id='word_1_45' title='bbox 310 588 564 654; x_wconf 84' lang='grc' dir='ltr'>ἐπινοήσας</span> <span class='ocrx_word' id='word_1_46' title='bbox 600 589 683 640; x_wconf 80' lang='grc' dir='ltr'>τὸν</span> <span class='ocrx_word' id='word_1_47' title='bbox 713 589 920 656; x_wconf 69' lang='grc' dir='ltr'>τρόπους</span> 
     </span>
     <span class='ocr_line' id='line_1_7' title="bbox 185 669 1689 738; baseline -0.004 -16"><span class='ocrx_word' id='word_1_48' title='bbox 185 669 348 722; x_wconf 78' lang='grc' dir='ltr'>Ἀλλὰ</span> <span class='ocrx_word' id='word_1_49' title='bbox 380 670 586 738; x_wconf 88' lang='grc' dir='ltr'>παρήσω</span> <span class='ocrx_word' id='word_1_50' title='bbox 620 671 705 736; x_wconf 77' lang='grc' dir='ltr'>μὲν</span> <span class='ocrx_word' id='word_1_51' title='bbox 736 678 875 723; x_wconf 88' lang='grc' dir='ltr'>τοῦτο</span> <span class='ocrx_word' id='word_1_52' title='bbox 911 673 1023 734; x_wconf 75' lang='grc' dir='ltr'>νυνὶ,</span> <span class='ocrx_word' id='word_1_53' title='bbox 1055 672 1130 721; x_wconf 85' lang='grc' dir='ltr'>καὶ</span> <span class='ocrx_word' id='word_1_54' title='bbox 1168 674 1268 723; x_wconf 82' lang='grc' dir='ltr'>ταῖς</span> <span class='ocrx_word' id='word_1_55' title='bbox 1307 669 1480 719; x_wconf 86' lang='grc' dir='ltr'>ἐκείνου</span> <span class='ocrx_word' id='word_1_56' title='bbox 1519 671 1689 735; x_wconf 85' lang='grc' dir='ltr'>φρενο-</span> 
     </span>
     <span class='ocr_line' id='line_1_8' title="bbox 112 750 1698 821; baseline -0.004 -17"><span class='ocrx_word' id='word_1_57' title='bbox 112 754 362 815; x_wconf 79' lang='grc' dir='ltr'>βλαβείαις</span> <span class='ocrx_word' id='word_1_58' title='bbox 407 755 460 805; x_wconf 82' lang='grc' dir='ltr'>οὐ</span> <span class='ocrx_word' id='word_1_59' title='bbox 504 754 656 808; x_wconf 79' lang='grc' dir='ltr'>πολὺς</span> <span class='ocrx_word' id='word_1_60' title='bbox 699 754 985 819; x_wconf 85' lang='grc' dir='ltr'>ἐγκείσομαι·</span> <span class='ocrx_word' id='word_1_61' title='bbox 1041 753 1162 821; x_wconf 81' lang='grc' dir='ltr'>φημὶ</span> <span class='ocrx_word' id='word_1_62' title='bbox 1208 751 1256 802; x_wconf 80' lang='grc' dir='ltr'>δὲ</span> <span class='ocrx_word' id='word_1_63' title='bbox 1302 752 1397 801; x_wconf 79' lang='grc' dir='ltr'>δεῖν</span> <span class='ocrx_word' id='word_1_64' title='bbox 1437 750 1505 800; x_wconf 84' lang='grc' dir='ltr'>ἐπ’</span> <span class='ocrx_word' id='word_1_65' title='bbox 1550 751 1698 799; x_wconf 82' lang='grc' dir='ltr'>ε’κεῖνα</span> 
     </span>
     <span class='ocr_line' id='line_1_9' title="bbox 112 828 1698 906; baseline -0.004 -20"><span class='ocrx_word' id='word_1_66' title='bbox 112 841 304 899; x_wconf 81' lang='grc' dir='ltr'>μᾶλλον</span> <span class='ocrx_word' id='word_1_67' title='bbox 330 838 500 888; x_wconf 81' lang='grc' dir='ltr'>ἐλθεῖν·</span> <span class='ocrx_word' id='word_1_68' title='bbox 543 836 671 906; x_wconf 72' lang='grc' dir='ltr'>ᾠήθη</span> <span class='ocrx_word' id='word_1_69' title='bbox 699 835 792 903; x_wconf 81' lang='grc' dir='ltr'>γὰρ</span> <span class='ocrx_word' id='word_1_70' title='bbox 827 836 943 889; x_wconf 83' lang='grc' dir='ltr'>’ίσως</span> <span class='ocrx_word' id='word_1_71' title='bbox 977 838 1036 902; x_wconf 84' lang='grc' dir='ltr'>τῇ</span> <span class='ocrx_word' id='word_1_72' title='bbox 1065 837 1148 899; x_wconf 81' lang='grc' dir='ltr'>τῆς</span> <span class='ocrx_word' id='word_1_73' title='bbox 1179 832 1398 897; x_wconf 90' lang='grc' dir='ltr'>θεότητος</span> <span class='ocrx_word' id='word_1_74' title='bbox 1434 830 1579 899; x_wconf 83' lang='grc' dir='ltr'>φύσει</span> <span class='ocrx_word' id='word_1_75' title='bbox 1612 828 1698 893; x_wconf 85' lang='grc' dir='ltr'>τὴν</span> 
     </span>
     <span class='ocr_line' id='line_1_10' title="bbox 112 913 1691 986; baseline -0.003 -18"><span class='ocrx_word' id='word_1_76' title='bbox 112 918 270 985; x_wconf 81' lang='grc' dir='ltr'>σάρκα</span> <span class='ocrx_word' id='word_1_77' title='bbox 295 919 650 986; x_wconf 84' lang='grc' dir='ltr'>συγκρίνοντας,</span> <span class='ocrx_word' id='word_1_78' title='bbox 678 919 904 982; x_wconf 84' lang='grc' dir='ltr'>ἀνόνητον</span> <span class='ocrx_word' id='word_1_79' title='bbox 929 920 1096 984; x_wconf 83' lang='grc' dir='ltr'>κομιδῇ</span> <span class='ocrx_word' id='word_1_80' title='bbox 1121 919 1360 967; x_wconf 76' lang='grc' dir='ltr'>ποιεῖσθαι</span> <span class='ocrx_word' id='word_1_81' title='bbox 1390 914 1477 978; x_wconf 87' lang='grc' dir='ltr'>τὴν</span> <span class='ocrx_word' id='word_1_82' title='bbox 1503 913 1691 981; x_wconf 77' lang='grc' dir='ltr'>ἀντεξέ-</span> 
     </span>
     <span class='ocr_line' id='line_1_11' title="bbox 46 995 1696 1067; baseline -0.003 -17"><span class='ocrx_word' id='word_1_83' title='bbox 46 1019 93 1044; x_wconf 90' lang='lat'>10</span> <span class='ocrx_word' id='word_1_84' title='bbox 113 1022 268 1063; x_wconf 88' lang='grc' dir='ltr'>τασιν,</span> <span class='ocrx_word' id='word_1_85' title='bbox 309 1000 385 1052; x_wconf 78' lang='grc' dir='ltr'>ὅτε</span> <span class='ocrx_word' id='word_1_86' title='bbox 431 1005 717 1052; x_wconf 82' lang='grc' dir='ltr'>κεκενῶσθαι</span> <span class='ocrx_word' id='word_1_87' title='bbox 761 1001 963 1067; x_wconf 81' lang='grc' dir='ltr'>λε’γομεν</span> <span class='ocrx_word' id='word_1_88' title='bbox 1006 998 1088 1051; x_wconf 79' lang='grc' dir='ltr'>τὸν</span> <span class='ocrx_word' id='word_1_89' title='bbox 1127 997 1259 1061; x_wconf 83' lang='grc' dir='ltr'>Υἱὸν,</span> <span class='ocrx_word' id='word_1_90' title='bbox 1301 995 1456 1061; x_wconf 85' lang='grc' dir='ltr'>ἐπειδὴ</span> <span class='ocrx_word' id='word_1_91' title='bbox 1502 995 1696 1061; x_wconf 74' lang='grc' dir='ltr'>γέγονεν</span> 
     </span>
     <span class='ocr_line' id='line_1_12' title="bbox 113 1077 1920 1152; baseline -0.003 -20"><span class='ocrx_word' id='word_1_92' title='bbox 113 1082 376 1148; x_wconf 80' lang='grc' dir='ltr'>ἄνθρωπος·</span> <span class='ocrx_word' id='word_1_93' title='bbox 420 1084 512 1152; x_wconf 74' lang='grc' dir='ltr'>ἔχει</span> <span class='ocrx_word' id='word_1_94' title='bbox 540 1083 588 1134; x_wconf 78' lang='grc' dir='ltr'>δὲ</span> <span class='ocrx_word' id='word_1_95' title='bbox 615 1085 702 1152; x_wconf 83' lang='grc' dir='ltr'>οὐχ</span> <span class='ocrx_word' id='word_1_96' title='bbox 728 1084 864 1145; x_wconf 78' lang='grc' dir='ltr'>οὕτω,</span> <span class='ocrx_word' id='word_1_97' title='bbox 891 1081 1064 1143; x_wconf 84' lang='grc' dir='ltr'>πόθεν;</span> <span class='ocrx_word' id='word_1_98' title='bbox 1101 1084 1324 1132; x_wconf 83' lang='grc' dir='ltr'>οἶκετικοῦ</span> <span class='ocrx_word' id='word_1_99' title='bbox 1349 1077 1397 1130; x_wconf 78' lang='grc' dir='ltr'>δὲ</span> <span class='ocrx_word' id='word_1_100' title='bbox 1423 1077 1594 1144; x_wconf 78' lang='grc' dir='ltr'>μέτρου</span> <span class='ocrx_word' id='word_1_101' title='bbox 1619 1079 1695 1127; x_wconf 84' lang='grc' dir='ltr'>καὶ</span> <span class='ocrx_word' id='word_1_102' title='bbox 1713 1096 1735 1120; x_wconf 84' lang='lat' dir='ltr'>a</span> <span class='ocrx_word' id='word_1_103' title='bbox 1766 1086 1853 1121; x_wconf 84' lang='lat'>848</span> <span class='ocrx_word' id='word_1_104' title='bbox 1868 1086 1920 1122; x_wconf 86' lang='lat' dir='ltr'>A·</span> 
     </span>
     <span class='ocr_line' id='line_1_13' title="bbox 114 1161 1696 1234; baseline -0.004 -19"><span class='ocrx_word' id='word_1_105' title='bbox 114 1167 466 1232; x_wconf 87' lang='grc' dir='ltr'>δουλοπρεποῦς</span> <span class='ocrx_word' id='word_1_106' title='bbox 492 1165 758 1234; x_wconf 77' lang='grc' dir='ltr'>ἀξιώματος</span> <span class='ocrx_word' id='word_1_107' title='bbox 783 1164 870 1229; x_wconf 87' lang='grc' dir='ltr'>τὴν</span> <span class='ocrx_word' id='word_1_108' title='bbox 896 1165 1024 1216; x_wconf 86' lang='grc' dir='ltr'>θείαν</span> <span class='ocrx_word' id='word_1_109' title='bbox 1051 1162 1269 1228; x_wconf 83' lang='grc' dir='ltr'>λε’γοντες</span> <span class='ocrx_word' id='word_1_110' title='bbox 1294 1161 1454 1230; x_wconf 76' lang='grc' dir='ltr'>δόξαν,</span> <span class='ocrx_word' id='word_1_111' title='bbox 1482 1161 1696 1224; x_wconf 84' lang='grc' dir='ltr'>ἠλαττῶ-</span> 
     </span>
     <span class='ocr_line' id='line_1_14' title="bbox 112 1243 1694 1316; baseline -0.002 -19"><span class='ocrx_word' id='word_1_112' title='bbox 112 1247 235 1298; x_wconf 90' lang='grc' dir='ltr'>σθαί</span> <span class='ocrx_word' id='word_1_113' title='bbox 265 1251 422 1316; x_wconf 89' lang='grc' dir='ltr'>φαμεν</span> <span class='ocrx_word' id='word_1_114' title='bbox 455 1254 538 1299; x_wconf 83' lang='grc' dir='ltr'>τοῦ</span> <span class='ocrx_word' id='word_1_115' title='bbox 567 1246 757 1314; x_wconf 79' lang='grc' dir='ltr'>Πατρὸς</span> <span class='ocrx_word' id='word_1_116' title='bbox 793 1247 875 1299; x_wconf 82' lang='grc' dir='ltr'>τὸν</span> <span class='ocrx_word' id='word_1_117' title='bbox 900 1245 1031 1307; x_wconf 79' lang='grc' dir='ltr'>Υὶὸν,</span> <span class='ocrx_word' id='word_1_118' title='bbox 1059 1243 1175 1296; x_wconf 81' lang='grc' dir='ltr'>καθὸ</span> <span class='ocrx_word' id='word_1_119' title='bbox 1210 1243 1400 1310; x_wconf 77' lang='grc' dir='ltr'>γε’γονεν</span> <span class='ocrx_word' id='word_1_120' title='bbox 1426 1243 1694 1307; x_wconf 77' lang='grc' dir='ltr'>ἄνθρωπος,</span> 
     </span>
     <span class='ocr_line' id='line_1_15' title="bbox 114 1323 1698 1396; baseline -0.004 -17"><span class='ocrx_word' id='word_1_121' title='bbox 114 1330 503 1394; x_wconf 81' lang='grc' dir='ltr'>ἀποκαταστῆναι</span> <span class='ocrx_word' id='word_1_122' title='bbox 529 1328 679 1396; x_wconf 83' lang='grc' dir='ltr'>γεμὴν</span> <span class='ocrx_word' id='word_1_123' title='bbox 705 1333 766 1384; x_wconf 80' lang='grc' dir='ltr'>εἷς</span> <span class='ocrx_word' id='word_1_124' title='bbox 793 1329 847 1381; x_wconf 78' lang='grc' dir='ltr'>τὸ</span> <span class='ocrx_word' id='word_1_125' title='bbox 874 1327 988 1380; x_wconf 77' lang='grc' dir='ltr'>εἶναι</span> <span class='ocrx_word' id='word_1_126' title='bbox 1013 1326 1161 1379; x_wconf 75' lang='grc' dir='ltr'>πάλιν</span> <span class='ocrx_word' id='word_1_127' title='bbox 1186 1327 1234 1377; x_wconf 83' lang='grc' dir='ltr'>ἐν</span> <span class='ocrx_word' id='word_1_128' title='bbox 1260 1326 1352 1395; x_wconf 75' lang='grc' dir='ltr'>ἴσῳ</span> <span class='ocrx_word' id='word_1_129' title='bbox 1384 1329 1449 1393; x_wconf 70' lang='grc' dir='ltr'>τῷ</span> <span class='ocrx_word' id='word_1_130' title='bbox 1487 1323 1698 1392; x_wconf 85' lang='grc' dir='ltr'>φύσαντι</span> 
     </span>
     <span class='ocr_line' id='line_1_16' title="bbox 47 1404 1699 1477; baseline -0.007 -11"><span class='ocrx_word' id='word_1_131' title='bbox 47 1428 94 1466; x_wconf 83' lang='grc' dir='ltr'>Ι5</span> <span class='ocrx_word' id='word_1_132' title='bbox 113 1434 232 1473; x_wconf 86' lang='grc' dir='ltr'>μετα</span> <span class='ocrx_word' id='word_1_133' title='bbox 270 1412 356 1476; x_wconf 89' lang='grc' dir='ltr'>τὴν</span> <span class='ocrx_word' id='word_1_134' title='bbox 389 1414 597 1464; x_wconf 86' lang='grc' dir='ltr'>ἐντεῦθεν</span> <span class='ocrx_word' id='word_1_135' title='bbox 626 1413 906 1477; x_wconf 78' lang='grc' dir='ltr'>ἀποδημιαν,</span> <span class='ocrx_word' id='word_1_136' title='bbox 946 1412 999 1462; x_wconf 82' lang='grc' dir='ltr'>οὐ</span> <span class='ocrx_word' id='word_1_137' title='bbox 1040 1407 1263 1472; x_wconf 86' lang='grc' dir='ltr'>καινὴν</span> <span class='ocrx_word' id='word_1_138' title='bbox 1240 1415 1269 1473; x_wconf 81' lang='grc' dir='ltr'><em>ὴ</em></span> <span class='ocrx_word' id='word_1_139' title='bbox 1311 1408 1557 1470; x_wconf 85' lang='grc' dir='ltr'>ἐπικτητον</span> <span class='ocrx_word' id='word_1_140' title='bbox 1595 1404 1699 1455; x_wconf 81' lang='grc' dir='ltr'>οὐδὲ</span> 
     </span>
     <span class='ocr_line' id='line_1_17' title="bbox 114 1487 1702 1564; baseline -0.004 -20"><span class='ocrx_word' id='word_1_141' title='bbox 114 1492 236 1557; x_wconf 81' lang='grc' dir='ltr'>ἀήθη</span> <span class='ocrx_word' id='word_1_142' title='bbox 264 1493 411 1563; x_wconf 77' lang='grc' dir='ltr'>δόξαν</span> <span class='ocrx_word' id='word_1_143' title='bbox 436 1495 774 1564; x_wconf 86' lang='grc' dir='ltr'>ημφιεσμενον,</span> <span class='ocrx_word' id='word_1_144' title='bbox 799 1494 909 1545; x_wconf 83' lang='grc' dir='ltr'>ἀλλ’</span> <span class='ocrx_word' id='word_1_145' title='bbox 939 1496 986 1544; x_wconf 85' lang='grc' dir='ltr'>ἐν</span> <span class='ocrx_word' id='word_1_146' title='bbox 1012 1493 1159 1560; x_wconf 88' lang='grc' dir='ltr'>ἐκείνῃ</span> <span class='ocrx_word' id='word_1_147' title='bbox 1190 1487 1422 1557; x_wconf 83' lang='grc' dir='ltr'>γεγονότα</span> <span class='ocrx_word' id='word_1_148' title='bbox 1455 1487 1622 1550; x_wconf 82' lang='grc' dir='ltr'>πάλιν,</span> <span class='ocrx_word' id='word_1_149' title='bbox 1653 1488 1702 1538; x_wconf 88' lang='grc' dir='ltr'>ἐν</span> 
     </span>
     <span class='ocr_line' id='line_1_18' title="bbox 113 1569 1702 1645; baseline -0.002 -19"><span class='ocrx_word' id='word_1_150' title='bbox 113 1573 234 1643; x_wconf 85' lang='grc' dir='ltr'>ῂπερ</span> <span class='ocrx_word' id='word_1_151' title='bbox 272 1575 330 1641; x_wconf 81' lang='grc' dir='ltr'>ἧν</span> <span class='ocrx_word' id='word_1_152' title='bbox 361 1578 409 1628; x_wconf 86' lang='grc' dir='ltr'>ἐν</span> <span class='ocrx_word' id='word_1_153' title='bbox 440 1579 563 1645; x_wconf 82' lang='grc' dir='ltr'>ἀρχῇ</span> <span class='ocrx_word' id='word_1_154' title='bbox 601 1600 720 1641; x_wconf 86' lang='grc' dir='ltr'>μετα</span> <span class='ocrx_word' id='word_1_155' title='bbox 752 1582 836 1627; x_wconf 92' lang='grc' dir='ltr'>τοῦ</span> <span class='ocrx_word' id='word_1_156' title='bbox 864 1575 1071 1641; x_wconf 84' lang='grc' dir='ltr'>Πατρός.</span> <span class='ocrx_word' id='word_1_157' title='bbox 1129 1575 1204 1624; x_wconf 81' lang='grc' dir='ltr'>καὶ</span> <span class='ocrx_word' id='word_1_158' title='bbox 1238 1578 1355 1638; x_wconf 85' lang='grc' dir='ltr'>γοῦν</span> <span class='ocrx_word' id='word_1_159' title='bbox 1386 1572 1411 1622; x_wconf 86' lang='grc' dir='ltr'>ὁ</span> <span class='ocrx_word' id='word_1_160' title='bbox 1447 1569 1702 1623; x_wconf 78' lang='grc' dir='ltr'>θεσπέσιος</span> 
     </span>
     <span class='ocr_line' id='line_1_19' title="bbox 114 1656 1702 1728; baseline -0.004 -19"><span class='ocrx_word' id='word_1_161' title='bbox 114 1657 223 1721; x_wconf 83' lang='grc' dir='ltr'>ἡμῖν</span> <span class='ocrx_word' id='word_1_162' title='bbox 249 1659 583 1725; x_wconf 81' lang='grc' dir='ltr'>μυσταγωγὸς,</span> <span class='ocrx_word' id='word_1_163' title='bbox 612 1661 734 1728; x_wconf 89' lang='grc' dir='ltr'>φημι</span> <span class='ocrx_word' id='word_1_164' title='bbox 766 1659 813 1710; x_wconf 87' lang='grc' dir='ltr'>δὲ</span> <span class='ocrx_word' id='word_1_165' title='bbox 840 1657 922 1709; x_wconf 82' lang='grc' dir='ltr'>τὸν</span> <span class='ocrx_word' id='word_1_166' title='bbox 950 1661 1162 1718; x_wconf 76' lang='grc' dir='ltr'>Παῦλον,</span> <span class='ocrx_word' id='word_1_167' title='bbox 1190 1677 1277 1719; x_wconf 91' lang='grc' dir='ltr'>την</span> <span class='ocrx_word' id='word_1_168' title='bbox 1301 1675 1580 1721; x_wconf 89' lang='grc' dir='ltr'>πρεπουσαν</span> <span class='ocrx_word' id='word_1_169' title='bbox 1605 1656 1702 1704; x_wconf 82' lang='grc' dir='ltr'>τοῖς</span> 
     </span>
     <span class='ocr_line' id='line_1_20' title="bbox 114 1733 1746 1811; baseline -0.004 -20"><span class='ocrx_word' id='word_1_170' title='bbox 114 1740 705 1811; x_wconf 31' lang='grc' dir='ltr'>ἀνθρώποιςῆταπείνωσιν</span> <span class='ocrx_word' id='word_1_171' title='bbox 746 1739 894 1792; x_wconf 80' lang='grc' dir='ltr'>οὐκέτι</span> <span class='ocrx_word' id='word_1_172' title='bbox 931 1741 1178 1806; x_wconf 76' lang='grc' dir='ltr'>περιτιθεὶς</span> <span class='ocrx_word' id='word_1_173' title='bbox 1212 1738 1338 1805; x_wconf 76' lang='grc' dir='ltr'>αὐτῷ</span> <span class='ocrx_word' id='word_1_174' title='bbox 1376 1734 1494 1800; x_wconf 79' lang='grc' dir='ltr'>μετὰ</span> <span class='ocrx_word' id='word_1_175' title='bbox 1532 1733 1618 1798; x_wconf 85' lang='grc' dir='ltr'>τὴν</span> <span class='ocrx_word' id='word_1_176' title='bbox 1651 1735 1700 1784; x_wconf 87' lang='grc' dir='ltr'>ἐκ</span> <span class='ocrx_word' id='word_1_177' title='bbox 1718 1741 1746 1781; x_wconf 83' lang='lat' dir='ltr'>b</span> 
     </span>
    </p>
   </div>
   <div class='ocr_carea' id='block_1_3' title="bbox 46 1817 1696 1888">
    <p class='ocr_par' dir='ltr' id='par_1_3' title="bbox 46 1817 1696 1888">
     <span class='ocr_line' id='line_1_21' title="bbox 46 1817 1696 1888; baseline -0.004 -15"><span class='ocrx_word' id='word_1_178' title='bbox 46 1843 96 1868; x_wconf 86' lang='lat'>20</span> <span class='ocrx_word' id='word_1_179' title='bbox 116 1827 290 1888; x_wconf 79' lang='grc' dir='ltr'>νεκρῶν</span> <span class='ocrx_word' id='word_1_180' title='bbox 329 1825 594 1885; x_wconf 80' lang='grc' dir='ltr'>ἀναβίωσιν</span> <span class='ocrx_word' id='word_1_181' title='bbox 634 1826 709 1875; x_wconf 77' lang='grc' dir='ltr'>καὶ</span> <span class='ocrx_word' id='word_1_182' title='bbox 752 1823 837 1888; x_wconf 86' lang='grc' dir='ltr'>τὴν</span> <span class='ocrx_word' id='word_1_183' title='bbox 877 1823 1046 1873; x_wconf 78' lang='grc' dir='ltr'>ἄνοδον</span> <span class='ocrx_word' id='word_1_184' title='bbox 1086 1820 1172 1885; x_wconf 81' lang='grc' dir='ltr'>τὴν</span> <span class='ocrx_word' id='word_1_185' title='bbox 1210 1823 1272 1872; x_wconf 77' lang='grc' dir='ltr'>εἷς</span> <span class='ocrx_word' id='word_1_186' title='bbox 1317 1817 1552 1884; x_wconf 73' lang='grc' dir='ltr'>οὐρανοὺς,</span> <span class='ocrx_word' id='word_1_187' title='bbox 1595 1818 1696 1867; x_wconf 85' lang='grc' dir='ltr'>ἐπι-</span> 
     </span>
    </p>
   </div>
   <div class='ocr_carea' id='block_1_4' title="bbox 1766 1901 1868 1931">
    <p class='ocr_par' dir='ltr' id='par_1_4' title="bbox 1766 1901 1868 1931">
     <span class='ocr_line' id='line_1_22' title="bbox 1766 1901 1868 1931; baseline 0 -1"><span class='ocrx_word' id='word_1_188' title='bbox 1766 1909 1781 1930; x_wconf 85' lang='grc'><strong>2</strong></span> <span class='ocrx_word' id='word_1_189' title='bbox 1795 1901 1868 1931; x_wconf 63' lang='grc' dir='ltr'>(ὊΓ.</span> 
     </span>
    </p>
   </div>
   <div class='ocr_carea' id='block_1_5' title="bbox 113 1899 1852 1974">
    <p class='ocr_par' dir='ltr' id='par_1_5' title="bbox 113 1899 1852 1974">
     <span class='ocr_line' id='line_1_23' title="bbox 113 1899 1852 1974; baseline -0.003 -20"><span class='ocrx_word' id='word_1_190' title='bbox 113 1904 311 1956; x_wconf 77' lang='grc' dir='ltr'>στέλλει</span> <span class='ocrx_word' id='word_1_191' title='bbox 346 1905 500 1971; x_wconf 74' lang='grc' dir='ltr'>λέγων</span> <span class='ocrx_word' id='word_1_192' title='bbox 526 1909 629 1957; x_wconf 76' lang='lat' dir='ltr'>“El</span> <span class='ocrx_word' id='word_1_193' title='bbox 663 1905 757 1972; x_wconf 78' lang='grc' dir='ltr'>γὰρ</span> <span class='ocrx_word' id='word_1_194' title='bbox 792 1907 868 1956; x_wconf 81' lang='grc' dir='ltr'>καὶ</span> <span class='ocrx_word' id='word_1_195' title='bbox 902 1903 1170 1970; x_wconf 84' lang='grc' dir='ltr'>ἐγνώκαμεν</span> <span class='ocrx_word' id='word_1_196' title='bbox 1196 1899 1316 1952; x_wconf 77' lang='grc' dir='ltr'>κατὰ</span> <span class='ocrx_word' id='word_1_197' title='bbox 1351 1899 1510 1965; x_wconf 81' lang='grc' dir='ltr'>σάρκα</span> <span class='ocrx_word' id='word_1_198' title='bbox 1536 1903 1698 1965; x_wconf 86' lang='grc' dir='ltr'>Χρισ-</span> <span class='ocrx_word' id='word_1_199' title='bbox 1763 1954 1782 1974; x_wconf 88' lang='lat' dir='ltr'>v</span> <span class='ocrx_word' id='word_1_200' title='bbox 1815 1943 1852 1974; x_wconf 88' lang='lat'>16</span> 
     </span>
    </p>
   </div>
   <div class='ocr_carea' id='block_1_6' title="bbox 46 1979 1914 2300">
    <p class='ocr_par' dir='ltr' id='par_1_6' title="bbox 46 1979 1914 2300">
     <span class='ocr_line' id='line_1_24' title="bbox 115 1979 1625 2016; baseline -0.005 -11"><span class='ocrx_word' id='word_1_201' title='bbox 115 1993 142 2016; x_wconf 65' lang='lat'>44</span> <span class='ocrx_word' id='word_1_202' title='bbox 200 1985 214 2002; x_wconf 58' lang='lat' dir='ltr'>N</span> <span class='ocrx_word' id='word_1_203' title='bbox 306 1988 317 2002; x_wconf 73' lang='lat'>9</span> <span class='ocrx_word' id='word_1_204' title='bbox 404 1986 416 2004; x_wconf 66' lang='lat' dir='ltr'>x</span> <span class='ocrx_word' id='word_1_205' title='bbox 492 1993 511 2002; x_wconf 63' lang='grc' dir='ltr'>Α</span> <span class='ocrx_word' id='word_1_206' title='bbox 605 1988 616 2002; x_wconf 70' lang='lat'><em>5</em></span> <span class='ocrx_word' id='word_1_207' title='bbox 664 1987 676 2003; x_wconf 81' lang='grc'><em>1</em></span> <span class='ocrx_word' id='word_1_208' title='bbox 851 1986 864 2002; x_wconf 67' lang='lat' dir='ltr'><em>t</em></span> <span class='ocrx_word' id='word_1_209' title='bbox 1065 1985 1089 2001; x_wconf 65' lang='grc' dir='ltr'>’ν</span> <span class='ocrx_word' id='word_1_210' title='bbox 1221 1985 1234 2000; x_wconf 66' lang='lat' dir='ltr'>x</span> <span class='ocrx_word' id='word_1_211' title='bbox 1306 1981 1317 1999; x_wconf 63' lang='lat' dir='ltr'>x</span> <span class='ocrx_word' id='word_1_212' title='bbox 1364 1982 1374 1996; x_wconf 62' lang='grc' dir='ltr'><strong>θ</strong></span> <span class='ocrx_word' id='word_1_213' title='bbox 1498 1986 1518 1996; x_wconf 67' lang='grc' dir='ltr'>Α</span> <span class='ocrx_word' id='word_1_214' title='bbox 1612 1979 1625 1994; x_wconf 79' lang='grc' dir='ltr'><em>Ι</em></span> 
     </span>
     <span class='ocr_line' id='line_1_25' title="bbox 168 1985 1703 2052; baseline -0.005 -14"><span class='ocrx_word' id='word_1_215' title='bbox 168 2010 263 2049; x_wconf 80' lang='grc' dir='ltr'>τον,</span> <span class='ocrx_word' id='word_1_216' title='bbox 291 1995 422 2038; x_wconf 92' lang='grc' dir='ltr'>αλλα</span> <span class='ocrx_word' id='word_1_217' title='bbox 458 2011 540 2038; x_wconf 82' lang='grc' dir='ltr'>νυν</span> <span class='ocrx_word' id='word_1_218' title='bbox 567 2010 716 2038; x_wconf 86' lang='grc' dir='ltr'>ουκετι</span> <span class='ocrx_word' id='word_1_219' title='bbox 751 2002 1061 2052; x_wconf 86' lang='grc' dir='ltr'>γινωσκομεν·</span> <span class='ocrx_word' id='word_1_220' title='bbox 1130 2006 1236 2050; x_wconf 86' lang='grc' dir='ltr'>περι</span> <span class='ocrx_word' id='word_1_221' title='bbox 1270 1985 1318 2033; x_wconf 90' lang='grc' dir='ltr'>δε</span> <span class='ocrx_word' id='word_1_222' title='bbox 1353 2004 1519 2033; x_wconf 81' lang='grc' dir='ltr'>εαυτοῦ</span> <span class='ocrx_word' id='word_1_223' title='bbox 1555 1987 1703 2032; x_wconf 89' lang='grc' dir='ltr'>παλιν</span> 
     </span>
     <span class='ocr_line' id='line_1_26' title="bbox 113 2063 1914 2134; baseline -0.004 -15"><span class='ocrx_word' id='word_1_224' title='bbox 113 2075 141 2098; x_wconf 88' lang='grc'><strong>“</strong></span> <span class='ocrx_word' id='word_1_225' title='bbox 169 2072 366 2122; x_wconf 81' lang='grc' dir='ltr'>Παῦλος</span> <span class='ocrx_word' id='word_1_226' title='bbox 405 2069 680 2123; x_wconf 80' lang='grc' dir='ltr'>ἀπόστολος</span> <span class='ocrx_word' id='word_1_227' title='bbox 718 2070 881 2134; x_wconf 85' lang='grc' dir='ltr'>Ἰησοῦ</span> <span class='ocrx_word' id='word_1_228' title='bbox 920 2071 1150 2133; x_wconf 82' lang='grc' dir='ltr'>Χριστοῦ,</span> <span class='ocrx_word' id='word_1_229' title='bbox 1191 2065 1274 2116; x_wconf 83' lang='grc' dir='ltr'>οὐκ</span> <span class='ocrx_word' id='word_1_230' title='bbox 1319 2063 1397 2114; x_wconf 82' lang='grc' dir='ltr'>ἀπ’</span> <span class='ocrx_word' id='word_1_231' title='bbox 1439 2063 1703 2129; x_wconf 83' lang='grc' dir='ltr'>ἀνθρώπων</span> <span class='ocrx_word' id='word_1_232' title='bbox 1763 2075 1836 2106; x_wconf 83' lang='lat' dir='ltr'>Gal·</span> <span class='ocrx_word' id='word_1_233' title='bbox 1850 2076 1914 2107; x_wconf 89' lang='lat' dir='ltr'>i.1.</span> 
     </span>
     <span class='ocr_line' id='line_1_27' title="bbox 208 2145 1707 2169; baseline -0.004 -2"><span class='ocrx_word' id='word_1_234' title='bbox 208 2153 217 2167; x_wconf 75' lang='grc'><strong>,</strong></span> <span class='ocrx_word' id='word_1_235' title='bbox 260 2151 271 2169; x_wconf 51' lang='lat' dir='ltr'>x</span> <span class='ocrx_word' id='word_1_236' title='bbox 355 2152 365 2167; x_wconf 64' lang='lat'><strong>⁹</strong></span> <span class='ocrx_word' id='word_1_237' title='bbox 409 2153 420 2168; x_wconf 68' lang='lat'><em>2</em></span> <span class='ocrx_word' id='word_1_238' title='bbox 535 2152 548 2168; x_wconf 84' lang='grc' dir='ltr'><em>Ι</em></span> <span class='ocrx_word' id='word_1_239' title='bbox 707 2153 716 2167; x_wconf 67' lang='lat'><em>5</em></span> <span class='ocrx_word' id='word_1_240' title='bbox 804 2149 816 2167; x_wconf 48' lang='lat' dir='ltr'>x</span> <span class='ocrx_word' id='word_1_241' title='bbox 918 2149 928 2162; x_wconf 57' lang='grc' dir='ltr'>ἱ</span> <span class='ocrx_word' id='word_1_242' title='bbox 961 2150 971 2165; x_wconf 71' lang='grc'><em>’</em></span> <span class='ocrx_word' id='word_1_243' title='bbox 1103 2154 1123 2163; x_wconf 63' lang='grc' dir='ltr'>Α</span> <span class='ocrx_word' id='word_1_244' title='bbox 1355 2146 1417 2162; x_wconf 63' lang='grc' dir='ltr'>Α”</span> <span class='ocrx_word' id='word_1_245' title='bbox 1541 2146 1552 2162; x_wconf 80' lang='grc' dir='ltr'><em>Ι</em></span> <span class='ocrx_word' id='word_1_246' title='bbox 1696 2145 1707 2161; x_wconf 79' lang='grc' dir='ltr'><em>Ι</em></span> 
     </span>
     <span class='ocr_line' id='line_1_28' title="bbox 115 2151 1702 2218; baseline -0.005 -15"><span class='ocrx_word' id='word_1_247' title='bbox 115 2157 142 2180; x_wconf 83' lang='grc'><strong>“</strong></span> <span class='ocrx_word' id='word_1_248' title='bbox 167 2154 272 2203; x_wconf 87' lang='grc' dir='ltr'>ουδε</span> <span class='ocrx_word' id='word_1_249' title='bbox 311 2153 354 2202; x_wconf 92' lang='grc' dir='ltr'>δι</span> <span class='ocrx_word' id='word_1_250' title='bbox 394 2156 658 2218; x_wconf 80' lang='grc' dir='ltr'>ανθρωπου,</span> <span class='ocrx_word' id='word_1_251' title='bbox 691 2157 823 2202; x_wconf 90' lang='grc' dir='ltr'>αλλα</span> <span class='ocrx_word' id='word_1_252' title='bbox 862 2152 936 2200; x_wconf 88' lang='grc' dir='ltr'>δια</span> <span class='ocrx_word' id='word_1_253' title='bbox 978 2153 1124 2213; x_wconf 86' lang='grc' dir='ltr'>Ιησου</span> <span class='ocrx_word' id='word_1_254' title='bbox 1158 2151 1390 2213; x_wconf 77' lang='grc' dir='ltr'>Χριστοῦ.</span> <span class='ocrx_word' id='word_1_255' title='bbox 1472 2168 1620 2196; x_wconf 91' lang='grc' dir='ltr'>καιτοι</span> <span class='ocrx_word' id='word_1_256' title='bbox 1658 2167 1702 2196; x_wconf 88' lang='grc' dir='ltr'>τι</span> 
     </span>
     <span class='ocr_line' id='line_1_29' title="bbox 46 2227 1696 2300; baseline -0.005 -14"><span class='ocrx_word' id='word_1_257' title='bbox 46 2252 95 2291; x_wconf 83' lang='grc'>25</span> <span class='ocrx_word' id='word_1_258' title='bbox 116 2234 289 2300; x_wconf 83' lang='grc' dir='ltr'>δήποτε</span> <span class='ocrx_word' id='word_1_259' title='bbox 323 2233 472 2286; x_wconf 81' lang='grc' dir='ltr'>πάλιν</span> <span class='ocrx_word' id='word_1_260' title='bbox 498 2233 640 2285; x_wconf 81' lang='grc' dir='ltr'>αὐτὸν</span> <span class='ocrx_word' id='word_1_261' title='bbox 663 2232 781 2299; x_wconf 78' lang='grc' dir='ltr'>πρὸς</span> <span class='ocrx_word' id='word_1_262' title='bbox 817 2233 938 2297; x_wconf 80' lang='grc' dir='ltr'>ἡμᾶς</span> <span class='ocrx_word' id='word_1_263' title='bbox 974 2230 1234 2300; x_wconf 74' lang='grc' dir='ltr'>ἀφίξεσθαι</span> <span class='ocrx_word' id='word_1_264' title='bbox 1269 2227 1425 2294; x_wconf 78' lang='grc' dir='ltr'>λέγων</span> <span class='ocrx_word' id='word_1_265' title='bbox 1450 2250 1696 2295; x_wconf 82' lang='grc' dir='ltr'>μετασχη·</span> 
     </span>
    </p>
   </div>
   <div class='ocr_carea' id='block_1_7' title="bbox 115 2304 1915 2550">
    <p class='ocr_par' dir='ltr' id='par_1_7' title="bbox 115 2304 1915 2550">
     <span class='ocr_line' id='line_1_30' title="bbox 115 2304 1915 2381; baseline -0.006 -13"><span class='ocrx_word' id='word_1_266' title='bbox 115 2322 372 2381; x_wconf 89' lang='grc' dir='ltr'>ματιοῦντα</span> <span class='ocrx_word' id='word_1_267' title='bbox 398 2323 425 2347; x_wconf 85' lang='grc'><strong>“</strong></span> <span class='ocrx_word' id='word_1_268' title='bbox 444 2315 498 2368; x_wconf 83' lang='grc' dir='ltr'>τὸ</span> <span class='ocrx_word' id='word_1_269' title='bbox 524 2319 670 2380; x_wconf 83' lang='grc' dir='ltr'>σῶμα</span> <span class='ocrx_word' id='word_1_270' title='bbox 693 2317 777 2379; x_wconf 83' lang='grc' dir='ltr'>τῆς</span> <span class='ocrx_word' id='word_1_271' title='bbox 800 2313 1127 2366; x_wconf 83' lang='grc' dir='ltr'>ταπεινώσεως</span> <span class='ocrx_word' id='word_1_272' title='bbox 1162 2312 1293 2376; x_wconf 84' lang='grc' dir='ltr'>ἡμῶν</span> <span class='ocrx_word' id='word_1_273' title='bbox 1320 2309 1611 2378; x_wconf 82' lang='grc' dir='ltr'>σύμμορφον</span> <span class='ocrx_word' id='word_1_274' title='bbox 1637 2313 1703 2379; x_wconf 74' lang='grc' dir='ltr'>τῷ</span> <span class='ocrx_word' id='word_1_275' title='bbox 1765 2304 1850 2379; x_wconf 36' lang='lat' dir='ltr'>{lh-5¹·</span> <span class='ocrx_word' id='word_1_276' title='bbox 1870 2304 1915 2336; x_wconf 62' lang='lat' dir='ltr'>fii·</span> 
     </span>
     <span class='ocr_line' id='line_1_31' title="bbox 132 2392 1700 2467; baseline -0.005 -16.801"><span class='ocrx_word' id='word_1_277' title='bbox 132 2399 359 2463; x_wconf 72' lang='grc' dir='ltr'>6σώματι</span> <span class='ocrx_word' id='word_1_278' title='bbox 385 2401 467 2463; x_wconf 84' lang='grc' dir='ltr'>τῆς</span> <span class='ocrx_word' id='word_1_279' title='bbox 494 2397 636 2467; x_wconf 78' lang='grc' dir='ltr'>δόξης</span> <span class='ocrx_word' id='word_1_280' title='bbox 662 2397 843 2460; x_wconf 80' lang='grc' dir='ltr'>αὐτοῦ,”</span> <span class='ocrx_word' id='word_1_281' title='bbox 873 2401 955 2447; x_wconf 89' lang='grc' dir='ltr'>νῦν</span> <span class='ocrx_word' id='word_1_282' title='bbox 980 2395 1239 2465; x_wconf 75' lang='grc' dir='ltr'>ἐξαρνεῖται</span> <span class='ocrx_word' id='word_1_283' title='bbox 1275 2392 1431 2458; x_wconf 80' lang='grc' dir='ltr'>λε’γων</span> <span class='ocrx_word' id='word_1_284' title='bbox 1459 2399 1487 2422; x_wconf 83' lang='grc'><strong>“</strong></span> <span class='ocrx_word' id='word_1_285' title='bbox 1507 2393 1590 2443; x_wconf 81' lang='grc' dir='ltr'>οὐκ</span> <span class='ocrx_word' id='word_1_286' title='bbox 1621 2393 1700 2443; x_wconf 83' lang='grc' dir='ltr'>ἀπ’</span> 
     </span>
     <span class='ocr_line' id='line_1_32' title="bbox 115 2473 1742 2550; baseline -0.005 -18"><span class='ocrx_word' id='word_1_287' title='bbox 115 2488 143 2511; x_wconf 82' lang='grc'><strong>“</strong></span> <span class='ocrx_word' id='word_1_288' title='bbox 167 2480 575 2550; x_wconf 50' lang='grc' dir='ltr'>ἀνθρώπωνξούδε</span> <span class='ocrx_word' id='word_1_289' title='bbox 602 2480 657 2530; x_wconf 89' lang='grc' dir='ltr'>δι’</span> <span class='ocrx_word' id='word_1_290' title='bbox 687 2478 979 2546; x_wconf 82' lang='grc' dir='ltr'>ἀνθρώπου,”</span> <span class='ocrx_word' id='word_1_291' title='bbox 999 2477 1148 2528; x_wconf 88' lang='grc' dir='ltr'>καίτοι</span> <span class='ocrx_word' id='word_1_292' title='bbox 1172 2473 1615 2542; x_wconf 78' lang='grc' dir='ltr'>προκεχειρισμένος</span> <span class='ocrx_word' id='word_1_293' title='bbox 1640 2477 1703 2527; x_wconf 81' lang='grc' dir='ltr'>εἷς</span> <span class='ocrx_word' id='word_1_294' title='bbox 1720 2497 1742 2524; x_wconf 84' lang='lat' dir='ltr'>c</span> 
     </span>
    </p>
   </div>
   <div class='ocr_carea' id='block_1_8' title="bbox 115 2554 1702 2627">
    <p class='ocr_par' dir='ltr' id='par_1_8' title="bbox 115 2554 1702 2627">
     <span class='ocr_line' id='line_1_33' title="bbox 115 2554 1702 2627; baseline -0.006 -13"><span class='ocrx_word' id='word_1_295' title='bbox 115 2561 398 2626; x_wconf 82' lang='grc' dir='ltr'>ἀποστολὴν</span> <span class='ocrx_word' id='word_1_296' title='bbox 439 2561 516 2614; x_wconf 79' lang='grc' dir='ltr'>διὰ</span> <span class='ocrx_word' id='word_1_297' title='bbox 557 2563 721 2626; x_wconf 89' lang='grc' dir='ltr'>Ἰησοῦ</span> <span class='ocrx_word' id='word_1_298' title='bbox 765 2564 1018 2627; x_wconf 85' lang='grc' dir='ltr'>Χριστοῦ;</span> <span class='ocrx_word' id='word_1_299' title='bbox 1075 2559 1123 2609; x_wconf 87' lang='grc' dir='ltr'>τί</span> <span class='ocrx_word' id='word_1_300' title='bbox 1164 2557 1213 2608; x_wconf 81' lang='grc' dir='ltr'>δὲ</span> <span class='ocrx_word' id='word_1_301' title='bbox 1257 2556 1382 2609; x_wconf 79' lang='grc' dir='ltr'>ὅλως</span> <span class='ocrx_word' id='word_1_302' title='bbox 1431 2554 1574 2605; x_wconf 79' lang='grc' dir='ltr'>αὐτὸν</span> <span class='ocrx_word' id='word_1_303' title='bbox 1619 2555 1702 2605; x_wconf 85' lang='grc' dir='ltr'>οὐκ</span> 
     </span>
    </p>
   </div>
   <div class='ocr_carea' id='block_1_9' title="bbox 47 2633 1917 2961">
    <p class='ocr_par' dir='ltr' id='par_1_9' title="bbox 47 2633 1917 2961">
     <span class='ocr_line' id='line_1_34' title="bbox 47 2633 1917 2711; baseline -0.009 -11"><span class='ocrx_word' id='word_1_304' title='bbox 47 2664 96 2700; x_wconf 88' lang='grc' dir='ltr'>3ο</span> <span class='ocrx_word' id='word_1_305' title='bbox 116 2645 281 2698; x_wconf 78' lang='grc' dir='ltr'>εἰδέναι</span> <span class='ocrx_word' id='word_1_306' title='bbox 320 2643 439 2696; x_wconf 80' lang='grc' dir='ltr'>κατὰ</span> <span class='ocrx_word' id='word_1_307' title='bbox 477 2643 636 2711; x_wconf 79' lang='grc' dir='ltr'>σάρκα</span> <span class='ocrx_word' id='word_1_308' title='bbox 674 2643 856 2711; x_wconf 82' lang='grc' dir='ltr'>φησίν;</span> <span class='ocrx_word' id='word_1_309' title='bbox 904 2640 974 2708; x_wconf 77' lang='grc' dir='ltr'>ἆρ’</span> <span class='ocrx_word' id='word_1_310' title='bbox 1009 2641 1103 2703; x_wconf 80' lang='grc' dir='ltr'>οῦν,</span> <span class='ocrx_word' id='word_1_311' title='bbox 1142 2639 1246 2691; x_wconf 80' lang='grc' dir='ltr'>εἶπέ</span> <span class='ocrx_word' id='word_1_312' title='bbox 1273 2660 1366 2701; x_wconf 88' lang='grc' dir='ltr'>μοι,</span> <span class='ocrx_word' id='word_1_313' title='bbox 1405 2636 1489 2688; x_wconf 85' lang='grc' dir='ltr'>τὸν</span> <span class='ocrx_word' id='word_1_314' title='bbox 1527 2635 1701 2702; x_wconf 80' lang='grc' dir='ltr'>ἀγορά-</span> <span class='ocrx_word' id='word_1_315' title='bbox 1764 2633 1917 2708; x_wconf 36' lang='grc' dir='ltr'>ξίῆῗθῖ·</span> 
     </span>
     <span class='ocr_line' id='line_1_35' title="bbox 115 2718 1701 2790; baseline -0.008 -10"><span class='ocrx_word' id='word_1_316' title='bbox 115 2751 272 2780; x_wconf 90' lang='grc' dir='ltr'>σαντα</span> <span class='ocrx_word' id='word_1_317' title='bbox 310 2725 453 2778; x_wconf 75' lang='grc' dir='ltr'>αὐτὸν</span> <span class='ocrx_word' id='word_1_318' title='bbox 492 2724 730 2789; x_wconf 88' lang='grc' dir='ltr'>δεσπότην</span> <span class='ocrx_word' id='word_1_319' title='bbox 768 2722 1042 2790; x_wconf 87' lang='grc' dir='ltr'>ἠρνήσατο;</span> <span class='ocrx_word' id='word_1_320' title='bbox 1083 2720 1148 2785; x_wconf 88' lang='grc' dir='ltr'>μὴ</span> <span class='ocrx_word' id='word_1_321' title='bbox 1183 2720 1380 2786; x_wconf 79' lang='grc' dir='ltr'>γένοιτο,</span> <span class='ocrx_word' id='word_1_322' title='bbox 1409 2723 1578 2787; x_wconf 86' lang='grc' dir='ltr'>φρονεῖ</span> <span class='ocrx_word' id='word_1_323' title='bbox 1606 2718 1701 2785; x_wconf 75' lang='grc' dir='ltr'>γὰρ</span> 
     </span>
     <span class='ocr_line' id='line_1_36' title="bbox 163 2813 1702 2882; baseline -0.007 -24"><span class='ocrx_word' id='word_1_324' title='bbox 163 2836 197 2882; x_wconf 89' lang='lat'>4.</span> <span class='ocrx_word' id='word_1_325' title='bbox 223 2823 325 2858; x_wconf 80' lang='grc' dir='ltr'>αὐτὸν</span> <span class='ocrx_word' id='word_1_326' title='bbox 342 2822 385 2857; x_wconf 86' lang='grc' dir='ltr'>Ε.</span> <span class='ocrx_word' id='word_1_327' title='bbox 404 2822 503 2858; x_wconf 79' lang='grc' dir='ltr'>αὐτὸς</span> <span class='ocrx_word' id='word_1_328' title='bbox 521 2820 587 2855; x_wconf 85' lang='lat' dir='ltr'>Ed.</span> <span class='ocrx_word' id='word_1_329' title='bbox 755 2818 787 2852; x_wconf 91' lang='lat'>6.</span> <span class='ocrx_word' id='word_1_330' title='bbox 814 2818 959 2862; x_wconf 80' lang='grc' dir='ltr'>παρήσω</span> <span class='ocrx_word' id='word_1_331' title='bbox 977 2817 1037 2861; x_wconf 74' lang='grc' dir='ltr'>μὲν</span> <span class='ocrx_word' id='word_1_332' title='bbox 1056 2817 1097 2851; x_wconf 90' lang='grc' dir='ltr'>Ε.</span> <span class='ocrx_word' id='word_1_333' title='bbox 1114 2815 1314 2860; x_wconf 82' lang='grc' dir='ltr'>παρήσομεν</span> <span class='ocrx_word' id='word_1_334' title='bbox 1331 2813 1397 2849; x_wconf 87' lang='lat' dir='ltr'>Ed.</span> <span class='ocrx_word' id='word_1_335' title='bbox 1553 2825 1587 2859; x_wconf 91' lang='lat'>9.</span> <span class='ocrx_word' id='word_1_336' title='bbox 1615 2828 1702 2858; x_wconf 85' lang='grc' dir='ltr'>συγ-</span> 
     </span>
     <span class='ocr_line' id='line_1_37' title="bbox 118 2860 1701 2915; baseline -0.007 -10"><span class='ocrx_word' id='word_1_337' title='bbox 118 2871 289 2915; x_wconf 79' lang='grc' dir='ltr'>κρίνοντος</span> <span class='ocrx_word' id='word_1_338' title='bbox 307 2870 350 2904; x_wconf 85' lang='grc' dir='ltr'>Ε.</span> <span class='ocrx_word' id='word_1_339' title='bbox 496 2879 549 2911; x_wconf 88' lang='lat'>14.</span> <span class='ocrx_word' id='word_1_340' title='bbox 575 2867 849 2909; x_wconf 82' lang='grc' dir='ltr'>ἀποκαταστῆναι</span> <span class='ocrx_word' id='word_1_341' title='bbox 869 2866 910 2899; x_wconf 90' lang='grc' dir='ltr'>Ε.</span> <span class='ocrx_word' id='word_1_342' title='bbox 927 2864 1210 2907; x_wconf 80' lang='grc' dir='ltr'>ἀποκαταστῆσαι</span> <span class='ocrx_word' id='word_1_343' title='bbox 1229 2862 1296 2896; x_wconf 84' lang='lat' dir='ltr'>Ed.</span> <span class='ocrx_word' id='word_1_344' title='bbox 1439 2870 1491 2906; x_wconf 79' lang='lat'>17.</span> <span class='ocrx_word' id='word_1_345' title='bbox 1518 2860 1552 2895; x_wconf 78' lang='grc' dir='ltr'>ἐν</span> <span class='ocrx_word' id='word_1_346' title='bbox 1569 2872 1638 2895; x_wconf 83' lang='lat' dir='ltr'>om.</span> <span class='ocrx_word' id='word_1_347' title='bbox 1659 2861 1701 2895; x_wconf 88' lang='grc' dir='ltr'>Ε.</span> 
     </span>
     <span class='ocr_line' id='line_1_38' title="bbox 123 2907 1700 2961; baseline -0.007 -10"><span class='ocrx_word' id='word_1_348' title='bbox 123 2918 175 2951; x_wconf 83' lang='grc'>18.</span> <span class='ocrx_word' id='word_1_349' title='bbox 202 2917 279 2961; x_wconf 82' lang='grc' dir='ltr'>ἡμῖν</span> <span class='ocrx_word' id='word_1_350' title='bbox 296 2922 516 2960; x_wconf 76' lang='lat' dir='ltr'>assumptum</span> <span class='ocrx_word' id='word_1_351' title='bbox 535 2927 575 2948; x_wconf 81' lang='lat' dir='ltr'>ex</span> <span class='ocrx_word' id='word_1_352' title='bbox 596 2914 636 2948; x_wconf 86' lang='lat' dir='ltr'>E.</span> <span class='ocrx_word' id='word_1_353' title='bbox 830 2923 882 2956; x_wconf 81' lang='lat'>25.</span> <span class='ocrx_word' id='word_1_354' title='bbox 911 2911 1207 2956; x_wconf 74' lang='grc' dir='ltr'>μετασχηματιοῦν</span> <span class='ocrx_word' id='word_1_355' title='bbox 1226 2909 1266 2943; x_wconf 89' lang='grc' dir='ltr'>Ε.</span> <span class='ocrx_word' id='word_1_356' title='bbox 1457 2918 1512 2952; x_wconf 84' lang='lat'>31.</span> <span class='ocrx_word' id='word_1_357' title='bbox 1541 2908 1640 2942; x_wconf 80' lang='grc' dir='ltr'>αὐτὸν</span> <span class='ocrx_word' id='word_1_358' title='bbox 1660 2907 1700 2941; x_wconf 90' lang='grc' dir='ltr'>Ε.</span> 
     </span>
    </p>
   </div>
   <div class='ocr_carea' id='block_1_10' title="bbox 119 2961 952 3059">
    <p class='ocr_par' dir='ltr' id='par_1_10' title="bbox 119 2961 952 3059">
     <span class='ocr_line' id='line_1_39' title="bbox 119 2961 675 3007; baseline -0.009 -9"><span class='ocrx_word' id='word_1_359' title='bbox 119 2964 221 3007; x_wconf 86' lang='grc' dir='ltr'>αυτὴν</span> <span class='ocrx_word' id='word_1_360' title='bbox 238 2963 304 2997; x_wconf 87' lang='lat' dir='ltr'>Ed.</span> <span class='ocrx_word' id='word_1_361' title='bbox 381 2963 522 3007; x_wconf 74' lang='grc' dir='ltr'>φρονεῖν</span> <span class='ocrx_word' id='word_1_362' title='bbox 542 2961 675 3006; x_wconf 48' lang='lat' dir='ltr'><strong>Nligne.</strong></span> 
     </span>
     <span class='ocr_line' id='line_1_40' title="bbox 175 3017 952 3059; baseline -0.009 -9"><span class='ocrx_word' id='word_1_363' title='bbox 175 3022 268 3050; x_wconf 78' lang='lat' dir='ltr'><strong>VOL.</strong></span> <span class='ocrx_word' id='word_1_364' title='bbox 291 3023 340 3050; x_wconf 90' lang='lat'>11.</span> <span class='ocrx_word' id='word_1_365' title='bbox 880 3019 902 3059; x_wconf 80' lang='lat'>3</span> <span class='ocrx_word' id='word_1_366' title='bbox 927 3017 952 3043; x_wconf 80' lang='lat' dir='ltr'>x</span> 
     </span>
    </p>
   </div>
  </div>
 </body>
</html>
