2011 3266
278 125 362 166 270
681 126 730 167 B.
765 126 1042 167 CYRILLI
1082 126 1466 167 ALEXANDR.
1640 121 1865 175 xi.14-16.

279 233 500 299 γενέσθαι
557 239 653 286 τῶν
707 239 962 304 φονευτῶν,
1021 235 1097 286 διὰ
1154 235 1208 287 τὸ
1267 237 1466 299 ποιῆσαι
1529 238 1730 300 πρᾶγμα
1785 232 1869 282 οὐκ

279 315 534 385 ἐπωφελές.

134 469 180 504 14
215 466 261 505 15
282 462 394 505 Τότε
438 459 556 505 εἶπεν
601 459 746 504 αὐτοῖς
795 464 817 506 ὁ
852 463 1021 505 ἸΗσοῦε
1069 461 1283 521 ΠαῤῥΗσίᾳ
1324 462 1510 520 Λάζαρος
1553 461 1757 510 ἀπέθανε,
1800 456 1869 498 καὶ

349 547 486 603 χαίρω
535 546 579 587 δι’
626 547 747 597 ὑμᾶς,
790 546 859 587 ἵνα
903 545 1171 596 ΠιστεύσΗτε,
1211 547 1277 588 ὅτι
1319 546 1396 586 οὐκ
1445 545 1557 593 ἧμι-ιν
1597 540 1701 584 ἐκεῖ.
1755 539 1867 582 ἀλλὰ

349 630 521 679 ἅΓωμεν
558 630 667 686 Πρὸς
705 628 853 674 αὐτόν.
1891 627 1913 666 5

357 737 444 802 Μὴ
477 737 755 802 νοησάντων
782 736 863 787 οὖν
889 740 984 786 τῶν
1009 739 1248 800 μαθητῶν,
1279 734 1350 786 ὅτι
1385 733 1467 785 τὸν
1493 733 1696 785 θάνατον
1724 733 1871 784 ὕπνον

281 818 516 884 ὠνόμασε,
544 817 823 885 λευκότερον
855 818 1077 886 ἐνέφηνεν
1113 817 1269 879 εἰπὼν,
1297 817 1368 868 ὅτι
1398 815 1605 867 ἀπέθανε.
1662 817 1785 883 φησὶ
1824 811 1872 864 δὲ

280 903 444 953 ἑαυτὸν
482 903 673 971 χαίρειν,
713 902 766 951 οὐ
807 899 882 951 διὰ
921 899 1217 969 φιλοδοξίαν,
1258 898 1328 949 ὅτι
1368 898 1540 962 ἔμελλε
1579 900 1777 961 ποιῆσαι
1816 896 1871 947 τὸ

283 988 453 1049 θαῦμα,
507 982 618 1034 ἀλλ’
672 983 742 1034 ὅτι
791 988 930 1033 τοῦτο
978 980 1224 1049 πρόφασις
1275 981 1447 1043 ἔμελλε
1502 981 1719 1046 γίνεσθαι
1775 984 1873 1032 τοῖς

60 1084 152 1119 680
166 1082 217 1118 A.
244 1071 514 1130 αμαθηταῖς
555 1069 618 1119 εἰς
656 1065 833 1117 πίστιν.
887 1064 940 1114 τὸ
981 1064 1029 1114 δὲ
1068 1067 1210 1114 εἰπεῖν
1226 1062 1333 1114 ‘'Om
1367 1067 1443 1114 οὐκ,
1476 1061 1582 1131 ἤμην
1607 1064 1707 1124 ἐκεῖ,
1734 1067 1873 1112 τοῦτο
1896 1074 1944 1099 10

284 1152 436 1213 δηλοῖ.
491 1151 529 1198 εἰ
568 1146 673 1215 ἤμην
712 1148 816 1205 ἐκεῖ,
845 1147 928 1196 οὐκ
967 1146 1166 1209 ἔμελλεν
1198 1144 1530 1209 ἀποθνήσκειν,
1556 1145 1742 1209 ἠλεήσα
1781 1143 1874 1210 γὰρ

282 1229 340 1280 ἂν
367 1229 511 1280 αὑτὸν
537 1229 613 1280 καὶ
650 1229 816 1294 ὀλίγον
839 1228 1096 1292 κάμνοντα·
1139 1232 1221 1278 νῦν
1248 1227 1295 1278 δὲ
1327 1226 1531 1280 ἀπόντος
1555 1229 1667 1290 ἐμοῦ
1693 1227 1874 1290 συνέβη

284 1313 309 1362 ὁ
348 1310 565 1375 θάνατος,
600 1312 676 1362 ἵνα
714 1309 995 1375 ἀναστήσας
1034 1308 1189 1371 αὐτὸν,
1227 1307 1445 1375 μεγάλην
1485 1311 1591 1373 ὑμῖν
1628 1309 1874 1372 ἐμποιήσω

283 1394 370 1458 τὴν
403 1392 640 1462 ὠφέλειαν
671 1392 748 1444 διὰ
787 1396 869 1456 τῆς
910 1396 971 1446 εἰς
1011 1390 1090 1455 ἐμὲ
1128 1392 1349 1445 πίστεως.
1405 1397 1554 1442 ταῦτα
1593 1390 1642 1441 δὲ
1681 1390 1810 1457 λέγει
1848 1391 1874 1441 ὃ

285 1474 514 1541 Χριστὸς,
543 1476 630 1543 οὐχ
659 1477 722 1528 ὡς
755 1474 860 1525 τότε
893 1473 1039 1538 μόνον
1067 1474 1317 1536 δυνάμενος
1355 1473 1413 1524 τὰ
1441 1476 1678 1540 θεοπρεπῆ
1704 1478 1871 1535 ποιεῖν,
1898 1488 1945 1527 15

285 1557 400 1608 ὅταν
440 1561 587 1625 παρῇ·
656 1556 768 1607 ἀλλ’
810 1557 997 1622 ἐπείπερ
1039 1559 1077 1606 εὶ
1117 1558 1288 1621 παρῆν,
1334 1556 1416 1606 οὐκ
1462 1554 1519 1606 ἂν
1563 1559 1749 1621 παρεῖδε
1792 1553 1876 1605 τὸν

287 1641 434 1708 φίλον
473 1641 558 1694 ἕως
597 1638 802 1690 θανάτου
841 1637 1275 1699 καταβιβασθὲντα.
1345 1637 1398 1688 τὸ
1438 1637 1493 1687 δέ
1516 1635 1729 1705 ’Ἄγωμεν
1768 1636 1876 1707 πρὶς

240 1724 427 1785 ὒαύτὶν,
468 1724 531 1775 ὡς
568 1721 688 1788 πρὸς
733 1720 882 1787 ζῶντά
926 1724 1067 1788 φησι·
1126 1718 1242 1785 ζῶσι
1282 1718 1376 1786 γὰρ
1415 1720 1541 1788 αὐτῷ
1583 1722 1644 1773 ὡς
1684 1722 1794 1788 Θεῷ
1833 1722 1876 1769 οἱ

289 1806 453 1871 νεκροὶ,
494 1806 556 1858 ὡς
593 1802 851 1867 μέλλοντες
890 1801 1062 1869 ζήσειν.

222 1983 268 2019 16
293 1975 420 2021 Εἶπεν
454 1976 527 2020 οὖν
561 1979 721 2028 Θωμᾶς
759 1979 782 2021 ὁ
820 1980 1050 2028 λεΓόμενοε
1074 1978 1258 2027 Δίδυμος
1291 1976 1378 2020 τοῖς
1413 1975 1707 2027 συμμαΘΗτοιῖε
1745 1978 1874 2020 αὐτοῦ
1899 1983 1949 2010 20

466 2063 660 2111 ἈΓωμεν
700 2062 768 2103 καὶ
807 2059 943 2114 ἡμεῖς,
980 2062 1048 2103 ἵνα
1088 2062 1378 2111 ἀποθάνωμεν
1415 2062 1499 2110 μετ’
1544 2062 1689 2103 αὐτοῦ.

362 2174 426 2223 Ὁ
467 2179 550 2224 τοῦ
590 2177 745 2236 Θωμᾶ
789 2171 934 2238 λόγος·
975 2171 1068 2239 ε”χει
1107 2171 1193 2235 μὲν
1230 2172 1513 2237 προθυμίαν·
1571 2171 1664 2238 ἔχει
1708 2169 1756 2221 δὲ
1802 2171 1878 2220 καὶ

291 2256 482 2317 δειλίαν,
523 2257 600 2305 καὶ
638 2253 803 2320 γέγονε
841 2253 926 2317 μὲν
964 2255 1014 2304 ἐκ
1053 2253 1280 2320 φιλοθέου
1320 2252 1637 2321 φρονήματος,
1677 2275 1876 2303 κατακε-

292 2335 521 2403 κέρασται
560 2335 608 2387 δὲ
647 2339 706 2403 τῇ
749 2335 1073 2404 ὀλιγοπιστίᾳ.
1127 2337 1476 2403 ἀπολειφθῆναι
1516 2334 1608 2401 γὰρ
1647 2335 1730 2384 οὐκ
1768 2333 1873 2384 ἀνέ-

342 2477 375 2511 3.
401 2464 706 2510 Τότε-παρρησίᾳ
725 2469 947 2508 assumptum
965 2475 1006 2497 ex
1025 2464 1093 2497 a.k.
1191 2473 1273 2508 3—5.
1292 2463 1374 2497 Ver.
1394 2472 1432 2506 15
1453 2462 1572 2497 addidi
1590 2475 1607 2496 e
1625 2463 1673 2502 k.,
1692 2462 1828 2496 favente
1846 2474 1878 2496 a.

294 2513 348 2547 καὶ
365 2513 406 2547 τὰ
423 2514 498 2557 ἑξῆς
518 2511 584 2546 Ed.
751 2511 783 2544 8.
810 2511 848 2543 τὸ
866 2522 935 2545 om.
954 2522 1002 2544 m.
1171 2521 1224 2544 10.
1251 2510 1303 2544 ὅτι
1320 2522 1390 2544 om.
1410 2522 1457 2545 m.
1627 2521 1679 2543 11.
1707 2509 1812 2552 δῆλον
1829 2521 1877 2544 m.

298 2571 351 2593 12.
378 2560 417 2593 ἂν
434 2564 658 2603 assumptum
675 2569 717 2592 ex
735 2558 855 2592 a.k.m.
1011 2568 1064 2602 13.
1090 2556 1273 2600 ἀναστήσω
1292 2569 1338 2591 m.
1498 2567 1551 2598 14.
1578 2556 1798 2591 ἀναστάσεως
1815 2567 1878 2600 pro

293 2607 341 2642 εἷς
359 2606 415 2650 ἐμὲ
432 2606 581 2640 πίστεως
597 2617 644 2640 m.
858 2602 911 2637 16.
941 2602 997 2638 ὅτε
1014 2615 1095 2637 a.m.
1115 2603 1195 2637 ὅταν
1213 2604 1342 2637 habent
1360 2604 1393 2638 k.
1414 2603 1491 2637 Cat.
1512 2603 1610 2637 Harl.
1700 2603 1752 2636 καὶ
1769 2603 1879 2646 παρῆν

295 2656 493 2695 σωματικῶς
511 2664 572 2697 pro
588 2653 679 2696 παρῇ
697 2663 746 2685 m.
882 2659 935 2695 17.
962 2651 1259 2691 καταβιβασθέντα
1277 2650 1333 2684 hic
1351 2650 1423 2684 des.
1442 2662 1503 2690 m.,
1522 2649 1681 2683 Andreae
1701 2649 1878 2683 Cretensis

294 2711 336 2733 ex
355 2711 515 2733 sermone
532 2700 569 2732 in
588 2699 759 2732 Lazarum
777 2695 1061 2742 quadriduanum
1080 2699 1136 2740 (ut
1152 2698 1188 2731 in
1205 2697 1368 2741 operibus
1392 2710 1426 2741 p.
1442 2697 1502 2739 61)
1520 2697 1677 2730 scholion
1697 2695 1878 2738 exhibens,

295 2746 353 2779 cui
371 2746 436 2780 sub
456 2746 523 2779 fine
541 2745 687 2790 subjecit
703 2745 742 2778 τὸ
760 2744 798 2778 δέ
813 2742 973 2788 ’Ἄγωμεν
989 2745 1074 2789 πρὸς
1091 2743 1375 2787 αὐτὸν-ζὴσειν;
1402 2755 1490 2788 quae
1513 2749 1630 2776 tamen
1656 2743 1691 2776 in
1718 2753 1879 2776 sermone

296 2792 497 2836 supradicto
522 2803 594 2825 non
617 2790 762 2836 reperio.
813 2790 868 2824 Cf.
886 2791 921 2823 in
941 2790 1106 2824 Cramero
1128 2804 1162 2836 p.
1176 2790 1256 2835 316,
1274 2790 1380 2824 verba
1403 2790 1579 2823 simillima
1601 2788 1772 2834 quaedam
1791 2789 1877 2821 Am-

296 2839 414 2872 monio
432 2839 572 2872 tributa.
768 2848 823 2871 20.
850 2838 867 2870 ὁ
884 2838 1216 2881 λεγόμενος-αὐτοῦ
1234 2843 1457 2881 assumptum
1476 2848 1516 2870 ex
1535 2836 1605 2870 a.k.
1623 2837 1641 2869 ὁ
1659 2841 1738 2869 ante
1757 2836 1877 2877 Θωμᾶς

296 2885 472 2928 praemisit
490 2884 556 2919 Ed.
607 2883 771 2918 Scholion
794 2883 859 2918 hoc
878 2883 972 2928 quod
991 2884 1148 2928 sequitur
1165 2895 1236 2917 non
1254 2884 1393 2918 exhibet
1410 2895 1457 2916 m.
1615 2892 1668 2915 22.
1693 2880 1750 2926 Ὁ]
1773 2880 1875 2914 Prae-

296 2930 440 2965 mittunt
457 2931 547 2965 ἀλλὰ
565 2932 630 2977 γὰρ
648 2931 717 2965 a-k.
861 2941 917 2975 23.
943 2930 1142 2975 κεκέρασται
1159 2931 1228 2965 a.k.
