1971 3272
95 127 234 180 ix.17.
338 131 410 171 IN
454 130 496 170 S.
531 130 867 170 JOANNEM.
933 129 1056 168 LIB.
1085 129 1159 167 vl.
1223 128 1357 167 (ἈΙ).
1397 128 1426 166 Ι.
1605 128 1673 164 171

94 240 315 302 ἀληθείας
349 240 472 306 ὅρων
507 242 590 290 οὐκ
625 242 878 308 ἀποφοιτᾷ.
930 239 1124 288 δείλαιοι
1160 241 1410 302 τοιγαροῦν
1443 239 1517 285 καὶ
1555 237 1675 283 ἀλα-

95 319 220 385 ζόνες
247 325 288 372 οἱ
316 326 584 387 Φαρισαῖοι,
611 321 719 375 τοῦς
746 321 830 384 μὲν
855 321 973 386 ὀρθὰ
1000 323 1074 370 καὶ
1104 323 1293 387 φρονεῖν
1321 317 1569 380 ἑλομένους
1607 319 1680 367 καὶ
1701 326 1728 366 d

95 402 264 467 λέγειν,
299 406 582 471 παραπαίειν
615 404 876 469 ἡγούμενοι,
911 401 1310 467 ε’παναγκάζοντες
1348 399 1395 450 δέ
1436 402 1510 449 καὶ
1551 396 1580 449 ἃ.
1618 399 1682 461 μὴ

97 485 224 547 θέμις
251 489 394 537 εἰπεῖν
419 489 524 552 περὶ
565 493 648 537 τοῦ
683 485 966 553 παραδόξως
1003 489 1065 537 εἱς
1100 483 1159 534 τὰ
1193 482 1304 549 παρ’
1333 483 1502 532 ἐλπίδα
1541 480 1681 531 καλέ-

54 579 76 617 5
96 589 272 621 σαντος
306 568 389 619 τὸν
415 569 599 632 ἕτοιμον
624 568 709 632 μέν
735 572 796 622 εἰς
828 567 1143 634 εὐχαριστίας,
1167 563 1306 631 ε’γγῦς
1343 563 1388 615 δὲ
1425 564 1512 627 ἤδη
1552 571 1680 626 λαμ-

95 654 218 715 πρᾶς
244 650 542 716 ἐπιγνώσεως
569 649 645 701 διὰ
671 656 753 700 τοῦ
779 649 1055 716 παραδόξου
1082 648 1406 713 γεγενημένον.

472 809 526 850 ‘O
566 809 611 850 δὲ
650 805 767 851 εἶπεν
806 810 869 851 ὅτι
908 810 1137 865 ΠροφήτΗε
1176 807 1303 850 ἐστίν.

174 922 298 990 Ὀξῦ
333 922 453 973 κατὰ
487 924 678 990 καρδίας
714 923 928 990 δέχονται
961 921 1109 983 βέλος
1145 925 1186 973 οἱ
1222 921 1304 972 τὸν
1336 920 1477 988 ὀρθὸν
1504 920 1586 984 μὲν
1613 923 1687 971 καὶ

100 1004 276 1054 δίκαιον
301 1006 354 1055 οὐ
379 1006 679 1071 προσιέμενοι
706 1005 867 1071 λόγον,
894 1004 1040 1068 μόνον
1065 1003 1113 1055 δὲ
1139 1003 1193 1054 τὸ
1229 1009 1294 1072 τῷ
1331 1002 1493 1072 φθόνῳ
1521 1006 1687 1054 δοκοῦν
1707 1024 1727 1049 e

32 1106 80 1131 10
100 1090 338 1153 θηρᾶσθαι
374 1086 730 1153 σπουδάζοντες·
790 1095 815 1117 “
840 1088 916 1138 Οὐ
954 1087 1047 1153 γὰρ
1085 1087 1369 1155 ἐπιτεύξεται
1409 1085 1566 1140 δόλιος
1605 1083 1688 1149 θή-
1750 1078 1911 1163 ξζῨν·Χίἰ“

101 1176 128 1199 “
152 1169 280 1236 ρας,”
309 1169 430 1220 κατὰ
461 1168 515 1221 τὸ
551 1170 896 1237 γεγραμμένον.
951 1169 1274 1235 περιτρέπεται
1313 1168 1407 1235 γὰρ
1436 1171 1592 1221 αὐτοῖς
1627 1171 1689 1221 εἷς

99 1250 154 1302 τὸ
198 1251 329 1317 παρὰ
372 1252 565 1318 γνώμην
609 1252 663 1304 τὸ
709 1252 1019 1315 σπούδασμα,
1063 1253 1139 1302 καὶ
1190 1250 1316 1302 πολὺ
1367 1254 1449 1313 τῆς
1501 1249 1691 1303 ἐλπίδος

101 1331 396 1403 ἐσφάλησαν
421 1333 660 1398 ἀδοκήτως
694 1337 982 1387 ἀκούσαντες
999 1333 1108 1385 ’Ότι
1142 1335 1363 1403 προφήτης
1396 1332 1504 1382 ἐστί.
1561 1354 1686 1394 συμ-

103 1421 271 1484 φρονεῖ
298 1415 391 1483 γὰρ
426 1421 521 1470 τοῖς
552 1415 721 1472 ἄλλοις
756 1415 932 1484 ἄριστά
967 1440 1020 1483 γε
1057 1420 1205 1468 ποιῶν
1232 1417 1256 1466 ὁ
1283 1414 1689 1481 τεθεραπευμένος.

37 1516 83 1554 15
104 1501 146 1549 οἱ
172 1497 256 1562 μὲν
282 1498 375 1564 γὰρ
402 1500 485 1549 οὐκ
512 1498 749 1553 ἀσυνέτως
777 1498 863 1563 τὴν
882 1504 962 1550 τοῦ
988 1499 1268 1566 πράγματος
1296 1497 1447 1565 φύσιν
1471 1500 1690 1559 διεσκεμ-

104 1580 247 1644 μένοι,
281 1580 533 1648 ἄνθρωπον
574 1580 861 1647 ἁμαρτωλὸν
899 1580 1044 1645 μηδὲν
1082 1585 1177 1631 τῶν
1208 1579 1432 1631 τοιούτων
1463 1577 1695 1629 δύνασθαι

106 1665 220 1729 δρᾶν
244 1664 603 1731 ἀποφαίνονται’
649 1665 673 1714 ὁ
702 1663 750 1714 δὲ
777 1665 848 1732 ἐφ’
879 1661 915 1733 ᾧ
942 1664 996 1713 τὸ
1023 1667 1181 1724 θαῦμα
1207 1661 1493 1722 τετέλεσται,
1521 1683 1690 1724 μονον·
1713 1683 1733 1707 a
1773 1673 1851 1707 612
1865 1671 1918 1706 Α.

107 1746 210 1812 ουχὶ
259 1744 345 1809 τὴν
390 1746 438 1796 ἐν
483 1746 666 1799 ἐκείνοις
719 1746 915 1810 γνώμην
960 1749 1241 1813 ἷχνηλατῶν,
1286 1742 1539 1811 προφήτην
1584 1740 1701 1793 εἶναί

109 1832 275 1893 φησιν,
301 1829 429 1878 οὕπω
460 1827 544 1891 μὲν
570 1829 775 1894 ἀκριβῶς
810 1828 878 1881 τίς
913 1828 1017 1877 ε’στι
1053 1826 1173 1877 κατὰ
1207 1825 1432 1890 ἀλήθειαν
1458 1824 1692 1887 ἐκμαθὼν,

40 1931 89 1955 20
109 1909 394 1978 τετριμμένῳ
427 1912 475 1960 δέ
508 1909 638 1976 παρὰ
673 1914 769 1962 τοῖς
794 1908 1034 1962 Ἰουδαίοις
1067 1907 1400 1972 ἀκολουθήσας
1431 1906 1692 1973 πράγματι.

109 1988 167 2053 ἦν
197 1989 290 2056 γὰρ
325 1993 479 2045 αὐτοῖς
518 1994 565 2042 ἐν
596 1991 687 2042 ἔθει
724 1990 974 2059 προφήτας
1014 1993 1273 2041 ἀποκαλεῖν
1303 1989 1410 2043 τους·
1449 2011 1696 2054 τερατουρ-

110 2071 236 2138 γοῦς,
264 2075 325 2127 ὡς
351 2074 424 2142 ἐφ’
454 2072 665 2139 ἁγιότητι
692 2072 1099 2139 μαρτυρουμένους
1126 2071 1202 2122 διὰ
1228 2077 1366 2122 τοῦτο
1392 2070 1521 2136 παρὰ
1550 2074 1691 2121 Θεοῦ.

112 2154 252 2221 ὅνπερ
279 2155 361 2205 οὖν
383 2154 560 2222 τρόπον
587 2156 745 2205 ἐκεῖνοι
771 2160 1012 2207 ποιοῦντες
1048 2155 1199 2220 ὀρθῶς
1224 2154 1306 2203 οὐκ
1342 2156 1466 2203 αἰδοῖ
1495 2155 1552 2220 τῇ
1589 2154 1694 2218 περὶ

111 2235 165 2287 τὸ
191 2236 446 2299 σάββατον
470 2236 525 2287 τὸ
559 2240 643 2301 τῆς
679 2238 958 2300 θεοσημείας
993 2234 1270 2302 ἀτιμάζουσι
1306 2234 1516 2300 μέγεθος,
1544 2233 1620 2284 διά
1644 2257 1693 2285 τε
1711 2244 1739 2285 b

45 2337 93 2376 25
113 2324 251 2374 τοῦτο
297 2321 373 2369 καὶ
413 2319 642 2384 ἁμαρτίας
686 2320 959 2370 ἀνυπαίτιον
996 2322 1244 2372 παντελῶς
1285 2315 1403 2367 εἷναί
1444 2321 1567 2384 φασι
1614 2315 1697 2367 τὸν

112 2399 445 2468 ἐνεργήσαντα·
485 2399 567 2452 τὸν
594 2399 735 2452 αὐτὸν
762 2398 890 2464 οἶμαι
927 2402 1002 2451 καὶ
1037 2400 1172 2453 οὗτος
1204 2398 1380 2466 τρόπον
1411 2397 1497 2463 τὴν
1524 2400 1597 2450 ἐπὶ
1632 2402 1699 2467 τῷ

113 2482 351 2553 σαββάτῳ
394 2483 743 2550 σμικρολογίαν
785 2482 1144 2549 παρωσάμενος,
1187 2480 1274 2545 τὴν
1314 2483 1389 2531 ἐπὶ
1433 2486 1528 2534 τοῖς
1571 2481 1700 2541 ἀμεί-

115 2589 250 2616 νοσιν
273 2565 494 2628 ἀπονέμει
521 2564 668 2633 δόξαν
693 2568 759 2634 τῷ
793 2563 847 2615 τὸ
883 2564 1080 2625 βλέπειν
1105 2561 1439 2631 δωρησαμένῳ,
1466 2561 1519 2612 ὃν
1546 2564 1621 2611 καὶ
1652 2562 1700 2611 ἐν

164 2718 197 2750 9.
222 2708 325 2750 μόνον
342 2705 506 2739 emendat
526 2705 656 2750 Heyse.
673 2707 774 2748 μόνος
793 2705 835 2739 Β.
853 2705 944 2751 μόνῳ
964 2703 1031 2737 Ed.
1104 2704 1142 2736 τὸ
1160 2714 1227 2736 ass,
1247 2714 1287 2735 ex
1309 2702 1351 2735 B.
1526 2710 1579 2733 ΙΙ.
1604 2714 1699 2743 περι-

116 2753 274 2797 τρέπεται
294 2752 335 2786 Β.
354 2752 604 2796 παρα-τρέπεται
624 2751 741 2785 Holst.
764 2751 830 2785 Ed.
1010 2759 1062 2792 15.
1088 2750 1148 2783 οὐκ
1165 2748 1334 2783 ἀσυνέτως
1350 2748 1410 2791 τὴν
1426 2749 1486 2780 τοῦ
1503 2747 1700 2791 πράγματος

117 2799 227 2845 φύσιν
243 2799 310 2833 hoc
328 2798 449 2832 ordine
470 2799 511 2832 Β.
530 2799 589 2831 οὐκ
606 2798 777 2832 ἀσυνέτως
794 2796 1000 2854 post‘qbfnrw
1018 2802 1060 2829 tr.
1081 2795 1147 2829 Ed.
1333 2805 1387 2828 22.
1414 2794 1458 2828 ὡς
1476 2792 1530 2838 ἐφ’
1549 2792 1700 2836 ἁγιότητι

119 2845 281 2880 emendat
301 2846 429 2890 Heyse.
450 2847 596 2889 ὁσεπαγι
619 2844 670 2878 ὅτι
693 2859 724 2878 τι
745 2844 786 2878 Β.
806 2844 850 2878 ὡς
869 2857 1006 2888 επαγειν
1023 2842 1074 2876 ὅτι
1091 2857 1122 2876 τι
1142 2841 1205 2875 Ht.
1225 2841 1269 2876 ὡς
1286 2841 1365 2883 (nec
1391 2841 1492 2885 plura
1517 2839 1665 2877 addens)
1684 2850 1702 2872 e

121 2891 198 2926 Cat.
217 2892 317 2925 Harl.
337 2898 375 2925 ut
393 2891 536 2925 adnotat
553 2891 627 2935 ipse
645 2891 739 2925 Aub.
792 2890 876 2925 Post
895 2892 983 2924 Θεοῦ
1004 2896 1132 2929 autem,
1150 2888 1257 2923 verba
1275 2887 1327 2922 ὅτι
1344 2887 1466 2932 ἀγαθοί
1483 2886 1571 2920 εἰσιν
1588 2897 1605 2920 e
1625 2885 1701 2919 Cat.

123 2937 222 2973 Harl.
241 2938 374 2973 addidit
392 2938 487 2973 Aub.
506 2944 538 2972 et
556 2938 604 2972 ita
621 2950 651 2972 a.

879 3004 946 3033 Z2
