1971 3272
72 152 242 207 viii-35·
329 156 398 195 IN
442 157 484 196 s.
519 157 857 197 JOANNEM.
920 158 1043 197 ΜΒ.
1072 158 1120 197 v.
1183 159 1314 197 ων.
1344 159 1390 197 v.
1596 160 1648 197 617

70 261 314 328 ἄχρηστόν
339 287 387 314 τε
415 268 489 315 καὶ
514 267 808 328 άτιμώτατον
834 271 1003 318 σκεῦος
1030 264 1372 332 ἐξωσθήσεται·
1409 265 1649 330 εἰσδεχθή-
1671 283 1691 305 <³

69 365 205 394 σεται
238 345 284 395 δὲ
317 348 392 396 καὶ
423 349 470 396 ἐν
497 349 613 414 αὐτῇ
639 351 844 410 διαμενεῖ
866 352 958 400 πᾶς
985 348 1009 396 ὁ
1036 351 1171 406 βιοῦν
1197 348 1346 411 ὀρθῶς
1373 345 1647 409 ἀγαπήσας,

69 425 117 473 ἐν
144 428 254 479 υἱοῖς
279 450 327 478 τε
356 428 430 478 διὰ
457 435 595 479 τοῦτο
620 429 1025 493 κατατεταγμένος
1053 432 1192 478 Θεοῦ.
1252 426 1370 480 εἰκὸς
1406 427 1453 477 δὲ
1490 427 1559 476 ὅτι
1595 427 1653 476 τὰ

68 513 260 557 τοιαῦτα
298 510 454 574 λε’γων
492 512 516 560 ὁ
560 510 733 576 Κύριος
772 513 847 560 καὶ
888 510 1207 560 ὑπαινίττεταί
1240 532 1340 562 πως
1379 510 1547 569 αὐτοῖς,
1583 509 1653 558 ὅτι

26 594 48 632 5
69 586 154 650 τὴν
181 589 256 639 διὰ
281 591 487 645 πίστεως
513 592 781 658 ἐλευθερίαν
807 593 859 642 οὐ
890 592 1256 657 προσηκάμενοι,
1283 590 1472 643 πάντως
1505 591 1654 653 δήπου

69 671 142 719 καὶ
170 673 252 733 τῆς
278 675 400 737 ἱερᾶς
427 696 475 723 τε
504 676 579 724 καὶ
606 675 731 727 θείας
766 675 914 737 αὐλῆς
945 672 1290 742 ε’ξοιχήσονται,
1317 673 1546 732 τουτέστι,
1573 674 1654 734 τῆς

68 750 375 816 Ἐκκλησίας,
403 754 524 805 κατὰ
559 754 612 806 τὸ
649 757 703 805 δι’
733 754 833 808 ἑνός
871 778 963 806 που
1003 759 1097 805 τῶν
1127 759 1386 820 προφητῶν
1417 753 1655 819 εἰρημένον

69 839 96 861 “
122 832 210 884 Ἐκ
248 842 331 886 τοῦ
370 837 497 887 οἴκου
535 860 626 900 μου
668 838 859 898 ἐκβαλῶ
901 836 1113 889 αὐτούς.”
1168 836 1238 885 ὅτι
1278 834 1372 900 γὰρ
1411 839 1472 887 εὶς
1509 835 1654 900 πέρας

68 916 223 969 αὐτοῖς
260 915 313 968 τὸ
347 917 751 985 προαναφωνηθὲν
789 918 1055 982 ἐκβέβηκεν,
1083 916 1200 980 αὐτὴ
1233 921 1327 967 τῶν
1361 916 1653 982 πραγμάτων

3 997 96 1060 ῙΟὴ
137 998 283 1064 φύσις
322 1000 695 1066 διαμαρτύρεται·
743 1008 769 1028 “
795 1001 1120 1064 Ἐγκατελίπη
1156 997 1241 1061 μὲν
1268 997 1361 1064 γὰρ
1387 998 1414 1061 ἡ
1443 997 1653 1064 θυγάτηρ

68 1084 96 1107 “
124 1079 248 1130 Σιὼν
286 1083 346 1134 ὡς
385 1082 538 1145 σκηνὴ
578 1084 627 1132 ἐν
662 1084 922 1144 ἀμπελῶνι,
958 1086 1033 1132 καὶ
1072 1083 1132 1134 ὡς
1172 1078 1569 1147 ὀπωροφυλάκιον
1607 1082 1655 1130 ἐν

69 1167 96 1189 “
122 1161 432 1232 σικυηράτῳ,”
462 1163 584 1214 καθὰ
625 1163 906 1230 γέγραπται·
963 1163 1177 1214 πέπτωκε
1219 1161 1268 1211 δὲ
1307 1164 1382 1212 καὶ
1422 1161 1654 1226 καθηρέθη

68 1249 313 1297 παντελῶς
350 1246 375 1295 ὁ
412 1245 533 1307 ναὸς,
562 1247 637 1295 καὶ
671 1246 800 1295 αὐτοὶ
832 1243 918 1308 μὲν
945 1245 1036 1312 ἔξω
1065 1242 1321 1309 γεγόνασιν
1352 1247 1394 1293 οὐ
1420 1244 1655 1305 μείναντες

69 1325 108 1375 ἐν
134 1326 259 1395 αὐτῷ
295 1332 353 1381 εἰς
385 1327 451 1377 τὶν
479 1326 627 1388 αἰῶνα,
655 1327 890 1390 ἁντανέβη
926 1326 973 1376 δὲ
1010 1326 1173 1391 ὥσπερ
1209 1327 1284 1375 καὶ
1319 1324 1654 1390 ἀντεγήγερται

3 1418 48 1456 15
69 1407 145 1457 διὰ
172 1407 388 1474 Χριστὸν
416 1409 442 1470 ἡ
474 1409 530 1476 ἐξ
562 1410 707 1458 ἐθνῶν
732 1408 1015 1471 Ἐκκλησία,
1042 1408 1089 1457 ἐν
1115 1408 1233 1474 αὐτῇ
1268 1429 1314 1456 τε
1352 1406 1546 1469 με’νουσι
1580 1405 1655 1455 διὰ

67 1488 243 1543 παντὸς
289 1492 330 1540 οἱ
375 1489 494 1555 πρὸς
536 1488 620 1554 τὴν
665 1491 794 1540 θείαν
840 1489 1079 1540 υἱοθεσίαν
1124 1489 1403 1552 κεκλημένοι
1448 1486 1523 1538 διὰ
1573 1490 1656 1550 τῆς

68 1572 291 1625 πίστεως·
347 1571 640 1622 πεπαύσεται
685 1570 780 1637 γὰρ
825 1572 1055 1633 οὐδαμῶς,
1095 1571 1206 1620 ἀλλ’
1249 1569 1352 1620 οὐδὲ
1398 1568 1654 1637 καταλήξει

67 1652 182 1703 ποτὲ
233 1656 315 1717 τῆς
357 1654 650 1717 Ἐκκλησίας
698 1652 752 1704 τὸ
803 1652 1041 1720 καύχημα·
1099 1655 1145 1702 αἱ
1190 1651 1283 1717 γὰρ
1327 1655 1422 1702 τῶν
1466 1650 1654 1701 δικαίων

68 1737 222 1802 ψυχαὶ
264 1740 358 1786 τῶν
399 1736 614 1800 ἐπιγείων
655 1735 957 1800 ἀπαίρουσαι,
997 1732 1116 1800 πρὸς
1157 1732 1241 1797 τὴν
1284 1732 1380 1782 ἄνω
1425 1732 1652 1797 μεθορμί-

2 1831 51 1856 20
71 1815 225 1882 ζονται
262 1816 406 1868 πόλιν
442 1816 526 1880 τὴν
558 1816 833 1883 ἐπουράνιον
859 1815 1182 1882 Ἰερουσαλὴμ
1220 1814 1305 1878 τὴν
1339 1818 1433 1865 τῶν
1462 1835 1652 1878 πρωτο-

69 1897 220 1949 τόκων
250 1899 523 1963 ἐκκλησίαν,
549 1906 575 1928 “
596 1898 628 1962 ἥ
663 1921 731 1951 τις
768 1899 871 1948 ἐστὶ
909 1897 1065 1963 μήτηρ
1103 1896 1266 1960 ἡμῶν”
1296 1895 1414 1946 κατὰ
1452 1894 1538 1959 τὴν
1573 1900 1657 1945 τοῦ

72 1980 274 2030 Παύλου
300 1980 478 2048 φωνήν.

46 2073 51 2077 “
142 2059 337 2124 Ἐπειδὴ
373 2062 428 2111 δέ
456 2084 558 2114 πως
590 2063 665 2112 καὶ
700 2060 783 2111 τὸν
819 2062 924 2125 περὶ
959 2062 1042 2124 τῆς
1078 2061 1291 2113 δουλείας
1323 2057 1657 2123 βασανίζοντες

70 2142 240 2208 λόγον,
290 2145 365 2193 καὶ
416 2141 492 2192 διὰ
542 2141 720 2195 παντὸς
768 2140 947 2206 τρόπου
989 2140 1076 2205 τὴν
1120 2140 1344 2205 ἀλήθειαν
1389 2142 1658 2206 ὶχνηλατεῖν

3 2236 51 2273 25
71 2224 359 2292 γλιχόμενοι,
378 2226 452 2274 καὶ
480 2223 621 2274 αὐτὸν
646 2225 694 2274 ἐν
721 2223 909 2275 δούλοις
937 2222 1306 2286 κατωνομάσθαι
1331 2220 1413 2272 τὸν
1432 2219 1658 2285 “Αβραάμ

70 2305 330 2372 εἰρήκαμεν,
357 2305 460 2356 οὐδὲ
486 2304 540 2356 τὸ
568 2305 711 2355 αὐτοῦ
733 2302 998 2370 πρόσωπον
1025 2304 1116 2371 ἔξω
1151 2302 1351 2356 τιθέντες
1382 2305 1463 2365 τῆς
1489 2303 1537 2351 ἐν
1563 2305 1658 2354 τοῖς

71 2387 345 2452 θεωρήμασι
385 2389 658 2452 περιβολῆς,
700 2384 776 2436 διὰ
817 2385 871 2435 τὸ
915 2385 1221 2451 γενικώτερον
1266 2387 1482 2450 εἰρῆσθαι
1527 2382 1657 2447 παρὰ

267 2475 286 2484 Α

1718 835 1799 865 Hos.
1818 836 1858 865 ix.

1673 922 1699 961 d

1717 1011 1802 1042 Em.
1815 1014 1843 1042 8.

1673 1670 1694 1696 Θ

1717 1891 1790 1922 Gal.
1811 1891 1852 1923 iv.

1720 1934 1768 1965 26.

70 2472 288 2533 Χριστου
329 2475 356 2497 “
381 2472 486 2521 Πᾶς
531 2469 556 2518 ὁ
601 2471 749 2518 ποιῶν
792 2465 877 2529 τὴν
923 2466 1155 2530 ἁμαρτίαν
1200 2464 1368 2518 δοῦλός
1420 2466 1522 2514 ἐστι
1573 2466 1692 2525 τῆςε
1731 2481 1876 2514 541Α.

71 2557 98 2580 “
125 2550 400 2616 ἁμαρτίας·”
455 2549 566 2617 φέρε
606 2547 662 2612 δὴ
703 2547 851 2599 πάλιν
890 2551 987 2599 τοῖς
1025 2547 1200 2596 ἑαυτῶν
1239 2546 1455 2608 ἑπόμενοι
1493 2544 1655 2608 λόγοις

122 2684 154 2707 2.
181 2671 235 2717 δὲ]
256 2672 303 2707 εἷς
325 2672 384 2715 τὴν
401 2672 467 2704 ἅνω
491 2671 595 2714 μονὴν
616 2682 634 2704 e
653 2669 731 2705 Cat.
753 2669 852 2703 Harl.
872 2668 1006 2702 addidit
1025 2668 1118 2701 Aub.
1138 2668 1184 2702 εἷς
1208 2667 1266 2701 τὰς
1289 2667 1354 2699 ἅνω
1377 2666 1479 2708 μονάς
1501 2676 1530 2698 a.
1582 2664 1656 2698 Ab·

72 2719 207 2754 breviat
225 2724 342 2751 autem
361 2717 522 2750 Niketas.
681 2727 714 2760 3.
741 2714 1028 2759 κατατεταγμένος
1048 2714 1122 2747 ss.a.
1142 2712 1431 2756 καταλελεγμένος
1451 2710 1569 2744 Holst.
1589 2710 1656 2745 Ed.

74 2766 108 2800 6.
135 2763 394 2808 ἕξωσθήσονται
412 2775 442 2796 a.
462 2762 539 2796 Cat.
559 2761 660 2795 Harl.
841 2773 873 2805 9.
899 2759 1189 2803 προαναφωνηθέν
1210 2758 1250 2792 Β.
1268 2757 1488 2800 ἀναφωνηθέν
1507 2757 1570 2791 Ht.
1592 2756 1658 2790 Ed.

78 2822 131 2846 10.
158 2810 362 2856 ἐγκατελίπη
386 2808 548 2843 emendat
569 2808 697 2852 Heyse.
715 2806 946 2852 ἐγκατελείπει
970 2806 1011 2839 Β.
1034 2805 1097 2839 Ht.
1115 2803 1465 2850 ἐγκαταλειφθήσεται
1491 2815 1508 2836 e
1535 2803 1658 2836 Bibliis

74 2857 170 2892 Aub.
188 2856 239 2891 ἰ’σ.
260 2858 313 2901 (=
333 2855 432 2899 ἴσως)
453 2854 732 2899 ἐγκαταλείπεται
751 2853 816 2887 Ed.
836 2864 908 2896 mg.
1132 2862 1184 2884 ΙΙ.
1212 2849 1312 2895 Σιὼν]
1334 2850 1544 2894 ἶερουσαλὴμ
1562 2849 1659 2883 ἷσιὼν

78 2902 133 2949 [=
153 2903 172 2947 ἢ
191 2902 292 2948 Σιὼν]
312 2914 376 2947 pro
394 2913 490 2935 more
509 2901 551 2934 B.
571 2899 769 2934 emendavit
787 2899 880 2932 Aub.
1020 2906 1072 2941 15.
1098 2899 1239 2940 μενοῦσι
1258 2908 1287 2930 a.
1425 2906 1480 2940 ²3·
1506 2895 1583 2939 περὶ
1601 2895 1659 2928 τὸν

75 2950 215 2985 inverso
233 2949 355 2984 ordine
375 2949 417 2982 B.
438 2947 502 2982 Ht.
521 2945 718 2981 emendavit
735 2945 829 2979 Aub.

840 3011 915 3039 KZ

1718 2530 1825 2569 Supra

1715 2583 1782 2602 ver.
1801 2581 1852 2612 34.
