2022 3272
140 142 407 199 xvii.18‚19.
456 144 528 184 IN
572 144 614 184 S.
648 143 986 184 ιΙΟΛΝΝΕΜ.
1051 143 1174 184 LIB.
1210 144 1287 184 XI.
1349 144 1488 184 CAP.
1518 144 1566 183 Χ.
1644 144 1722 183 725

139 257 222 302 τοῦ
253 252 414 318 γε’νους
439 253 467 316 ἡ
495 251 641 319 φύσις
675 249 863 321 θανάτῳ
890 250 1230 318 κατεδικάζετο,
1261 253 1315 303 δι’
1345 251 1446 306 ἑνὸς
1485 251 1724 302 ἀκούουσα
1744 267 1765 293 e

139 339 222 384 τοῦ
247 334 436 401 πρώτου
467 341 493 362 “
514 336 582 398 Γῆ
610 332 652 385 εἶ
675 338 748 384 καὶ
775 338 837 387 εἷς
862 337 952 399 γῆν
979 334 1268 401 ἀπελεύσῃ·”
1323 333 1406 384 τὸν
1432 334 1573 384 αὐτὸν
1599 331 1725 396 οἶμαι

140 415 329 481 τρόπον,
356 416 432 467 διὰ
457 419 540 480 τῆς
568 418 774 480 ὑπακοῆς
807 418 881 467 καὶ
910 414 1208 479 δικαιοσύνης
1239 421 1322 466 τοῦ
1351 419 1580 481 Χριστοῦ,
1610 413 1725 464 καθὸ

139 496 332 562 γε’γονεν
368 497 457 549 ὑπὸ
493 497 652 561 νόμον,
679 499 827 549 καίτοι
864 496 1116 562 νομοθέτης
1151 496 1377 564 ὑπάρχων
1413 499 1474 550 ὡς
1502 497 1637 558 Θεὸς,
1665 500 1727 549 εἷς

99 597 121 634 5
142 578 260 644 ὅλην
280 578 336 630 ἂν
367 579 515 644 διήκοι
540 579 625 644 τὴν
646 579 795 648 φύσιν
821 579 849 643 ἡ
876 580 1084 646 εὐλογία,
1102 581 1176 629 καὶ
1202 579 1230 642 ἡ
1252 578 1327 628 διὰ
1347 584 1429 629 τοῦ
1451 579 1729 641 Πνεύματος

142 660 435 727 ζωοποίησις.
506 664 777 730 ἀναμορφοῖ
815 661 908 729 γὰρ
960 661 1014 712 τὸ
1058 665 1255 723 Πνεῦμα
1295 660 1412 727 πρὸς
1452 661 1731 726 ἀφθαρσίαν

141 742 196 793 τὸ
242 744 299 812 ἐξ
339 745 569 811 ἁμαρτίας
613 743 1010 812 κατεφθαρμένον,
1059 745 1134 794 καὶ
1179 747 1242 796 εἱς
1286 741 1537 806 καινότητα
1581 765 1727 806 μετα-

141 823 339 876 πλάττει
378 825 494 892 ζωῆς
532 825 586 878 τὸ
617 828 666 877 ἐκ
696 826 924 895 ῥᾳθυμίας
962 825 1354 889 πεπαλαιωμένον
1390 827 1464 875 καὶ
1503 827 1732 892 χωρῆσαν

143 910 206 961 εἰς
232 909 522 977 ἀφανισμόν.

1786 328 1869 357 Gen.
1891 325 1935 357 iii.

1791 379 1840 410 19.

78 1013 125 1038 10
216 990 356 1041 Ἀλλ’
394 991 509 1045 ἰ’σως
549 992 662 1058 ε’ρεῖς
698 994 811 1044 Πῶς
837 991 919 1041 οὖν
945 990 970 1040 ὁ
998 987 1129 1055 ἅγιος
1161 988 1279 1040 κατὰ
1317 989 1468 1057 φύσιν
1504 987 1732 1055 ἡγιάζετο,
1753 1012 1774 1036 a
1800 1003 1888 1037 992
1903 1001 1953 1035 A.

144 1073 219 1122 καὶ
250 1078 387 1123 τοῦτο
424 1077 686 1136 μεθεκτῶς;
733 1072 853 1123 κατὰ
888 1073 992 1123 τίνα
1032 1072 1080 1123 δὲ
1115 1071 1293 1139 τρόπον
1319 1073 1344 1122 ὁ
1372 1072 1446 1122 καὶ
1480 1075 1602 1122 πᾶσι
1638 1075 1734 1124 τοῖς

144 1155 267 1205 ἑλεῖν
305 1153 466 1221 ἀξίοις,
506 1160 601 1209 τοῖς
639 1178 689 1206 τε
729 1153 826 1205 ἅνω
866 1156 987 1222 φημὶ
1029 1156 1104 1204 καὶ
1145 1158 1241 1207 τοῖς
1278 1155 1353 1205 ἐπὶ
1399 1156 1486 1219 γῆς
1518 1152 1571 1204 τὸ
1617 1153 1735 1204 ἰ’διον

147 1240 344 1298 Πνεῦμα
380 1236 545 1299 διδοὺς,
574 1238 722 1305 ἑαυτῷ
759 1241 897 1288 τοῦτο
933 1235 1200 1303 χαρίζεται,
1244 1234 1508 1304 δυσέφικτα
1542 1233 1626 1298 μὲν
1654 1236 1736 1285 οὖν

145 1320 221 1368 καὶ
261 1318 577 1383 δυσδιανόητα
616 1322 783 1386 κομιδῇ
822 1320 897 1369 καὶ
937 1319 1020 1368 οὐκ
1058 1318 1394 1384 ἀταλαίπωρον
1434 1317 1603 1384 ἔχοντα
1650 1316 1736 1380 τὴν

82 1399 376 1468 Ῑὸἐξήγησιν
413 1400 472 1451 τὰ
513 1400 703 1452 τοιαῦτά
743 1402 888 1464 ἐστιν,
928 1400 1041 1451 ὅταν
1078 1399 1304 1467 ἐννοήσῃς
1342 1397 1522 1464 γυμνὸν
1556 1399 1621 1449 ἐτι
1660 1400 1736 1449 καὶ

145 1480 309 1548 ὥσπερ
354 1480 444 1533 ἀνὰ
486 1480 623 1549 μέρος
667 1483 854 1533 ἑστῶτα
898 1484 981 1545 τῆς
1027 1480 1331 1547 ἀγιαζομένης
1376 1479 1738 1546 άνθρωπότητος

146 1562 230 1614 τὸν
267 1565 317 1614 ἐκ
356 1567 481 1615 Θεοῦ
518 1563 765 1633 πεφηνότα
797 1562 970 1629 Λόγον·
1023 1563 1141 1614 ἐπὰν
1178 1561 1333 1627 μέντοι
1364 1560 1613 1629 θαυμάσῃς
1651 1560 1738 1625 τὴν

148 1644 453 1712 ἀπερινόητον
479 1647 648 1697 ἕνωσιν
674 1648 749 1697 καὶ
777 1645 863 1710 τὴν
888 1650 950 1700 εἰς
987 1644 1146 1711 σάρκα
1172 1645 1389 1707 σύνοδον,
1415 1646 1491 1695 καὶ
1518 1644 1737 1712 ὑποπέσῃ

147 1731 215 1797 τῷ
254 1732 318 1797 νῷ
357 1728 464 1779 καθ’
496 1728 616 1792 ἡμᾶς
655 1727 902 1794 γενόμενος
941 1727 1188 1794 ἅνθρωπος
1221 1729 1245 1778 ὁ
1275 1726 1419 1795 φύσει
1447 1724 1581 1790 Θεὸς,
1609 1727 1732 1795 ξενι-
1754 1727 1783 1768 b

80 1832 130 1857 20
149 1808 315 1877 σθήσῃ
353 1809 439 1871 μὲν
477 1809 639 1873 οὐκετι,
669 1809 827 1861 πάντα
853 1810 900 1861 δὲ
927 1808 1133 1876 θόρυβον
1163 1812 1246 1873 τῆς
1280 1811 1370 1872 σῆς
1397 1809 1600 1861 διανοίας
1633 1808 1735 1876 ἐξε-

150 1889 263 1954 λὼν,
285 1891 468 1946 ὑποθείς
494 1914 543 1942 τε
568 1896 664 1945 τοῖς
691 1891 977 1957 θεωρήμασι,
1000 1890 1124 1942 Θεὸν
1143 1892 1191 1941 ἐν
1214 1890 1368 1959 ταύτῷ
1386 1893 1461 1940 καὶ
1489 1889 1740 1956 ἄνθρωπον

150 1971 264 2023 ὄντα
303 1972 385 2023 τὸν
425 1972 556 2035 Υὶὸν,
599 1974 682 2024 οὐκ
724 1973 982 2037 ἀπόβλητα
1022 1975 1164 2039 λογιῇ
1210 1971 1269 2022 τὰ
1312 1973 1370 2038 τῇ
1412 1971 1740 2037 ἀνθρωπότητι

149 2053 403 2117 πρέποντα,
439 2055 526 2105 κᾶν
564 2058 626 2108 εἱς
664 2055 718 2106 τὸ
757 2054 858 2109 ἑνὸς
899 2060 982 2105 τοῦ
1029 2053 1150 2104 κατὰ
1195 2053 1345 2121 φύσιν
1383 2056 1500 2103 Υἱοῦ
1542 2053 1741 2121 φέρηται

150 2135 426 2202 πρόσωπον,
454 2138 576 2204 φημὶ
615 2136 671 2200 δὴ
698 2140 932 2203 Χριστοῦ.
986 2135 1014 2201 ὴ
1044 2134 1137 2201 γὰρ
1165 2136 1246 2186 οὐκ
1285 2134 1544 2202 ἀλλότριον
1570 2135 1737 2198 οὶησό-

84 2236 132 2274 25
152 2223 273 2283 μεθα
311 2223 557 2272 παντελῶς
594 2225 678 2270 τοῦ
710 2217 770 2270 τὰ
793 2216 948 2270 πάντα
973 2217 1314 2284 ζωογονοῦντος
1345 2215 1508 2283 Λόγου
1533 2216 1587 2268 τὸ
1614 2219 1736 2268 ἀπο-

153 2304 309 2351 θανεῖν
330 2322 343 2363 3

225 2383 368 2433 Ἀλλ’
397 2384 526 2449 ε’ρεῖς,
553 2383 625 2434 ὅτι
649 2382 854 2433 πέπονθε
892 2386 1032 2432 τοῦτο
1071 2379 1191 2432 κατὰ
1223 2379 1309 2446 τὴν
1335 2378 1508 2447 σάρκα,
1536 2379 1743 2431 θανάτου

153 2464 247 2529 γὰρ
274 2464 482 2515 δεκτικὸν
519 2463 573 2515 τὸ
612 2468 769 2527 σῶμα,
794 2463 1011 2514 τεθνάναι
1050 2461 1100 2514 δὲ
1138 2461 1214 2513 διὰ
1251 2467 1391 2513 τοῦτο
1430 2461 1635 2528 λέγεται·
1687 2461 1782 2513 τὸο

155 2545 249 2611 γὰρ
275 2545 391 2596 ’ίδιον
417 2546 558 2596 αὑτοῦ
584 2545 776 2608 τέθνηκε
802 2549 960 2608 σῶμα.

89 2652 137 2687 30
233 2627 505 2692 Παγκάλως
543 2627 636 2694 ε”χει
673 2649 754 2676 σοι
783 2625 838 2677 τὸ
877 2625 1110 2692 θεώρημα,
1137 2624 1288 2691 λε’γεις
1325 2623 1418 2690 γὰρ
1445 2625 1612 2690 ὀρθῶς·
1667 2627 1744 2675 καὶ

157 2706 250 2774 γάρ
272 2730 344 2759 τοι
369 2707 487 2759 κατὰ
513 2708 739 2772 ἀλήθειαν
778 2708 833 2758 δι’
870 2707 990 2771 ἡμᾶς
1028 2710 1328 2770 οἰκονομικῶς
1368 2705 1421 2756 τὸ
1461 2705 1579 2756 ἰ’διον
1614 2707 1741 2775 ἐφεὶς

212 2903 241 2924 Ι.
267 2889 436 2925 ἀκούουσα
454 2890 496 2924 Ε.
513 2888 691 2924 ἀκούσασα
710 2889 776 2925 Ed.
994 2899 1046 2933 13.
1072 2889 1160 2934 αὐτῷ
1181 2888 1222 2922 E.
1449 2899 1500 2929 14.
1528 2887 1586 2920 οὐκ
1605 2886 1745 2920 ἀταλαί-

161 2951 274 2981 πωρον
292 2937 332 2971 Ε.
351 2937 389 2971 οὐ
406 2936 619 2982 ταλαίπωρον
636 2936 703 2971 Ed.
897 2947 949 2981 19.
976 2934 1172 2979 ξενισθήσει
1191 2935 1232 2969 Ε.
1422 2945 1478 2979 30.
1505 2934 1570 2979 γὰρ
1589 2944 1658 2967 om.
1679 2932 1720 2966 E.
