2001 3261
79 2043 167 2075 Heb.
185 2043 226 2075 iv.

83 2098 132 2119 12.

79 2175 131 2206 Ib.
150 2184 197 2214 13.

81 2227 137 2259 Es.
152 2237 233 2257 xxx.

84 2278 113 2302 1.

87 2544 100 2566 1
115 2535 191 2567 Cor.

82 2591 139 2611 xu.
159 2589 187 2620 3.

306 124 387 164 176
706 125 756 166 Β.
791 124 1062 166 CYRILLI
1103 124 1486 165 ALEXANDR.
1744 124 1886 165 ix.22.

303 232 532 298 Χριστός.
591 233 692 285 ἰδοῦ
729 234 822 301 γὰρ
860 233 978 301 πρὸς
1019 239 1086 304 τῷ
1126 234 1303 299 μηδένα
1343 233 1582 286 διδάσκειν
1619 234 1889 299 ἐπείγεσθαι

302 314 386 365 τὸν
428 318 536 382 περὶ
586 319 670 381 τῆς
721 318 964 381 ἐπιδημίας
1009 318 1151 368 αὐτοῦ
1194 315 1357 382 λόγον,
1402 319 1477 367 καὶ
1524 314 1633 371 τοῦς
1682 315 1889 367 συνιέναι

303 397 586 461 δυναμένους
623 400 673 449 ἐκ
711 402 793 463 τῆς
831 403 926 450 τῶν
961 399 1348 465 κατορθουμένων
1381 397 1714 464 λαμπρότητος
1755 399 1885 460 άμει·

303 478 451 548 λίκτῳ
478 486 802 531 καταπτοοῦσι
828 479 983 550 φόβῳ,
1011 482 1088 530 καὶ
1122 479 1344 546 σκληρὰν
1369 479 1645 534 ἐπιτιθέντες
1680 479 1890 544 ἀνάγκην

303 559 390 624 τὴν
415 562 465 612 ἐκ
491 565 574 626 τῆς
601 567 746 631 σφῶν
771 561 1066 628 ἀγριότητος,
1097 563 1437 628 ὁμολογεῖσθαι
1463 560 1779 612 διακωλύουσι
1806 560 1889 612 τὸν
1909 577 1931 616 5

258 643 359 711 bc-'g
393 644 547 694 αὐτῶν
581 646 786 710 ὁρᾶσθαι
825 649 920 695 τῶν
953 644 1240 713 παραδόξων
1272 645 1355 695 οὐκ
1393 643 1711 708 ἀτονήσαντα.
1765 644 1884 694 ἀπο-

303 725 541 777 σύνακτον
573 724 667 792 γὰρ
703 732 944 780 ποιοῦντες
978 724 1061 777 τὸν
1091 726 1377 792 εὐγνώμονα,
1404 725 1479 777 διά
1517 749 1566 777 τε
1600 731 1738 776 τοῦτο
1772 723 1890 790 πρὸς

302 805 356 857 τὸ
382 808 620 859 πιστεύειν
648 809 856 871 εὔκολον,
883 809 965 859 οὐκ
992 810 1270 875 ἐρυθριῶσιν
1295 812 1337 859 οἱ
1372 808 1577 870 δείλαιοι,
1604 809 1890 873 ἀλλοτριοῦν

302 887 351 939 δὲ
379 889 556 956 τρόπον
582 890 686 941 τινὰ
712 896 795 941 τοῦ
823 894 949 942 Θεοῦ
975 890 1058 941 τὸν
1086 894 1195 958 Θεῷ
1227 890 1532 953 κολλώμενον
1558 891 1626 941 ἐπ’
1654 889 1888 958 ἐξουσίας,

302 972 461 1026 αὐτοῖς
496 975 571 1024 καὶ
606 972 748 1024 αὐτὸν
775 974 1041 1024 ἀναπείθειν
1066 973 1149 1024 τὸν
1175 971 1397 1024 ἁπάντων
1420 972 1598 1038 Κύριον
1624 976 1885 1034 συνεθελη-
1913 995 1962 1022 ιο

301 1052 388 1117 τὴν
431 1054 654 1120 γενέσθαι
704 1058 788 1119 τῆς
839 1055 1038 1119 ἐνούσης
1088 1056 1244 1108 αὐτοῖς
1295 1055 1415 1105 κατὰ
1463 1054 1656 1106 πάντων
1702 1053 1886 1116 μανίας.

302 1137 607 1202 ἀπολογεῖται
663 1136 812 1202 γεμὴν
864 1138 889 1188 ὁ
942 1136 1205 1198 θαυμάσιος
1260 1136 1639 1202 Εῦαγγελιστὴς,
1690 1137 1766 1186 καὶ
1822 1138 1890 1204 τῷ

304 1217 447 1288 φόβῳ
486 1220 762 1282 νενικῆσθαί
794 1223 918 1288 φησι
952 1218 1058 1273 τοὺς
1094 1219 1430 1284 ἐρωτωμένους,
1465 1220 1547 1270 οὐκ
1581 1219 1810 1282 ἐθελῆσαί
1839 1240 1889 1269 τε

264 1299 380 1352 οδιὰ
415 1307 554 1352 τοῦτο
590 1306 731 1352 εἰπεῖν
764 1304 826 1356 ὡς
860 1300 943 1352 τὸν
969 1301 1026 1370 ἐξ
1057 1302 1210 1352 αὐτῶν
1242 1300 1471 1367 γεγονότα
1505 1299 1839 1367 τεθεράπευκεν
1865 1302 1889 1351 ὃ

303 1382 533 1448 Χριστὸς,
585 1384 660 1434 ἵνα
717 1386 800 1447 τῆς
852 1383 1092 1434 Ἰουδαίων
1145 1385 1368 1436 ἀπονοίας
1425 1383 1777 1449 ἀπογυμνώσας
1835 1383 1889 1433 τὸ
1915 1404 1960 1443 ¹5

301 1464 498 1530 μέγεθος
537 1463 741 1534 φανερὸν
777 1464 1063 1533 καταστήσῃ
1103 1467 1178 1515 καὶ
1216 1470 1313 1519 τοῖς
1350 1465 1447 1527 μετ’
1476 1464 1659 1519 αὐτούς.
1713 1465 1762 1515 τί
1796 1464 1890 1531 γὰρ

303 1545 360 1598 ἂν
385 1547 569 1612 γένοιτο
595 1551 690 1597 τῶν
709 1547 932 1598 τοιούτων
959 1545 1402 1613 ἀπανθρωπότερον,
1421 1547 1468 1598 οἵ
1489 1570 1542 1613 γε
1569 1549 1642 1598 καὶ
1669 1548 1891 1613 τιμωρίας

304 1628 512 1696 ὁρίζουσι
550 1634 646 1682 τοῖς
685 1628 998 1694 εὐγνώμοσιν,
1038 1629 1211 1694 ἄγουσι
1253 1628 1301 1680 δὲ
1345 1628 1464 1695 πρὸς
1510 1628 1564 1680 τὸ
1607 1628 1892 1695 κολάζεσθαι

304 1714 400 1762 δεῖν
443 1710 551 1765 τοὺς
601 1711 831 1765 συνέντας
883 1710 1006 1765 ὅλως
1057 1710 1141 1762 τὸν
1185 1710 1260 1762 διὰ
1310 1710 1455 1775 νόμου
1505 1713 1580 1762 καὶ
1630 1715 1893 1779 προφητῶν

303 1792 661 1858 κηρυττόμενον.
731 1794 813 1844 οὐκ
854 1795 1172 1859 ἀγνοηθεΐσαν
1212 1792 1260 1844 δὲ
1298 1798 1394 1847 τοῖς
1435 1794 1586 1858 ἁγίοις
1625 1793 1891 1862 προφήταις
1913 1820 1962 1844 20

302 1873 390 1938 τὴν
415 1879 510 1926 τῶν
534 1874 774 1926 Ἰουδαίων
801 1875 997 1926 ἀνόσιον
1023 1877 1215 1944 σκέψιν,
1242 1877 1291 1926 ἐκ
1320 1880 1415 1926 τῶν
1442 1879 1574 1941 ἱερῶν
1600 1874 1892 1941 γραμμάτων

304 1956 580 2023 εὑρήσομεν.
634 1956 710 2008 διὰ
748 1956 840 2024 γὰρ
865 1956 1077 2008 Ἠσαίου
1116 1959 1267 2026 φησὶν
1294 1959 1319 2008 ὁ
1358 1959 1549 2023 καρδίας
1583 1960 1659 2008 καὶ
1694 1955 1894 2025 νεφροὺς

259 2044 286 2086 d
304 2041 514 2106 ἐρευνῶν,
543 2046 570 2069 “
590 2039 904 2103 διικνούμενος
932 2039 1042 2107 ἄχρι
1069 2045 1301 2107 μερισμοῦ
1327 2043 1489 2107 ψυχῆς
1523 2041 1597 2091 καὶ
1632 2039 1894 2102 πνεύματος

305 2128 331 2151 “
355 2122 520 2187 ἁρμῶν
544 2145 594 2172 τε
623 2122 699 2172 καὶ
725 2126 928 2185 μυελῶν,
950 2125 1024 2172 καὶ
1052 2121 1256 2188 κριτικὸς
1282 2121 1585 2185 ἐνθυμήσεων
1605 2122 1681 2172 καὶ
1707 2123 1894 2171 ἐννοιῶν

303 2209 332 2232 “
357 2204 562 2269 καρδίας,
589 2202 626 2273 ᾧ
651 2204 809 2254 πάντα
832 2202 989 2268 γυμνὰ
1016 2208 1091 2254 καὶ
1117 2204 1552 2270 τετραχηλισμένα”
1575 2203 1705 2254 ἐστίν
1727 2210 1753 2232 “
1769 2203 1892 2253 Oba}
1914 2219 1961 2259 25

306 2292 333 2315 ‘⁶
356 2285 493 2336 τέκνα
532 2284 814 2347 ἀποστάται,
853 2285 963 2336 τάδε
1006 2286 1133 2351 λέγει
1177 2284 1350 2351 Κύριος
1380 2284 1672 2349 Ἐποιήσατε
1710 2285 1894 2349 βουλὴν

307 2373 333 2396 “
362 2369 439 2417 καὶ
465 2367 518 2417 οὑ
545 2366 600 2417 δι’
628 2369 754 2430 ἐμοῦ,
783 2365 1022 2431 συνθήκας
1058 2369 1133 2418 καὶ
1169 2368 1222 2417 οὐ
1258 2366 1333 2418 διὰ
1358 2373 1442 2418 τοῦ
1470 2367 1745 2430 Πνεύματός
1779 2390 1890 2430 μου,

307 2455 334 2478 “
359 2453 639 2514 προσθεῖναι
677 2448 910 2515 ἁμαρτίαν
935 2449 1009 2518 ἐφ’
1039 2449 1310 2515 ἁμαρτίας.”
1353 2450 1378 2499 ὁ
1409 2447 1496 2511 μὲν
1521 2448 1615 2514 γὰρ
1641 2449 1797 2515 λέγων
1823 2449 1894 2500 ὅτι

310 2530 485 2597 Κύριος
509 2532 712 2595 Ἰησοῦς,
739 2532 834 2596 ἐρεῖ
855 2530 1006 2594 δήπου
1032 2530 1221 2584 πάντως
1247 2531 1295 2581 ἐν
1318 2531 1469 2600 τΑγίῳ
1498 2531 1753 2594 Πνεύματι,
1774 2530 1894 2581 κατὰ

306 2612 393 2676 τὴν
417 2618 500 2663 τοῦ
529 2613 729 2664 Παύλου
761 2612 938 2681 φωνήν·
986 2612 1254 2677 μελετήσας
1291 2613 1349 2663 δέ
1373 2636 1441 2667 τις
1475 2612 1530 2663 τὸ
1563 2614 1784 2676 ἐναντίον,
1810 2614 1893 2663 οὐκ
1913 2629 1964 2665 30

307 2696 356 2745 ἐν
381 2695 531 2764 εΑγίῳ
559 2695 817 2759 Πνεύματι·
865 2693 1011 2746 πόθεν
1028 2716 1041 2757 3
1085 2693 1293 2759 λαλήσει
1326 2693 1374 2745 δὲ
1404 2699 1594 2758 μᾶλλον
1620 2696 1668 2745 ἐν
1695 2694 1887 2760 Βεελζε·

359 2891 411 2915 12.
437 2881 623 2918 θεσπέσιος
639 2894 670 2916 a.
848 2892 903 2929 ²7·
930 2884 983 2918 καὶ
1001 2884 1059 2918 alt.
1078 2895 1148 2919 om.
1167 2883 1262 2918 Aub.
1430 2883 1486 2918 28.
1511 2883 1673 2927 ἁμαρτίας
1693 2882 1734 2917 Β.
1755 2883 1891 2929 Migne.

307 2926 483 2971 ἁμαρτίαις
504 2929 621 2963 Holst.
642 2928 707 2963 Ed.
729 2930 861 2973 (Alex.)
