2001 3231
273 135 328 173 74
676 133 724 174 B.
758 132 1031 173 CYRILLI
1073 131 1453 172 ALEXANDR.
1689 128 1864 184 viii.38.

272 239 396 294 Οἶδα,
435 247 496 294 ὅτι
537 242 721 312 σπέρμα
745 241 969 310 ζΑβροιέιἼα
1006 241 1102 293 ἐστὲ
1137 241 1273 292 ἀλλά
1312 239 1481 311 ζητεῖτέ
1507 263 1566 309 με
1603 241 1865 291 ἀποκτεῖναι

271 324 331 376 ’ὅτι
361 331 378 377 ὁ
407 328 544 391 λόγος
574 331 590 376 ὁ
620 326 723 393 ἑμὶς
753 328 795 376 οὐ
829 327 962 392 χωρεῖ
992 325 1028 375 ἐν
1055 327 1167 392 ὑμῖν.
1224 324 1303 374 ναί
1333 322 1441 388 γὰρ,
1469 325 1637 391 φησὶν,
1665 321 1778 372 ὅταν
1804 323 1867 374 εἷς

271 406 421 472 μόνην
448 406 532 458 ἰ’δω
559 406 646 470 τὴν
672 406 845 473 σάρκα,
876 408 950 456 καὶ
980 405 1086 456 ὅθεν
1113 405 1257 474 ἐξέφυ
1283 409 1378 456 τῶν
1403 405 1644 455 Ἰουδαίων
1669 404 1693 453 ὁ
1721 405 1867 466 δῆμος

272 488 651 558 περισκέψωμαι,
683 488 789 539 τότε
830 490 906 538 καὶ
946 489 994 538 ἐκ
1033 486 1310 553 σπέρματος
1342 485 1570 552 Ἀβραὰμ
1611 484 1868 550 γεγονότας

236 571 385 636 obp&
429 570 546 621 ἐπὰν
579 570 627 620 δὲ
666 572 748 633 τῆς
787 570 961 620 ἐκείνου
998 569 1241 622 πολιτείας
1276 591 1326 619 τε
1362 570 1438 619 καὶ
1476 567 1666 633 γνώμης
1705 580 1910 632 περια-5

273 652 440 719 θρήσω
481 651 535 703 τὸ
576 651 771 713 κάλλος,
811 652 1097 717 ἀλλοτρίους
1142 653 1259 714 ὑμᾶς
1306 652 1383 701 καὶ
1428 650 1576 701 οὐκέτι
1622 652 1869 714 συγγενεῖς

272 739 586 797 καταθεῶμαι,
630 734 767 802 φησί.
836 732 1003 804 ζητεῖτέ
1039 757 1098 799 με
1142 732 1235 798 γὰρ
1280 735 1553 794 ἀποκτεῖναι,
1595 732 1744 782 καίτοι
1785 734 1869 780 τοῦ

272 815 588 883 προπάτορος,
615 817 687 883 ἐφ’
718 813 754 884 ᾧ
792 821 874 866 νῦν
911 819 1127 883 φρονεῖτε
1167 814 1303 879 μέγα,
1335 812 1400 877 μὴ
1443 813 1576 868 ὄντος
1615 817 1864 881 φονευτοῦ·

274 900 348 948 καὶ
374 898 429 949 τό
456 921 511 963 γε
538 896 780 964 χείριστόν
806 920 857 948 τε
885 899 960 947 καὶ
986 897 1408 962 παρανομώτατον,
1430 895 1533 946 οὐδὲ
1560 897 1627 947 ἐπ’
1653 894 1867 960 εὐλόγοις

272 981 381 1046 παρ’
422 981 551 1042 ὑμῶν
591 981 818 1041 διώκομαι
855 984 956 1032 ταῖς
997 980 1176 1041 αἰτίαις,
1218 983 1393 1046 φονᾶτε
1434 977 1490 1042 δὴ
1530 979 1641 1028 λίαν
1680 978 1866 1030 ἀδίκως·
1891 996 1939 1022 10

272 1060 348 1112 διὰ
374 1067 514 1112 τοῦτο
551 1060 646 1127 γὰρ
683 1063 759 1111 καὶ
794 1060 939 1123 μόνον
966 1063 1171 1125 ἀναιρεῖν
1198 1060 1570 1122 ἐβουλεύσασθε,
1596 1060 1656 1110 ’ὅτι
1686 1066 1703 1111 ὁ
1731 1062 1869 1126 λόγος

274 1149 291 1194 ὁ
320 1143 425 1210 ἐμὶς
460 1146 502 1194 οὐ
534 1146 670 1211 χωρεῖ
702 1144 738 1193 ἐν
766 1146 876 1209 ὑμῖν,
905 1143 1053 1192 καίτοι
1090 1146 1252 1192 καλῶν
1279 1143 1397 1205 ὑμᾶς
1432 1145 1494 1195 εἰς
1529 1141 1769 1208 σωτηρίαν
1794 1142 1870 1192 καὶ

229 1224 410 1290 (Ιζωήν.
480 1229 522 1276 οὐ
567 1228 702 1295 χωρεῖ
741 1223 789 1274 δὲ
837 1226 875 1275 ἐν
917 1227 1029 1290 ὑμῖν,
1071 1223 1147 1275 διὰ
1188 1222 1275 1287 τὴν
1312 1222 1632 1287 ἐνοικήσασαν
1674 1225 1722 1274 ἐν
1762 1224 1870 1284 ὑμῖν

274 1307 508 1373 ἁμαρτίαν
550 1305 749 1370 δηλαδὴ,
785 1308 861 1356 καὶ
899 1305 1047 1357 τόπον
1087 1305 1251 1372 ὥσπερ
1291 1306 1374 1355 οὐκ
1412 1307 1569 1356 ἐῶσαν
1607 1304 1728 1372 ε”χειν
1765 1303 1870 1355 τινὰ

274 1388 361 1452 τὴν
405 1390 473 1439 ἐπ’
522 1390 717 1454 ἀγαθοῖς
768 1387 1057 1452 συμβουλήν
1101 1411 1151 1439 τε
1202 1390 1276 1439 καὶ
1325 1389 1620 1453 παραίνεσιν.
1702 1387 1869 1438 οὐκοῦν
1892 1403 1939 1443 15

275 1473 497 1538 φονευταὶ
552 1468 672 1520 κατὰ
728 1469 900 1520 ταύτὸν
956 1469 1174 1520 Ἰουδαῖοι
1232 1472 1308 1520 καὶ
1365 1469 1645 1520 ἀδικώτατοι
1703 1470 1867 1535 κριταὶ,

275 1550 463 1621 θανάτῳ
497 1555 667 1619 χρῆναι
701 1556 931 1614 τιμᾶσθαι
959 1551 1260 1618 διοριζόμενοι
1287 1551 1368 1603 τὸν
1393 1551 1525 1601 οὐδὲν
1551 1549 1864 1615 ἀδικήσαντα,

273 1640 465 1698 μᾶλλον
514 1634 561 1684 δὲ
608 1632 691 1684 τὸν
735 1636 938 1701 ὠφελεῖν
990 1632 1244 1698 ἐγνωκότα,
1291 1636 1367 1684 καὶ
1414 1632 1658 1697 διασώζειν
1703 1632 1869 1686 αὐτοὺς

274 1714 621 1781 σπουδάζοντα.
689 1720 791 1769 πῶς
830 1716 911 1766 οὖν
948 1714 1013 1766 ε”τι
1052 1721 1301 1781 συγγενεῖς
1333 1714 1560 1781 (Αβραάμ
1598 1719 1665 1784 τῷ
1706 1714 1868 1785 δικαίῳ

276 1802 351 1849 καὶ
389 1801 570 1868 ἀγαθῷ,
607 1802 648 1849 οἱ
689 1804 922 1850 τοσοῦτον
961 1803 1056 1848 τῶν
1094 1799 1142 1848 ἐν
1180 1799 1336 1867 ἐκείνῳ
1375 1801 1537 1848 καλῶν
1576 1796 1864 1860 λειπόμενοι,
1890 1819 1942 1846 20

237 1885 351 1932 οκαὶ
396 1884 478 1944 τῆς
519 1879 638 1947 πρὸς
677 1879 820 1930 αὐτὸν
859 1881 1108 1944 ὁμοηθείας
1147 1880 1554 1945 ἐκδεδραμηκότες,
1595 1879 1713 1930 ὅσον
1752 1881 1870 1948 ἀφε-

275 1962 449 2014 στάναι
493 1963 595 2027 δοίη
640 1985 708 2016 τις
755 1960 812 2011 ἂν
853 1964 927 2012 καὶ
976 1962 1225 2028 διωρίσθαι
1267 1961 1400 2027 λε’γοι
1445 1964 1529 2025 τῆς
1574 1963 1742 2027 ἀρετῆς
1784 1960 1870 2026 τὴν

277 2044 589 2114 φαυλότητα,

209 2189 257 2234 38
345 2181 463 2229 ‘El-do
501 2183 526 2224 ἃ
566 2181 743 2238 ἑώρακα
782 2182 898 2237 Παρὰ
939 2182 1000 2235 τῷ
1037 2181 1174 2238 Πατρί
1211 2182 1345 2222 λαλῶ·
1388 2182 1456 2223 καὶ
1494 2179 1613 2231 ὑμεῖς
1651 2179 1724 2224 οὖν
1761 2183 1786 2224 ἃ

618 2264 833 2305 ἠκούσατε
871 2264 987 2320 Παρὰ
1025 2267 1099 2305 τοῦ
1139 2265 1308 2322 Πατρὸς
1346 2261 1523 2306 Ποιεῖτε.
1890 2269 1939 2310 25

349 2370 628 2438 Ἀχώρητον
655 2372 746 2440 ἔφη
781 2371 912 2437 παρὰ
948 2376 1045 2424 τοῖς
1071 2370 1313 2425 Ἰουδαίοις
1347 2370 1427 2422 τὸν
1453 2372 1619 2423 ἑαυτοῦ
1646 2372 1867 2437 γενέσθαι

277 2452 440 2518 λόγον,
469 2453 640 2511 ταύτης
667 2476 715 2503 τε
744 2456 818 2503 καὶ
846 2451 991 2517 μόνης
1019 2452 1152 2503 ἕνεκα
1177 2455 1259 2516 τῆς
1288 2454 1438 2507 αἰτίας
1464 2454 1534 2504 ἐπ’
1564 2455 1689 2523 αὐτῷ
1719 2476 1869 2520 παρο-

276 2534 530 2600 τρύνεσθαι
558 2534 758 2597 διειπὼν,
783 2539 977 2599 μᾶλλον
1003 2534 1050 2585 δὲ
1083 2536 1159 2585 καὶ
1191 2539 1437 2604 φονῶντας
1463 2534 1687 2603 ἐλέγχων,
1714 2537 1862 2602 ἀναγ-

325 2663 357 2696 3.
385 2652 495 2696 σάρκα
516 2651 557 2685 Β.
579 2651 697 2685 Holst.
715 2653 797 2684 κατὰ
816 2652 927 2695 σάρκα
945 2651 1146 2697 συγγένειαν
1164 2651 1258 2686 Aub.
1459 2661 1489 2696 7.
1513 2653 1579 2698 γάρ
1597 2667 1638 2696 με
1655 2652 1794 2686 inverso
1811 2664 1868 2687 or-

279 2697 359 2731 dine
378 2710 407 2732 a.
508 2709 560 2732 10.
580 2700 708 2743 φονᾶτε
728 2698 804 2731 B.a.
821 2698 897 2732 Cat.
915 2698 1014 2731 Harl.
1035 2700 1185 2743 φρονᾶτε
1203 2699 1287 2743 preli
1307 2698 1501 2744 sphalmate
1514 2699 1608 2733 Aul).
1627 2700 1786 2744 φρονεῖτε
1804 2700 1868 2734 Ht.

282 2744 334 2777 16.
363 2745 445 2777 κατὰ
462 2745 585 2778 ταύτὸν
603 2744 707 2778 edidi.
727 2746 940 2779 καταταυτὼν
959 2745 1001 2779 Β.
1020 2744 1089 2778 κατ’
1108 2746 1216 2779 αὐτῶν
1237 2746 1300 2780 Ht.
1320 2745 1390 2779 κατ’
1408 2746 1509 2780 αὐτὸν
1528 2745 1595 2779 Ed.
1701 2756 1754 2790 19.
1780 2760 1866 2790 συγ-

276 2789 400 2834 γενεῖς]
426 2795 463 2830 -Ι-
484 2793 530 2836 τῷ
553 2791 616 2825 Ht.
635 2791 701 2825 Ed.
719 2791 837 2825 invitis
858 2791 933 2825 B.a.
1048 2802 1102 2825 20.
1130 2792 1165 2825 ἐν
1182 2803 1252 2826 om.
1271 2792 1406 2837 Migne.
1522 2803 1576 2826 21.
1603 2792 1867 2836 ἐδεδραμηκότες

277 2835 320 2869 Β.
340 2836 537 2870 emendavit
554 2837 617 2871 Ht.
636 2837 765 2871 desunt
783 2837 890 2872 verba
907 2837 1080 2883 quaedam
1097 2838 1134 2872 in
1151 2850 1182 2872 a.
1281 2849 1335 2873 22.
1354 2837 1535 2882 διωρίσθαι
1553 2838 1716 2871 emendat
1735 2837 1866 2882 Heyse.

275 2881 465 2926 διορεῖσθαι
487 2882 526 2916 Β.
546 2883 612 2916 Ed.
633 2884 829 2928 διωρεῖσθαι
849 2884 984 2928 Migne.
1095 2893 1150 2929 27.
1177 2883 1607 2930 λόγον-παροτρύνεσθαι
1623 2891 1807 2929 assumpta
1823 2895 1865 2918 ex

277 2926 320 2962 B.
372 2927 497 2962 Statim
516 2929 653 2963 διειπὼν
673 2930 714 2963 Β.
734 2930 773 2973 δὴ
793 2930 895 2964 εἰπὼν
913 2929 979 2964 Ed.
