2037 3266
278 122 363 162 326
682 123 733 165 B.
766 122 1040 165 CYRILLI
1081 124 1467 166 ALEXANDR.
1710 125 1781 166 xii.
1800 125 1869 181 36.

279 232 440 300 φωτὸς
475 233 623 300 αὐγῆς
656 239 925 302 μετασχεῖν,
952 234 1028 285 ἵνα
1052 233 1118 299 μὴ
1145 236 1263 299 ὑμᾶς
1291 236 1316 286 ὁ
1342 238 1425 300 τῆς
1451 236 1683 302 ἁμαρτίας
1718 258 1866 288 κατα-

279 312 411 383 λάβῃ
450 315 639 370 σκότος.
707 321 866 371 καλῶς
909 316 958 368 δὲ
997 315 1109 379 εἷπε,
1148 316 1266 382 μετὰ
1309 319 1356 370 τὶ
1399 317 1499 388 φῶς
1536 317 1622 383 τὴν
1660 320 1867 371 σκοτίαν.

233 397 379 448 ἅκατ’
427 397 555 466 ἰ’χνος
602 397 697 465 γὰρ
741 401 824 462 τῆς
867 403 951 450 τοῦ
997 399 1156 467 φωτὸς
1200 401 1547 468 ἀναχωρήσεως
1590 401 1766 467 βαδίζει
1814 400 1870 452 τὸ

279 478 467 534 σκότος.
521 480 663 532 εἰπὼν
689 479 738 531 δὲ
773 479 865 531 σὺν
896 485 962 550 τῷ
1001 481 1162 551 ἄρθρῳ
1197 480 1243 534 τὶ
1280 483 1392 552 φῶς,
1420 482 1584 534 ἑαυτὸν
1609 482 1866 548 ἐδήλωσεν·

280 560 350 612 ὅτι
377 561 516 616 αὐτός
542 563 646 613 ἐστι
672 560 815 626 μόνος
839 561 960 613 κατὰ
987 563 1214 627 ἀλήθειαν
1239 562 1294 616 τὸ
1321 569 1437 632 φῶς.

211 747 260 794 36
309 748 431 790 “Eme
469 749 517 791 τὸ
555 749 651 805 φώε
688 750 822 806 ἔχετε,
860 751 1083 793 Πιστεύετε
1121 749 1181 793 εἰς
1219 752 1267 794 τὸ
1305 753 1414 809 φώε,
1452 754 1520 794 ἵνα
1559 752 1639 795 υἱοὶ
1677 753 1824 810 φωτὸς

983 835 1173 882 ΓένΗσθε.

354 939 502 992 Ὁδὸν
545 941 630 1005 μὲν
671 942 753 993 οὖν
797 943 1036 1009 σωτηρίας
1081 943 1167 1007 τὴν
1211 945 1376 996 πίστιν
1420 945 1633 1014 ἀπέδειξε
1677 945 1764 1010 τὴν
1805 950 1868 1001 εἷς

281 1022 436 1086 αὐτὸν,
462 1024 517 1074 δι’
547 1024 600 1075 οὗ
638 1047 709 1078 τις
747 1026 823 1076 καὶ
861 1025 944 1076 τὸν
972 1026 1166 1093 Πατέρα
1199 1026 1436 1093 γινώσκει.
1494 1026 1607 1081 υἱεὺς
1638 1027 1686 1078 δὲ
1719 1029 1867 1097 φωτὶς

280 1104 447 1159 αὐτοὺς
481 1104 692 1173 ὀνομάζει
727 1106 830 1170 ἤτοι
865 1108 1030 1158 ἑαυτοῦ
1067 1107 1094 1172 ἢ
1126 1113 1209 1159 τοῦ
1236 1108 1443 1176 Πατρός”
1487 1109 1586 1178 φῶς
1617 1109 1710 1177 γὰρ
1740 1111 1869 1176 λέγει

278 1186 361 1238 τὸν
402 1187 607 1254 Πατέρα,
646 1188 766 1252 μετὰ
810 1189 864 1241 τὸ
908 1194 1051 1241 εἰπεῖν
1095 1189 1261 1242 ἑαυτὸν
1306 1195 1422 1260 φῶς,
1462 1192 1537 1242 ἵνα
1583 1194 1712 1261 δείξῃ
1756 1194 1869 1257 μίαν

280 1270 445 1320 ἑαυτοῦ
472 1273 546 1321 καὶ
574 1276 657 1321 τοῦ
686 1270 878 1337 Πατρὸς
905 1271 1069 1340 φύσιν·
1112 1271 1339 1338 γινόμεθα
1366 1272 1413 1324 δὲ
1440 1276 1525 1325 υἱοὶ
1551 1280 1634 1325 τοῦ
1663 1275 1869 1341 Πατρὸς,

281 1351 394 1401 ὅταν
421 1351 497 1403 διὰ
531 1355 612 1416 τῆς
644 1356 706 1406 εἷς
733 1353 952 1420 Χριστὸν
978 1354 1184 1409 πίστεως
1209 1355 1528 1424 εἰσδεξώμεθα
1553 1356 1636 1408 τὸν
1663 1358 1870 1424 Πατέρα,

281 1432 331 1486 ὅς
356 1434 461 1485 ἐστι
487 1438 602 1503 φῶς·
643 1435 749 1486 τότε
776 1434 869 1504 γὰρ
896 1438 971 1487 καὶ
998 1436 1125 1500 ἡμεῖς
1150 1436 1289 1488 τέκνα
1315 1441 1439 1489 Θεοῦ
1465 1444 1827 1506 χρηματιοῦμεν.

316 1611 464 1653 Ταῦτα
502 1612 715 1655 ἐλάλΗσεν
753 1614 776 1656 ὁ
807 1613 989 1665 ἸΗσοῦε,
1028 1614 1096 1656 καὶ
1134 1614 1336 1657 ἀπελθὼν
1374 1616 1528 1672 ἐκρύβΗ
1568 1615 1634 1658 ἀπ’
1679 1615 1836 1658 αὐτῶν.

357 1738 432 1787 Δι’
474 1738 652 1803 ὀλίγων
692 1738 886 1808 διδάξας
927 1738 987 1790 τὰ
1030 1742 1276 1803 λυσιτελῆ,
1314 1739 1462 1791 πάλιν
1500 1744 1752 1807 θεοπρεπεῖ
1792 1744 1871 1793 δυ-

284 1818 413 1882 νάμει
441 1821 489 1870 ἐκ
514 1820 666 1884 με’σου
693 1822 847 1872 αὐτῶν
871 1827 998 1873 ποιεῖ
1019 1821 1196 1884 ἑαυτὸν,
1225 1822 1567 1888 κατακρύπτων
1592 1822 1768 1886 ἑαυτὸν,
1794 1826 1871 1875 καὶ

281 1904 344 1954 εἷς
383 1901 530 1967 ὀργὰς
568 1902 736 1957 αὐτοὺς
774 1905 856 1954 οὐκ
894 1905 981 1955 ε’ῶν
1016 1904 1349 1973 ἐξεγείρεσθαι,
1389 1903 1520 1955 ἀλλὰ
1552 1905 1871 1969 μεταβουλεύ-

281 1987 419 2034 εσθαι
458 1984 612 2039 διδοὺς
650 1985 829 2051 καιρὸν,
859 1984 986 2039 ὅπως
1021 1984 1078 2036 ἂν
1109 1985 1168 2037 τὰ
1203 1986 1375 2050 ἀμείνω
1409 1986 1677 2056 πράξωσιν.
1747 1989 1866 2040 ὑπο-

280 2071 426 2132 χωρεῖ
456 2065 504 2117 δὲ
539 2071 840 2131 οἰκονομικῶς
875 2067 1015 2134 ἐγγὺς
1050 2067 1184 2122 ὄντος
1220 2074 1304 2120 τοῦ
1343 2068 1538 2124 πάθους·
1582 2069 1759 2124 δεικνὺς
1799 2070 1870 2121 ὅτι

280 2148 551 2213 ἀβούλητον
570 2148 628 2213 ἦν
654 2150 779 2218 αὐτῷ
805 2149 858 2201 τὸ
888 2151 1187 2217 ἀναιρεθῆναι
1214 2151 1304 2202 ὑπὸ
1326 2151 1578 2215 Ἰουδαίων,
1595 2155 1632 2203 εἰ
1658 2155 1733 2203 καὶ
1753 2152 1871 2204 ἑκὼν

281 2229 447 2280 ἑαυτὸν
474 2231 702 2282 ἐπέδωκεν
721 2236 782 2286 εἰς
809 2231 863 2282 τὸ
889 2236 1071 2294 παθεῖν,
1089 2232 1372 2299 ἀντίλυτρον
1399 2232 1564 2284 ἑαυτὸν
1591 2237 1673 2298 τῆς
1700 2234 1866 2298 ἡμετέ-

281 2333 366 2376 ρας
393 2310 545 2365 διδοὺς
572 2312 702 2379 ζωῆς,
730 2315 806 2364 καὶ
831 2314 1021 2382 ἐδέξατο
1055 2312 1138 2365 τὸν
1165 2312 1382 2376 θάνατον,
1410 2313 1492 2365 τὸν
1518 2315 1648 2383 λύπῃ
1682 2316 1869 2370 εἰκότως

282 2391 644 2460 ἀπεικαζόμενον
671 2396 746 2446 καὶ
771 2394 1092 2459 μετεσκεύασε
1117 2394 1203 2460 τὴν
1230 2395 1388 2462 λύπην
1415 2399 1477 2450 εἷς
1504 2397 1817 2464 εὐφροσύνην.

333 2555 363 2579 1.
391 2545 409 2577 ὁ
426 2556 496 2579 om.
515 2545 610 2580 Aub.
811 2558 844 2588 4.
871 2545 1055 2592 ’δέ-κατὰ]
1076 2547 1112 2581 δέ
1131 2546 1249 2581 ἑαυτὸν
1266 2546 1330 2582 σὺν
1347 2548 1393 2594 τῷ
1412 2547 1526 2593 ι’ίρθρῳ
1543 2549 1581 2582 τὸ
1599 2549 1685 2593 φῶς,
1705 2548 1869 2593 ἐμήνυσεν

282 2590 333 2625 ὅτι
351 2593 453 2635 μόνος
470 2592 568 2627 αὐτός
586 2592 662 2628 ἐστι
680 2592 762 2627 κατὰ
780 2594 849 2628 a.k.
992 2594 1024 2636 6,
1044 2603 1075 2639 7.
1103 2594 1156 2628 Ita
1173 2594 1243 2629 a.k.
1384 2595 1487 2637 8-14.
1516 2595 1612 2629 Haec
1630 2602 1810 2640 assumpta
1827 2608 1868 2630 ex

282 2638 339 2672 a.k
357 2638 416 2672 fol.
429 2639 473 2683 96
488 2650 521 2672 v.
557 2639 649 2673 Sunt
665 2639 902 2685 anepigrapha
918 2640 954 2674 in
973 2640 1049 2675 Cat.
1070 2641 1171 2675 Harl.
1260 2651 1314 2686 13.
1331 2640 1469 2686 Πατέρα
1486 2642 1521 2675 k.
1538 2642 1610 2676 υἱὸν
1627 2653 1657 2675 a.
1673 2642 1750 2677 Cat.
1769 2642 1867 2676 Harl.

287 2695 341 2726 14.
366 2685 614 2729 χρηματίζομεν
633 2686 710 2720 Cat.
731 2687 832 2720 Harl.
1014 2696 1067 2729 15.
1097 2687 1150 2721 Ita
1167 2687 1238 2722 a.k.
1424 2687 1534 2730 16-24
1553 2694 1735 2732 assumpta
1751 2700 1792 2722 ex
1810 2689 1869 2722 a.k

283 2730 344 2765 fol.
359 2732 404 2775 96
419 2743 452 2766 v.
502 2732 594 2767 Sunt
612 2733 849 2778 anepigrapha
866 2733 902 2766 in
921 2731 998 2768 Cat.
1019 2733 1118 2768 Harl.
1347 2733 1400 2768 16.
1425 2734 1545 2779 πάλιν]
1564 2736 1650 2769 πᾶσι
1671 2735 1746 2768 Cat.
1767 2734 1867 2769 Harl.

287 2785 341 2821 17.
367 2778 477 2812 αὐτῶν
492 2780 581 2812 ποιεῖ
605 2780 723 2813 ἑαυτὸν
740 2780 776 2815 k.
794 2780 913 2815 ἑαυτὸν
934 2782 1024 2815 ποιεῖ
1047 2783 1114 2815 τῶν
1133 2780 1289 2815 ιὀυδαίων
1306 2792 1336 2815 a.
1353 2781 1462 2816 αὐτῶν
1484 2782 1602 2815 ἑαυτὸν
1623 2782 1723 2821 ποιεῖ,
1741 2781 1776 2814 ἐκ
1801 2783 1868 2816 τῶν

284 2823 440 2874 ζουδαίων
456 2826 546 2869 φημὶ
564 2825 642 2860 Cat.
661 2825 763 2860 Harl.
989 2837 1045 2863 22.
1070 2827 1192 2863 ἔδωκεν
1210 2827 1287 2862 Cat.
1307 2827 1407 2862 Harl.
1502 2827 1615 2864 διδοὺς
1630 2829 1689 2871 τῆς
1705 2826 1867 2873 ἡμετέρας

284 2880 421 2905 mverso
439 2871 562 2907 ordine
579 2883 610 2908 a.
631 2872 708 2908 Cat.
728 2873 829 2909 Harl.

1889 570 1912 608 5

1891 1123 1942 1151 10

1891 1623 1940 1662 15

1890 2092 1941 2118 20
