2037 3266
85 1219 182 1251 Hier.

85 1263 127 1295 ix.
148 1272 174 1295 1.

90 1886 108 1917 3
122 1877 208 1918 Reg.

89 1921 157 1954 xix.
175 1930 222 1953 10.
271 1922 293 1949 θ

310 134 396 174 438
715 137 764 178 B.
799 138 1078 180 CYRILLI
1118 140 1500 182 ALEXANDR.
1729 140 1810 180 xiv.
1835 151 1897 179 11.

311 243 606 308 Χριστιανὸν
636 251 866 313 προσερεῖ
899 246 982 298 τὸν
1012 250 1134 300 οὕτω
1174 249 1506 313 διεσκεμμένον
1542 250 1615 299 καὶ
1655 253 1899 318 πεφρονη-

313 323 429 374 κότα
454 327 559 392 περὶ
586 330 835 393 Χριστοῦ,
880 329 979 380 ἰδοῦ
1013 329 1108 396 γὰρ
1145 329 1258 392 ἰδοὺ,
1283 333 1358 382 καὶ
1393 332 1526 394 μάλα
1562 334 1749 397 σαφῶς,
1778 328 1903 380 Θεὸν

274 404 398 469 Ομὲν
432 407 574 459 αὐτὸν
609 410 759 461 οὐκέτι
798 413 952 479 φησὶν
985 414 1190 475 ἀληθῶς·
1229 413 1574 480 ῥιψοκινδύνως
1614 412 1663 463 δὲ
1700 413 1905 477 περιθεὶς

312 486 366 538 τὸ
404 490 585 555 πρέπον
622 496 719 545 τοῖς
757 494 993 556 κτίσμασι
1031 493 1203 560 μέτρον
1242 496 1382 564 αὐτῷ,
1419 494 1651 563 θεοφόρον
1685 492 1789 544 τινὰ
1828 494 1904 543 καὶ

313 572 439 621 Θεοῦ
482 572 697 639 μέτοχον,
739 573 887 640 ἤγουν
928 577 977 626 ἐκ
1019 579 1146 626 Θεοῦ
1189 577 1472 641 γεννηθέντα
1510 576 1635 627 Θεὸν
1674 575 1944 641 κηρύττει.5

310 651 493 706 σκοπὸς
531 653 624 720 γὰρ
663 656 788 725 αὐτῷ
828 655 904 707 διὰ
941 657 1132 720 παντὸς,
1164 660 1225 712 ὡς
1268 658 1377 712 ε”πος
1419 662 1572 720 εἰπεῖν,
1605 657 1782 723 τρόπου
1826 657 1903 706 καὶ

311 732 462 799 λόγου
488 737 572 798 τῆς
600 736 765 791 οὐσίας
792 743 875 789 τοῦ
903 742 1029 790 Θεοῦ
1053 741 1129 790 καὶ
1157 739 1347 807 Πατρὸς
1383 743 1630 793 παντελῶς
1665 738 1902 804 ἀπείργειν

311 815 465 879 αὐτὸν,
505 820 581 868 καὶ
620 817 825 870 εἰσάπαν
863 822 1113 884 ἀποτεμεῖν
1152 824 1234 885 τῆς
1274 825 1480 890 φυσικῆς
1527 823 1603 872 καὶ
1647 820 1902 872 οὐσιώδους

311 898 604 964 οἰκειότητος,
631 901 686 965 ἧς
713 901 808 969 ε”χει
833 902 952 968 πρὸς
977 902 1060 954 τὸν
1084 905 1249 955 ἑαυτοῦ
1278 903 1469 969 Πατέρα
1495 906 1571 954 καὶ
1598 902 1735 954 Θεόν.

386 978 506 1030 Εἶτα
539 981 587 1031 τί
618 981 676 1032 ἂν
701 983 882 1048 γένοιτο
912 989 1006 1035 τῶν
1033 984 1256 1035 τοιούτων
1282 985 1336 1036 τὸ
1372 987 1654 1050 ὑπερτεροῦν
1680 987 1742 1037 εἷς
1778 985 1898 1034 ἁπο-
1926 1002 1974 1028 10

308 1062 553 1131 πληξιάνς
594 1062 623 1128 ἢ
658 1069 759 1118 πῶς
796 1067 879 1117 οὐκ
914 1066 972 1117 ἄν
997 1090 1079 1129 τις,
1108 1069 1223 1118 ὡσεὶ
1259 1073 1437 1133 νεκροῖς
1470 1067 1558 1131 ἤδη
1594 1068 1669 1117 καὶ
1704 1068 1900 1116 ἀπολω-

265 1142 438 1206 (Ῑλόσι,
470 1144 524 1196 τὸ
559 1147 607 1196 ἐκ
643 1150 726 1210 τῆς
761 1148 948 1213 ἀγάπης
983 1148 1238 1217 ἐπιστάξαι
1274 1148 1475 1215 δάκρυον
1507 1149 1745 1216 ἀχαλίνως
1782 1149 1903 1198 οὕτω

311 1227 642 1292 τετραμμένοις
677 1232 740 1283 εἷς
775 1228 1014 1290 ἀσέβειαν·
1061 1232 1156 1297 ε’ρεῖ
1185 1230 1234 1281 δὲ
1270 1233 1345 1281 καὶ
1380 1231 1490 1281 λίαν
1516 1231 1736 1295 εὐκαίρως
1765 1237 1791 1258 “
1816 1230 1903 1282 Τίς

309 1314 337 1336 “
363 1308 509 1360 δώσει
535 1314 594 1377 τῇ
622 1315 812 1379 κεφαλῇ
839 1335 929 1374 μου
953 1314 1078 1378 ὕδωρ
1106 1314 1180 1363 καὶ
1205 1318 1300 1366 τοῖς
1328 1314 1598 1380 ὀφθαλμοῖς
1628 1335 1718 1374 μου
1744 1311 1903 1377 πηγὴν

309 1398 336 1420 “
362 1392 594 1457 δακρύων,
641 1395 716 1443 καὶ
767 1395 1042 1458 κλαύσομαι
1090 1393 1173 1445 τὸν
1216 1394 1337 1446 λαὸν
1387 1401 1554 1446 τοῦτον
1605 1394 1777 1459 ἡμέρας
1828 1395 1902 1443 καὶ
1926 1409 1971 1447 15

309 1479 338 1502 ‘⁶
363 1473 528 1526 νυκτός
552 1475 594 1535 ;”
649 1476 722 1525 ἐπὶ
767 1475 862 1541 γὰρ
910 1482 1006 1530 τοῖς
1055 1476 1115 1528 τὰ
1166 1483 1358 1528 τοιαῦτα
1409 1481 1600 1545 φρονεῖν
1645 1475 1900 1539 ἑλομένοις,

309 1553 507 1620 ἀκρατὲς
540 1556 598 1606 ἄν
629 1579 698 1610 τις
737 1557 926 1611 εἰκότως
963 1558 1216 1627 ἐπιστάξαι
1255 1558 1468 1624 δάκρυον
1526 1557 1689 1654 ἐπειδὴ,
1722 1556 1769 1608 δὲ
1808 1562 1904 1610 τοῖς

309 1636 366 1704 ἐξ
401 1637 625 1701 ἀληθείας
664 1638 905 1704 δόγμασιν
942 1640 1293 1706 ἀποκρούεσθαι
1330 1645 1423 1691 δεῖν
1458 1641 1541 1695 τὰς
1578 1639 1689 1706 παρ’
1718 1640 1905 1690 ἐκείνων

310 1721 633 1786 συκοφαντίας
678 1720 936 1786 προσήκειν
976 1722 1318 1785 ὑπολαμβάνω,
1359 1721 1434 1773 διὰ
1477 1721 1531 1773 τὸ
1574 1727 1669 1774 τοῖς
1714 1722 1899 1772 ἁπλου-

310 1798 495 1865 στέροις
536 1801 797 1864 λυσιτελὲς,
837 1802 949 1870 φερε
989 1803 1138 1854 πάλιν
1177 1805 1332 1858 αὐτοῖς
1376 1806 1521 1855 ἐκεῖνο
1567 1803 1795 1868 λέγωμεν,
1833 1802 1903 1853 ὅτι
1924 1822 1974 1848 20

311 1879 559 1945 ζηλοῦντες
604 1883 905 1949 ἐζηλώκαμεν
947 1889 1013 1953 τῷ
1059 1887 1234 1954 Κυρίω.
1307 1888 1331 1936 ὁ
1382 1885 1475 1951 γάρ
1527 1908 1598 1935 τοι
1649 1887 1903 1937 θεσπεσιος

313 1962 585 2026 Παῦλος,
550 1970 587 2014 ὠ
625 1965 768 2023 οῦτοι,
796 1965 825 2030 ἢ
863 1967 944 2017 καί
973 1989 1041 2020 τις
1080 1967 1233 2033 ἔτερος
1266 1972 1360 2018 τῶν
1393 1968 1553 2032 ἁγίων,
1580 1966 1662 2017 τὸν
1691 1964 1905 2032 Χριστὸν

310 2043 494 2111 ἔχοντες
531 2051 631 2100 ταῖς
673 2048 849 2098 ἑαυτῶν
887 2050 1107 2102 διανοίαις
1144 2050 1462 2100 ἐνοικισθεντα
1506 2048 1582 2098 διὰ
1622 2054 1706 2099 τοῦ
1747 2047 1899 2098 Πνεύ-

308 2149 471 2190 ματος,
499 2128 648 2195 ἔδρων
674 2130 724 2179 εὖ
750 2129 886 2193 μάλα
912 2129 970 2180 τά
996 2133 1226 2181 δοκοῦντα
1253 2135 1378 2200 Θεῷ,
1408 2132 1483 2181 καὶ
1510 2131 1784 2195 δημιουργοὶ
1810 2132 1905 2180 τῶν

307 2208 594 2278 παραδόξων
628 2211 892 2278 ἐφαίνοντο.
953 2212 1121 2262 οὐκοῦν
1148 2212 1333 2278 ἄραρεν,
1363 2212 1387 2262 ὅ
1426 2234 1470 2262 τι
1510 2213 1638 2275 δοίης
1674 2212 1716 2260 δ’
1745 2210 1802 2261 ἂν
1828 2211 1903 2260 καὶ
1924 2231 1973 2270 25

309 2288 448 2343 αὐτὸς
489 2289 716 2358 ὑπάρχειν
754 2291 941 2355 ἀληθὲς,
974 2295 1034 2347 ὡς
1075 2293 1321 2360 ἄνθρωποί
1353 2316 1403 2343 τε
1441 2291 1527 2356 τὴν
1561 2292 1710 2360 φύσιν
1746 2291 1900 2356 ὑποίρ-

307 2392 486 2438 χοντες,
527 2373 602 2422 καὶ
647 2371 803 2438 ἕτερόν
841 2396 886 2423 τι
930 2373 1049 2424 κατὰ
1093 2374 1179 2438 τὴν
1217 2375 1387 2424 οὐσίαν
1423 2373 1555 2440 παρὰ
1598 2373 1653 2424 τὸ
1698 2375 1904 2424 ἐνοικοῦν

309 2454 466 2506 αὐτοῖς
500 2452 676 2519 ‘'Aycov
713 2457 909 2517 Πνεῦμα
949 2459 1184 2521 Χριστοῦ,
1223 2455 1456 2524 θεόφοβοί
1496 2478 1616 2509 τινες
1657 2454 1784 2520 ἦσαν
1827 2455 1903 2504 καὶ

86 2553 173 2589 ’189
190 2553 241 2588 A.
269 2536 522 2601 αλαμπροὶ
567 2534 644 2586 διὰ
688 2538 772 2599 τῆς
814 2536 1034 2600 δοθείσης
1073 2538 1230 2592 αὐτοῖς
1270 2537 1400 2603 παρὰ
1437 2541 1656 2604 Χριστοῦ
1694 2535 1899 2604 χάριτος·

309 2621 518 2682 συνερεῖς
560 2615 609 2667 δὲ
650 2617 838 2672 πάντως
883 2618 1007 2682 ἡμῖν,
1048 2621 1109 2674 ὡς
1154 2620 1316 2686 ἔρημοι
1360 2619 1445 2683 μὲν
1485 2625 1568 2670 τοῦ
1608 2620 1903 2686 χαρίσματος
1923 2645 1973 2680 30

308 2695 437 2760 ἦσάν
474 2720 604 2761 ποτε,
644 2698 896 2764 κέκληνται
934 2699 1082 2766 γεμὴν
1120 2705 1182 2756 εἰς
1221 2700 1355 2764 αὐτὸ,
1397 2701 1544 2770 δόξαν
1582 2702 1704 2752 οὕτω
1744 2704 1902 2754 καλῶς

358 2896 388 2919 1.
373 2932 404 2975 ξ
417 2886 672 2967 Βεὲεἰηᾱωῐιηθ
690 2890 965 2933 πεφροντικότα.
958 2891 969 2911 ³
1153 2900 1206 2924 12.
1234 2889 1416 2933 ἐπιστάξιιι
1438 2889 1478 2923 Ε.
1499 2888 1542 2923 cf.
1562 2888 1678 2933 paullo
1696 2887 1798 2922 infra.
1817 2887 1902 2922 ἀπο-

310 2945 381 2966 (rra
407 2947 439 2966 (11-
492 2946 503 2967 t
