2001 3231
327 111 384 149 42
732 112 782 153 Β.
815 113 1091 155 CYRILLI
1132 115 1514 158 ALEXANDR.
1743 116 1832 157 viij.
1852 115 1918 158 28.

103 217 190 249 Dan.
211 218 243 248 ii.

105 271 157 292 20·
329 224 469 270 τοῦτο
508 222 584 271 καὶ
623 222 648 272 ὁ
688 223 944 277 θεσπέσιος
970 223 1161 288 Δανιήλ
1200 230 1353 293 φησιν
1379 232 1405 255 “
1426 225 1515 290 Ε’ίη
1555 224 1609 276 τὸ
1648 224 1797 287 ὄνομα
1833 229 1919 275 τοῦ

330 309 357 331 “
386 302 565 369 Κυρίου
605 304 922 370 εὐλογημένοι)
956 310 1018 360 εἰς
1051 305 1159 360 τοὺς
1195 310 1378 370 αἰῶνας,
1417 306 1488 358 ὅτι
1524 308 1552 372 ἡ
1588 308 1741 375 σοφία
1774 308 1849 357 καὶ
1887 306 1917 370 ἡ

327 391 355 414 “
379 384 575 440 σύνεσις
600 389 676 437 καὶ
708 387 735 451 ἡ
769 386 907 455 ἰσχὺς
941 389 1083 439 αὑτοῦ
1118 388 1295 440 ἐστιν.”
1349 393 1387 440 εἱ
1422 388 1470 440 δὲ
1506 391 1661 451 αὐτοῦ,
1689 388 1808 439 κατὰ
1833 387 1917 440 τὸν

324 472 409 517 τοῦ
433 467 682 537 προφήτου
709 469 871 534 λόγον,
899 472 974 520 καὶ
1010 471 1038 534 ἡ
1075 469 1215 538 ἰσχὺς
1253 473 1328 522 καὶ
1361 472 1389 535 ἡ
1427 473 1580 542 σοφία
1606 473 1722 534 ἐστὶ,
1749 472 1819 524 τίς
1849 471 1916 522 ἔτι

324 548 495 600 λοιπὸν
539 553 622 614 τῆς
672 556 767 602 τῶν
812 552 1096 621 ἑτεροδόξων
1139 553 1351 622 ἀνέξεται
1396 555 1759 620 γλωσσαργίας,
1803 553 1913 620 παρ’
1936 573 1958 612 5

324 630 482 697 ἑτέρου
524 635 599 683 καὶ
641 633 837 697 δύναμιν
875 636 950 685 καὶ
990 635 1170 704 σοφίαν
1203 640 1515 703 χορηγεῖσθαι
1554 636 1795 702 λεγόντων
1828 633 1916 700 τὴν

324 714 507 782 σοφίαν
533 717 608 764 καὶ
636 715 832 779 δύναμιν
857 713 971 766 εῖναι
995 722 1079 767 τοῦ
1107 716 1330 783 Πατρός;

399 835 426 857 ,,
451 795 595 846 Ἀλλ’
625 800 661 847 εἱ
694 797 779 860 μέν
813 797 931 860 τινὰ,
959 801 1126 866 φησὶν,
1151 799 1378 864 ἐλέγομεν
1409 800 1566 866 ἕτερον
1602 797 1629 867 ᾗ
1663 798 1717 850 τὸ
1752 804 1917 851 λεῖπον

284 894 351 939 e„
379 881 439 931 εἷς
479 878 676 942 δύναμιν
709 880 1007 947 ἐπιχορηγεῖν
1041 884 1108 950 τῷ
1146 885 1261 951 Υἱῷ,
1294 882 1442 947 ἠΙγουν
1478 880 1717 933 διδάσκειν
1749 881 1912 945 αὐτὸν,

322 999 350 1022 ,,
377 959 586 1026 εὐλόγως
621 959 678 1011 ἂν
705 967 801 1016 τοῖς
834 961 944 1029 παρ’
974 963 1106 1027 ἡμῶν
1133 962 1440 1032 ἐπεσκήψατε
1479 963 1656 1029 λόγοις,
1686 966 1746 1017 ὡς
1779 966 1912 1029 ὑβρι-
1940 988 1988 1015 10

320 1082 350 1104 ‚,
377 1041 552 1112 ζομένῳ
591 1049 871 1110 συνηγορεῖν
906 1044 1159 1110 ἐγνωκότες
1198 1047 1341 1115 αὐτῷ·
1398 1046 1552 1110 ἐπειδὴ
1593 1045 1642 1097 δὲ
1680 1046 1763 1097 τὸν
1790 1045 1916 1097 Θεὸν

319 1164 348 1186 ,,
373 1126 450 1175 καὶ
489 1125 683 1192 Πατέρα
721 1132 869 1177 ταῦτα
908 1126 1084 1177 διδόναι
1124 1127 1294 1196 φαμὲν,
1333 1128 1446 1179 ποία
1493 1127 1664 1179 λοιπὸν
1706 1129 1916 1179 ἐντεῦθεν

320 1245 349 1267 ,,
375 1207 482 1268 ὑμῖν
509 1207 536 1270 ἡ
563 1209 646 1270 τῆς
673 1207 827 1273 λύπης
853 1211 1153 1274 ἀναφανεῖσα
1179 1209 1426 1276 πρόφασις
1444 1211 1483 1270 ;”

396 1289 585 1340 Οὐκοῦν
619 1293 655 1340 εἱ
694 1289 838 1354 μηδὲν
871 1291 1114 1355 ἀδικήσειν
1146 1291 1303 1343 οἴεσθε
1342 1291 1425 1342 τὸν
1450 1290 1569 1342 Υἱὸν
1605 1295 1667 1346 εἷς
1706 1291 1760 1342 τὸ
1799 1289 1914 1343 εἶναι

319 1370 439 1420 κατὰ
481 1370 630 1439 φύσιν
670 1371 892 1435 ἀνόμοιον
934 1375 1001 1442 τῷ
1045 1372 1345 1439 γεννήσαντι,
1385 1372 1472 1425 κᾶν
1516 1375 1829 1441 χορηγεῖσθαί
1869 1397 1912 1424 τι
1937 1394 1985 1434 15

319 1451 507 1517 λέγεται
555 1455 664 1519 παρ’
712 1456 873 1518 αὐτοῦ,
921 1460 1016 1506 τῶν
1067 1455 1198 1518 νέων,
1248 1454 1284 1506 ὦ
1336 1456 1569 1522 ἄνθρωπε,
1618 1456 1913 1519 διαμέμνησο

97 1545 185 1580 524
197 1545 248 1580 Α.
282 1533 496 1600 ἣλόγων,
528 1537 603 1586 καὶ
630 1538 884 1588 ἀναπείθου
911 1536 985 1588 διὰ
1017 1537 1185 1589 τούτου
1221 1537 1286 1602 μὴ
1322 1537 1740 1604 σκανδαλίζεσθαι·
1785 1539 1913 1589 δίδου

319 1616 367 1667 δὲ
394 1618 521 1686 αὐτῷ
546 1618 600 1668 τὸ
630 1620 677 1669 ἐν
705 1619 827 1673 ’ίσοις
855 1619 1082 1686 ὑπάρχειν
1109 1619 1228 1670 κατὰ
1251 1619 1409 1671 πάντα
1434 1623 1500 1689 τῷ
1527 1621 1626 1688 ἰδίῳ
1652 1618 1912 1685 γεννήτορι,

318 1701 394 1750 καὶ
419 1698 538 1750 κατὰ
573 1700 750 1765 μηδένα
781 1706 1028 1755 παντελῶς
1056 1703 1289 1766 ἡττᾶσθαι
1315 1703 1493 1768 τρόπον
1520 1701 1548 1767 ἢ
1577 1702 1741 1767 λόγον.
1799 1706 1836 1752 εὶ
1864 1703 1923 1753 δέ

317 1804 375 1831 σε
401 1787 541 1832 τοῦτο
574 1787 669 1833 τῶν
695 1785 778 1845 τῆς
813 1784 1067 1848 ὀρθότητος
1104 1783 1288 1853 ἐξέλκει
1324 1789 1589 1849 λογισμῶν,
1618 1788 1694 1834 καὶ
1723 1787 1912 1852 φρονεῖν
1933 1810 1982 1834 20

316 1861 347 1913 ἃ
382 1863 447 1928 μὴ
486 1864 617 1928 θέμις
651 1866 887 1916 ἀναπείθει
923 1869 1028 1932 περὶ
1064 1868 1221 1929 αὐτοῦ,
1248 1867 1297 1917 τί
1327 1866 1482 1930 μάτην
1509 1867 1628 1930 ἡμᾶς
1652 1871 1748 1919 τοῖς
1787 1867 1910 1916 οὕτω

315 1951 514 2013 σαθροῖς
540 1948 947 2015 κατασοφίζεσθαι
974 1947 1136 2014 λόγοις
1163 1951 1433 2016 ἐπιχειρεῖς;
1478 1949 1641 1999 διοίσει
1668 1949 1760 2014 γὰρ
1787 1948 1911 2002 ὅλως

316 2028 451 2079 οὐδὲν
490 2029 577 2080 κᾶν
615 2029 756 2084 αὐτὸς
795 2031 820 2080 ὁ
861 2029 983 2084 Θεὸς
1023 2032 1100 2082 καὶ
1140 2030 1323 2096 Πατὴρ,
1365 2030 1454 2081 κᾶν
1492 2031 1646 2097 ἕτερός
1689 2053 1758 2083 τις
1798 2030 1907 2096 παρ’

272 2113 491 2161 ὺέκεῖνον
523 2111 700 2162 διδόναι
735 2134 779 2162 τι
819 2112 1008 2178 λέγεται
1044 2117 1110 2182 τῷ
1135 2116 1250 2182 Υὶῴ.
1308 2115 1381 2164 ἐπὶ
1421 2112 1514 2178 γὰρ
1552 2116 1619 2181 τῷ
1658 2135 1701 2163 τι
1742 2116 1911 2173 λαβεῖν

316 2192 453 2261 ἅπαξ
487 2194 906 2259 κατηγορούμενος,
942 2196 1083 2245 ποίαν
1122 2193 1180 2245 ἂν
1217 2195 1301 2263 ε”χῃ
1341 2195 1426 2259 τὴν
1466 2194 1646 2259 ὄνησιν,
1679 2193 1766 2245 κᾶν
1800 2195 1909 2244 λίαν
1931 2213 1978 2253 25

317 2275 520 2342 ὑπάρχοι
556 2274 809 2343 περιφανὲς
836 2281 919 2326 τοῦ
945 2275 1153 2329 διδόντος
1179 2275 1233 2327 τὸ
1259 2277 1555 2343 πρόσωπον;
1599 2276 1649 2326 τί
1680 2275 1775 2342 γὰρ
1811 2276 1919 2326 εἰπέ

314 2379 395 2419 μοι
446 2357 610 2407 διοίσει
660 2360 726 2426 τῴ
777 2357 832 2407 τὸ
883 2357 1183 2422 πλήττεσθαι
1234 2358 1592 2428 παραιτουμένῳ
1637 2358 1691 2408 τὸ
1737 2358 1908 2427 ξυλίνῃ

365 2563 394 2586 1.
421 2551 548 2596 Δανιὴλ
568 2552 610 2587 Β.
630 2552 748 2587 Holst.
767 2553 930 2597 Ἱερεμίας
947 2554 1095 2588 correxit
1113 2560 1152 2588 ut
1170 2554 1313 2588 adnotat
1330 2554 1405 2599 ipse
1423 2553 1518 2588 Aub.
1705 2564 1782 2598 1-3.
1809 2551 1906 2597 εἵη-

315 2599 411 2634 ἐστιν
428 2605 611 2644 assumpta
629 2611 670 2633 ex
692 2600 733 2635 B.
829 2612 863 2643 5.
889 2599 1137 2646 γλωσσαργίας
1157 2601 1199 2635 Β.
1217 2602 1468 2646 γλωσσαλγίας
1488 2600 1550 2634 Ht.
1571 2599 1638 2635 Ed.
1740 2601 1773 2634 6.
1799 2615 1906 2645 χορη-

313 2646 468 2692 γεῖσθαι]
493 2650 530 2687 -1-
551 2649 597 2692 τῷ
616 2648 675 2692 υἱῲ
694 2646 788 2681 Aub.
1003 2648 1036 2682 8.
1061 2646 1084 2692 ᾗ
1099 2649 1137 2681 τὸ
1154 2650 1272 2682 λεῖπον
1289 2660 1361 2682 non
1380 2649 1453 2682 sine
1472 2647 1691 2681 dubitatione
1709 2646 1904 2681 emendavi.

314 2692 495 2735 ἡτολεῖπον
515 2693 554 2726 Β.
574 2694 760 2728 ὑπολεῖπον
780 2693 842 2728 Ht.
862 2693 928 2727 Ed.
995 2694 1121 2728 Statim
1139 2694 1254 2739 ἕτερον
1271 2695 1397 2728 iterum
1416 2694 1556 2728 exhibet
1577 2694 1617 2727 Β.
1748 2704 1801 2738 13.
1827 2692 1906 2736 ἡμῖν

316 2739 358 2772 Β.
380 2739 444 2786 Ht.v
460 2740 538 2782 ὑμῖν
554 2752 571 2774 e
591 2740 667 2773 Cat.
687 2740 884 2774 emendavit
901 2740 995 2775 Aub.
1060 2741 1273 2786 ἀναφανεῖσα
1294 2742 1332 2775 Β.
1357 2741 1419 2775 Ht.
1437 2741 1657 2786 ἀναφανεῖται
1675 2752 1692 2774 e
1712 2739 1788 2774 Cat.
1808 2739 1904 2774 Aub.

317 2795 371 2827 14.
397 2785 570 2828 ἀδικήσειν
587 2786 701 2821 οἴεσθε
722 2787 762 2821 B.
782 2787 972 2821 ἀδικεῖσθαι
993 2787 1056 2822 Ht.
1076 2788 1143 2822 Ed.
1324 2798 1377 2832 17.
1403 2787 1523 2821 τούτου
1544 2787 1584 2820 Β.
1605 2786 1732 2820 τούτων
1753 2786 1814 2819 Ht.
1836 2785 1903 2819 Ed.

315 2842 370 2865 21.
397 2832 566 2866 ἀναπείθει
588 2833 628 2867 B.
648 2833 810 2877 ἀναπείθῃ
833 2834 895 2867 Ht.
915 2834 981 2868 Ed.
1171 2846 1226 2879 23.
1253 2835 1353 2870 αὐτὸς
1370 2847 1400 2868 a.
1422 2834 1498 2869 Cat.
1521 2834 1620 2867 Harl.
1640 2839 1674 2866 et.
1691 2832 1739 2866 sic
1758 2832 1905 2876 conjecit

316 2877 446 2922 Heyse.
464 2880 592 2914 ταυτὼς
611 2879 653 2913 Β.
671 2881 781 2925 ταύτῷ
803 2881 865 2914 Ht.
884 2880 951 2915 Ed.
1011 2880 1090 2927 παρ’
1109 2881 1243 2916 ἐκείνων
1258 2881 1300 2915 Β.
1316 2880 1514 2915 emendavit
1534 2880 1596 2913 Ht.
1694 2890 1750 2921 24.
1777 2879 1905 2913 διδόναι

313 2924 450 2969 λέγοιτο
469 2936 499 2958 a.
597 2935 652 2970 25.
679 2926 750 2970 ἕχει
770 2927 812 2961 Β.
829 2927 1029 2962 emendavit
1049 2928 1112 2962 Ht.
1131 2929 1202 2973 ἕχει
1221 2928 1295 2963 sine
1314 2928 1354 2962 ἂν
1371 2940 1402 2961 a.
1500 2927 1555 2960 26.
1583 2926 1717 2970 ὑπάρχῃ
1736 2937 1766 2959 a.
