2016 3246
62 393 223 433 Sap.i.13.

60 475 111 506 Ib.
122 475 154 506 ii.
173 485 223 516 ²4-

63 1120 148 1151 Geni
166 1120 208 1150 iv.

68 1173 81 1188 Ἰ

64 1188 114 1248 sb.
134 1225 208 1258 4-7.

67 1538 154 1572 562
170 1537 219 1571 A.
251 1547 272 1569 a

68 1882 119 1912 Ib.
142 1890 170 1921 7.

283 112 338 151 98
687 113 737 153 B.
771 111 1051 153 CYRILLI
1090 111 1475 153 ALEXANDR.
1701 110 1788 151 viii.
1806 122 1874 161 44.

285 220 427 284 αὐτῆς
461 219 760 286 ἐπιπηδήσας
795 221 1012 283 θάνατος,
1037 222 1112 271 καὶ
1148 221 1265 286 αὕτη
1300 221 1386 284 μὲν
1419 220 1447 285 ἡ
1481 224 1565 271 τοῦ
1599 218 1881 285 πράγματος

286 302 463 371 διδάξει
491 301 652 370 φύσις,
679 307 909 371 σαφηνιεῖ
931 302 979 354 δὲ
1005 302 1139 353 οὐδὲν
1163 302 1304 367 ἧττον
1331 304 1407 354 καὶ
1432 301 1486 354 τὸ
1513 307 1596 352 τοῦ
1625 298 1884 368 πανσόφου

287 387 603 447 Σολομῶντος
630 383 796 450 λόγιον
823 384 931 451 ε”χον
956 384 1044 435 ὡδί
1066 391 1094 414 “
1110 384 1173 435 ‘O
1196 382 1318 438 Θεὸς
1344 383 1549 435 θάνατον
1568 384 1650 434 οὐκ
1677 383 1882 445 ἐποίησε·

287 471 314 494 “
341 464 505 535 φθόνῳ
542 465 588 516 δὲ
623 464 853 527 διαβόλου
886 463 1088 518 θάνατος
1115 468 1338 529 εἰσῆλθεν
1365 469 1426 519 εἷς
1453 464 1536 515 τὸν
1563 463 1763 527 κόσμον.
1771 464 1795 479 ”
1837 464 1886 513 ἐν

285 546 469 601 τούτοις
506 547 590 611 μὲν
628 546 688 598 τὰ
728 547 902 597 ἐκείνου
944 551 1133 614 σαφῶς·
1196 546 1407 613 δεύτερος
1453 545 1502 596 δὲ
1546 547 1572 596 ὁ
1615 546 1738 596 Κάιν
1776 545 1929 609 ἡμῖν5

287 630 448 680 εἰσίτω
494 631 569 679 καὶ
620 628 807 679 ἑστάτω
859 628 1048 680 λοιπόν.
1109 627 1167 693 ἧν
1207 628 1293 692 μὲν
1338 650 1432 694 γαρ
1482 626 1784 693 πρωτότοκος
1834 626 1891 695 ἐξ

287 709 447 774 Ἀδὰμ
485 710 693 776 γηπόνος
733 708 787 761 τὸ
827 709 1122 774 ἐπιτήδευμα,
1165 709 1377 776 δεύτερος
1418 708 1487 761 ἐπ’
1526 711 1653 779 αὐτῷ
1694 731 1888 775 γεγονεν

249 790 456 855 θ”Αβελ,
502 794 612 843 ἀλλ’
660 790 719 856 ἧν
763 791 1022 858 προβάτων
1065 792 1258 856 ποιμήν.
1322 790 1479 854 ἐπειδὴ
1524 791 1572 841 δὲ
1622 790 1888 858 προσάγειν

288 873 455 928 αὐτοὺς
501 875 674 925 θυσίαν
711 877 778 943 τῷ
819 878 929 944 Θεῷ
975 874 1117 938 νόμος
1162 873 1318 925 ἐκάλει
1367 872 1587 942 φυσικὸς,
1627 871 1887 926 ἀδιδάκτως

288 956 475 1009 ἐντιθεὶς
510 954 596 1019 τὴν
626 962 710 1007 τοῦ
747 955 1188 1023 δημιουργήσαντος
1223 961 1423 1022 γνῶσιν·
1471 956 1756 1021 ε’νέσπαρται
1794 953 1887 1020 γὰρ
1911 971 1960 996 10

290 1039 366 1086 καὶ
417 1037 665 1088 ἐντέθειται
716 1042 774 1106 τῇ
826 1038 972 1106 φύσει
1022 1038 1153 1102 παρὰ
1205 1042 1330 1089 Θεοῦ
1380 1036 1537 1089 πάντα
1590 1036 1649 1088 τὰ
1708 1034 1884 1102 ἀγαθά·

289 1118 601 1185 προσεκόμιζε
638 1119 723 1181 μὲν
750 1120 774 1169 ὁ
802 1126 829 1148 “
855 1119 977 1170 Κάϊν
1004 1119 1099 1171 ἀπὸ
1135 1125 1229 1170 τῶν
1262 1123 1456 1185 καρπῶν
1489 1122 1571 1182 τῆς
1608 1120 1735 1184 γῆς,”
1765 1116 1889 1169 καθὰ

289 1200 570 1265 γέγραπται,
601 1200 733 1251 ἀλλὰ
761 1208 787 1230 “
808 1203 884 1252 καὶ
914 1200 1077 1262 ’Ἅβελ
1108 1202 1301 1267 ἤνεγκεν
1327 1201 1422 1252 ἀπὸ
1453 1205 1548 1252 τῶν
1573 1198 1888 1267 πρωτοτόκων

290 1289 317 1311 “
343 1286 438 1332 τῶν
463 1282 720 1350 προβάτων
753 1285 828 1334 καὶ
870 1281 964 1334 ἀπὸ
1004 1288 1098 1334 τῶν
1131 1283 1346 1335 στεάτων
1376 1284 1548 1335 αὐτῶν.
1604 1285 1677 1334 καὶ
1712 1284 1889 1334 ἐπεῖδεν

292 1371 318 1393 “
345 1365 369 1414 ὁ
398 1364 520 1418 Θεὸς
546 1367 620 1416 ε’πῖ
652 1363 815 1424 ’Ἅβελ
841 1367 918 1416 καὶ
950 1367 1023 1416 ἐπὶ
1061 1370 1156 1419 τοῖς
1193 1366 1358 1432 δώροις
1385 1366 1545 1416 αὑτοῦ·
1588 1367 1661 1417 ἐπὶ
1688 1364 1735 1416 δὲ
1766 1364 1888 1416 Κάϊν
1911 1381 1958 1420 15

293 1453 318 1475 ‘³
347 1449 422 1496 καὶ
451 1448 523 1498 ἐπὶ
551 1451 651 1501 ταῖς
679 1447 866 1500 θυσίαις
892 1448 1035 1498 αὐτοῦ
1063 1449 1116 1498 οὐ
1143 1448 1408 1515 προσέσχε.
1465 1449 1541 1498 καὶ
1566 1447 1779 1512 ἐλύπησε
1806 1445 1890 1498 τὸν

294 1535 321 1557 “
352 1528 475 1578 Κάϊν
502 1530 612 1579 λίαν
637 1531 713 1579 καὶ
739 1528 971 1580 συνέπεσε
1011 1531 1077 1597 τῷ
1112 1530 1375 1598 προσώπῳ.
1432 1532 1507 1580 καὶ
1535 1527 1632 1581 εἶπε
1663 1529 1837 1595 Κύριος
1863 1530 1888 1580 ὁ

291 1617 319 1639 “
348 1611 470 1664 Θεὸς
498 1615 564 1661 τῶ
596 1610 718 1661 Κάϊν
738 1610 843 1662 Ἵνα
876 1611 925 1661 τί
955 1612 1216 1677 περίλυπος
1243 1612 1416 1676 ἐγένου,
1445 1635 1520 1662 και
1557 1612 1632 1662 ἳνα
1667 1634 1710 1662 τι
1747 1610 1886 1662 συνέ-

307 1700 464 1744 ζπεσε
509 1692 562 1744 τὸ
608 1693 874 1759 πρόσωπόν
917 1715 1043 1744 σου·
1033 1735 1044 1755 ,
1103 1696 1186 1744 οὐκ
1230 1693 1311 1743 εὰν
1355 1694 1506 1759 ὀρθῶς
1548 1716 1886 1760 προσενεγκῃς,

292 1782 318 1804 “
347 1776 498 1840 ὀρθῶς
532 1775 578 1825 δε
614 1799 678 1838 μη
716 1774 890 1843 διέλῃς
919 1776 1152 1840 η’μαρτες,
1196 1774 1464 1843 ἡσύχασον.
1539 1773 1636 1825 εἶτα
1661 1774 1781 1841 πρὸς
1806 1798 1890 1826 τον
1911 1796 1962 1822 20

284 1855 448 1916 Ἀβελ
476 1864 502 1886 “
521 1857 653 1923 Προς
679 1880 736 1907 σε
766 1857 792 1920 ἡ
820 1855 1110 1924 ἀποστροφη
1139 1858 1295 1917 αὐτοῦ,
1324 1880 1398 1907 και
1427 1881 1492 1908 συ
1519 1857 1675 1926 ἄρξεις
1703 1858 1873 1908 miv-0133

294 1941 463 1990 οὐκοῦν
497 1941 521 1989 ὁ
556 1939 641 2002 μὲν
673 1938 796 1989 Κάϊν
826 1938 1060 2006 ἠλέγχετο
1100 1938 1269 1990 διελὼν
1302 1940 1383 1990 οὐκ
1424 1941 1575 2006 ὀρθῶς
1613 1939 1666 1989 τὸ
1705 1961 1884 2005 προσε-

295 2021 472 2088 νεχθὲν,
500 2023 704 2072 ἐπαίνων
732 2020 779 2071 δὲ
807 2023 882 2070 καὶ
909 2023 1044 2084 τιμῆς
1069 2021 1260 2089 ἠξιοῦτο
1292 2021 1479 2075 δικαίως
1515 2022 1539 2071 ὁ
1570 2020 1749 2083 ”Αβελ,
1780 2019 1805 2071 ὃ
1832 2019 1889 2085 δὴ

295 2106 371 2154 καὶ
420 2102 576 2172 τροφὴ
630 2102 811 2171 φθόνου
856 2107 923 2171 τῷ
971 2102 1094 2153 Κάϊν
1139 2104 1330 2168 ἐγίνετο.
1405 2103 1753 2170 ἀπετραχύνετο
1795 2101 1889 2168 γὰρ

264 2213 267 2214 ’
294 2185 413 2251 πρὸς
439 2186 664 2254 ἐλέγχους
691 2183 799 2237 τοὺς
828 2184 1211 2251 σωφρονίζοντας
1237 2184 1449 2251 καθάπερ
1478 2186 1502 2235 ὁ
1531 2189 1762 2242 Σατανᾶς,
1790 2182 1888 2235 εἶτα
1910 2200 1960 2240 25

295 2266 379 2317 τὸν
431 2266 591 2317 ἄδικον
642 2264 879 2329 ὠδινήσας
931 2264 1126 2332 φθόνον,
1178 2266 1390 2333 καθάπερ
1442 2268 1703 2333 εἰρήκαμεν,
1759 2264 1888 2335 δόλῳ

294 2347 475 2412 μέτεισι
514 2345 597 2398 τὸν
634 2345 860 2413 ἀδελφὸν,
900 2345 982 2397 τὸν
1020 2346 1215 2398 ἀνόσιον
1253 2347 1342 2411 ἤδη
1380 2347 1648 2411 μελετήσας
1687 2346 1882 2414 φθόνον.

296 2437 323 2458 “
353 2427 471 2480 Εἶπε
516 2428 623 2495 γὰρ,
663 2430 802 2495 φησὶ,
846 2426 969 2478 Κάϊν
1007 2427 1126 2493 πρὸς
1163 2428 1326 2489 ”Αβελ
1371 2427 1454 2480 τὸν
1493 2428 1706 2497 ἀδελφὸν
1743 2429 1887 2479 αὑτοῦ

297 2519 323 2541 “
350 2511 630 2574 Διέλθωμεν
658 2510 714 2573 δὴ
742 2514 804 2563 εἰς
829 2509 883 2559 τὸ
910 2510 1069 2560 πεδίον
1097 2510 1225 2560 ὀίλλο
1251 2511 1420 2562 τούτου
1445 2509 1682 2573 βέλτιον,”
1708 2509 1883 2576 λέγων,

296 2595 371 2643 καὶ
410 2592 622 2658 καθάπερ
661 2593 735 2642 ἐπὶ
778 2591 949 2657 τέρψιν
988 2590 1091 2642 τινὰ
1132 2595 1208 2642 καὶ
1250 2590 1403 2660 χλόην
1441 2592 1524 2643 τὸν
1561 2591 1696 2643 οὐδὲν
1733 2591 1886 2643 εἰδότα
1907 2609 1959 2645 30

344 2739 375 2768 4.
403 2727 448 2761 εἷς
466 2727 524 2760 τὸν
542 2725 828 2769 κόσμον.ει’σῆλθε
847 2726 986 2760 inverso
1004 2725 1127 2760 ordine
1145 2738 1175 2761 a.
1272 2727 1304 2759 6.
1332 2728 1464 2761 ἑστάτω
1484 2727 1526 2761 Β.
1546 2726 1660 2770 στήτω
1680 2726 1798 2760 Holst.
1817 2726 1885 2761 Ed.

296 2784 328 2816 9.
356 2773 476 2807 αὐτοὺς
494 2774 616 2807 θυσίαν
634 2773 700 2806 hoc
718 2772 841 2806 ordine
862 2772 903 2806 Β.
1069 2784 1121 2806 Ῑο.
1148 2776 1277 2817 γνῶσιν
1294 2773 1399 2807 edidi.
1417 2773 1528 2818 φύσιν
1544 2776 1617 2817 ἤτοι
1634 2776 1763 2818 γνῶσιν
1781 2773 1885 2815 (forte

295 2830 355 2861 per
381 2819 594 2853 additionem
620 2823 661 2853 ut
687 2831 789 2863 saepe
815 2819 897 2852 alibi
924 2818 1118 2864 corrigens)
1139 2819 1180 2853 B.
1204 2821 1266 2854 Ht.
1285 2820 1427 2854 σύνεσιν
1444 2822 1516 2864 ἤτοι
1539 2822 1668 2864 γνῶσιν
1685 2818 1885 2853 emendavit

294 2864 388 2898 Aub.
566 2875 617 2909 15.
644 2867 714 2900 τοῖς
732 2866 853 2908 δώροις
874 2865 914 2899 Β.
933 2866 975 2899 τὰ
992 2866 1085 2909 δῶρα
1105 2865 1167 2900 Ht.
1189 2866 1253 2900 Ed.
1426 2878 1481 2912 23.
1506 2864 1618 2911 τιμῆς]
1647 2870 1680 2906 -Ι-
1703 2865 1741 2900 05
1763 2865 1803 2899 B.
1823 2866 1883 2899 οὐκ

293 2910 494 2944 emendavit
516 2911 577 2944 Ht.
597 2918 763 2946 neutrum
783 2911 887 2946 habet
906 2911 972 2945 Ed.
1026 2916 1048 2930 “
1064 2912 1157 2947 Fort.
1175 2912 1263 2947 οῧν”
1285 2912 1414 2958 Heyse.
