1971 3272
86 138 139 178 xi.
166 152 198 188 1,
219 153 255 182 2.
336 141 403 181 IN
437 142 479 182 S.
504 142 675 183 JOAN.
738 142 975 185 LIB.VII.
1038 144 1423 185 1³RAGMlcN'1‘A.
1591 145 1673 183 2653

84 247 177 313 γὰρ
202 248 377 315 μετεῘΒη
404 250 497 301 ἀπὸ
524 253 606 314 τῆς
632 255 727 301 τῶν
753 251 994 302 Ἰουδαίων
1020 256 1306 318 συναγωγῆς
1342 255 1415 303 ε’πὶ
1451 251 1509 302 τὰ
1546 252 1672 313 ἔθνη·

84 333 160 380 καὶ
197 329 304 381 τότε
343 337 506 384 πολλοὶ
547 329 666 393 ἦλθον
698 335 805 402 πρός
843 337 985 397 αὐτὸν,
1023 340 1099 385 καὶ
1138 335 1405 386 ἐπίστευσαν
1437 339 1537 387 ταῖς
1570 336 1675 398 περὶ

85 413 228 462 αὑτοῦ
254 415 523 480 λεχθείσαις
550 414 679 480 παρὰ
708 420 801 465 τῶν
829 417 977 480 ἁγίων
1005 421 1199 485 φωναῖς.
1255 419 1330 467 καὶ
1364 417 1675 467 πιστεύουσιν

86 499 146 548 εἰς
189 499 314 547 adm
359 498 461 559 ἐκεῖ,
507 496 625 548 ὅπου
671 500 717 547 αἱ
762 502 858 548 τῶν
905 498 1086 549 ὑδάτων
1131 501 1295 564 πηγαὶ,
1342 498 1460 550 ὅπου
1505 498 1558 549 τὸ
1601 499 1715 548 ε’πὶο

43 579 287 646 5Χριστῷ
329 578 650 641 διδασκόμεθα
692 579 968 645 μυστήριον.
1040 582 1064 631 ὁ
1109 580 1202 647 γὰρ
1246 580 1460 648 Χριστὸς
1501 581 1583 630 οὐκ
1629 582 1677 630 ἐν

86 663 181 712 τοῖς
208 659 302 725 πρὸ
328 658 569 725 Ἰορδάνου
597 661 804 724 νάμασιν
830 661 903 726 ἦν·
949 662 1082 712 ἀλλὰ
1109 663 1241 732 πέραν
1267 683 1375 714 που·
1420 666 1494 714 καὶ
1527 661 1678 713 ἐλθὼν

88 739 258 807 ἔμεινεν,
313 744 361 792 ἐν
412 747 469 810 τῇ
517 744 575 812 ἐξ
622 746 769 794 ἐθνῶν
810 743 1084 814 Ἐκκλησία
1134 747 1427 811 προσμείνας
1478 745 1675 809 παγίως.

86 827 292 887 τιμῶμεν
318 823 367 875 δὲ
397 824 481 875 τὸν
503 824 741 889 Ἰωάννην,
769 828 856 895 οὐχ
894 829 956 880 ὡς
987 826 1311 894 ἐνεργήσαντά
1335 850 1378 877 τι
1406 826 1675 892 θεοπρεπὲς,

86 905 198 955 ἀλλ’
222 908 284 959 ὡς
310 909 494 971 τάληθῆ
521 910 626 974 περὶ
653 912 870 973 Χριστοῦ
898 909 1288 975 μαρτυρήσαντα.
1333 910 1386 959 οὐ
1413 907 1559 971 μόνον
1585 907 1678 974 γὰρ

17 998 66 1023 10
85 987 321 1050 Ἰωάννου,
342 988 474 1039 ἀλλὰ
500 992 575 1040 καὶ
602 989 780 1043 παντὸς
808 992 944 1056 ἁγίου
972 993 996 1041 ὁ
1028 991 1243 1058 Χριστὸς
1271 989 1674 1056 θαυμαστότερος·

86 1074 128 1120 οἱ
153 1069 238 1134 μὲν
264 1069 359 1137 γὰρ
385 1075 648 1140 προφῆται,
678 1074 702 1123 ὁ
734 1072 783 1123 δὲ
812 1072 933 1127 Θεὸς
960 1075 1334 1140 θαυματουργός.
1390 1073 1680 1138 σημειωτέον

86 1152 134 1203 δὲ
174 1151 246 1203 ὅτι
290 1151 396 1207 ὁδός
436 1158 557 1205 εἰσιν
596 1157 638 1205 οἱ
676 1154 898 1206 Ἰωάννου
940 1158 1016 1207 καὶ
1061 1161 1157 1207 τῶν
1195 1160 1379 1207 λοιπῶν
1416 1159 1719 1224 προφητῶνα
1751 1168 1834 1202 676
1851 1167 1899 1202 Α.

87 1234 246 1300 λόγοι,
277 1239 339 1289 εἷς
365 1235 419 1287 τὸ
446 1242 704 1288 πιστεῦσαι
732 1242 948 1307 Χριστῷ.

77 1400 163 1445 9Ην
191 1403 237 1445 δὲ
262 1419 324 1445 τις
350 1404 544 1446 ἀσθενῶν
570 1404 756 1461 Λάζαρος
783 1404 869 1446 ἀπὸ
898 1403 1123 1456 ΒΗθανίας,
1150 1403 1198 1445 ἐκ
1224 1406 1302 1446 τῆς
1331 1402 1479 1453 κώμΗς
1504 1403 1676 1461 Μαρίας
1699 1412 1801 1460 Κεφ.
1826 1405 1889 1449 ια’.

20 1507 66 1546 15
156 1487 224 1528 καί
260 1487 444 1544 ΛΛάρθας
483 1491 560 1530 Τιῖς
600 1488 798 1544 ἀδελφῆς
839 1488 987 1529 αὐτῆς.
1036 1485 1087 1529 ἦν
1126 1488 1172 1529 δὲ
1208 1487 1357 1545 ΛΛαρία
1397 1489 1420 1528 ἡ
1460 1487 1718 1538 ἀλείψασαΖ

155 1571 226 1613 τὸν
256 1570 405 1628 Κύριον
437 1572 559 1628 μύρῳ
592 1571 660 1612 καὶ
693 1571 915 1620 ἐκμάξασα
945 1572 1046 1613 τοὺς
1080 1571 1217 1614 Πόὸας
1255 1572 1385 1613 αὐτοῦ
1424 1569 1516 1613 ταῖς
1549 1570 1678 1628 θριξὶν

155 1656 300 1707 αὐτῆς,
333 1653 384 1698 ἧς
421 1656 443 1698 ὃ
481 1655 674 1712 ἀδελφὸς
710 1655 900 1713 Λάζαρος
939 1655 1126 1697 ἠσθένει.

160 1765 409 1829 Ἐπίτηδες
449 1764 498 1816 δὲ
536 1765 765 1830 μέμνηται
809 1769 903 1816 τῶν
943 1762 1189 1828 ὀνομάτων
1232 1768 1328 1815 τῶν
1373 1767 1610 1829 γυναικῶν
1652 1764 1676 1813 ὁ

90 1847 470 1913 Εὐαγγελιστὴς,
518 1847 696 1902 δεικνὺς
746 1847 818 1899 ὅτι
868 1848 1093 1911 ἐπίσημοι
1138 1846 1266 1911 ἦσαν
1312 1848 1373 1900 ὡς
1419 1850 1673 1907 θεοσεβεῖς.

19 1956 70 1981 20
89 1927 160 1979 διὸ
199 1931 275 1979 καὶ
311 1928 475 1995 ἠγάπα
513 1929 657 1983 αὐτὰς
695 1931 719 1979 ὁ
757 1929 944 1995 Κύριος.
1002 1932 1204 1979 πολλῶν
1237 1927 1285 1978 δὲ
1320 1927 1586 1993 γεγονότων
1618 1930 1681 1981 ὡς
1740 1935 1845 2018 ἓξὲξ

88 2010 207 2064 εἰκὸς
241 2015 303 2064 εἰς
336 2011 418 2061 τὸν
448 2010 625 2076 Κύριον
664 2010 753 2063 ὑπὸ
793 2014 874 2074 τῆς
916 2010 1121 2076 Μαρίας,
1149 2016 1232 2061 τοῦ
1268 2010 1418 2076 μύρου
1452 2010 1681 2075 με’μνηται

89 2094 175 2160 οὐχ
214 2095 276 2147 ὡς
315 2094 488 2160 ἔτυχεν,
517 2094 629 2144 ἀλλ’
658 2094 733 2144 ἵνα
774 2093 902 2162 δείξῃ
943 2093 1013 2143 ὅτι
1052 2092 1293 2156 τοσαύτην
1332 2090 1423 2159 εἶχε
1464 2093 1614 2161 δίψαν
1652 2092 1726 2156 ἡὶ)

91 2176 259 2241 Μαρία
292 2177 394 2241 περὶ
432 2174 514 2226 τὸν
540 2174 770 2241 Χριστὸν,
799 2175 869 2226 ὅτι
897 2174 1084 2244 ἑξεμοιξε
1111 2173 1208 2229 τοῖις
1239 2171 1388 2229 πόθοις
1421 2176 1552 2225 αὐτοῦ
1580 2177 1682 2229 ταῖς

90 2259 222 2310 ἰδίαις
258 2256 373 2327 θριξὶ,
399 2257 606 2324 ζητοῦσα
644 2257 730 2322 τὴν
761 2260 810 2308 ἐκ
850 2260 933 2321 τῆς
972 2258 1108 2323 ἁγίας
1147 2256 1326 2322 σαρκὸς
1364 2256 1683 2320 πνευματικὴν

23 2363 72 2403 25
89 2340 311 2406 εὐλογίαν
345 2344 669 2406 προσηλῶσαι
706 2339 824 2406 πρὸς
862 2337 1031 2403 ἑαυτὴν
1061 2339 1418 2405 γνησιέστερον·
1476 2342 1551 2389 καὶ
1591 2338 1684 2405 γὰρ

141 2490 172 2513 1.
197 2482 263 2512 τῶν
280 2490 350 2513 om.
369 2479 406 2513 k.
471 2478 568 2524 ἔθνη]
589 2483 626 2520 -1-
644 2480 662 2513 ὁ
679 2481 823 2524 χριστός
841 2480 876 2514 k.
944 2478 1071 2513 Statim
1089 2479 1143 2513 καὶ
1160 2490 1231 2513 ΟΠ1.
1247 2490 1278 2513 a.
1375 2479 1409 2513 6.
1432 2480 1499 2523 πρὸ
1512 2478 1685 2523 Ἰορδάνου

90 2526 161 2561 a.k.
178 2527 264 2569 πρὸς
279 2525 451 2570 Ἰορδάνην
469 2525 546 2560 Cat.
567 2527 667 2560 Harl.
687 2526 754 2560 Ed.
894 2535 926 2571 7.
952 2526 1066 2567 μείνας
1084 2526 1155 2559 a.k.
1291 2526 1395 2570 8-ῐ3.
1425 2525 1522 2559 Haec
1538 2529 1686 2568 τιμῶμεν

90 2574 191 2607 κ.τ.λ.
212 2583 300 2617 quae
325 2572 491 2605 exhibent
516 2573 585 2607 a.k.
612 2571 691 2606 Cat.
713 2573 812 2606 Harl.
839 2573 979 2612 retinui,
1000 2572 1036 2606 S.
1051 2572 1172 2617 Cyriui
1197 2577 1314 2606 tamen
1341 2584 1417 2606 esse
1441 2572 1498 2606 vix
1526 2571 1683 2605 credens.

90 2631 125 2665 9.
151 2618 281 2662 τάληθὴ
301 2617 379 2652 Cat.
399 2618 499 2652 Harl.
518 2619 560 2652 τὰ
577 2618 686 2662 ἀληθῆ
705 2619 741 2653 k.
759 2619 867 2662 ἀληθῆ
888 2619 955 2653 Ed.

140 2665 282 2699 Horum
308 2664 350 2698 de
378 2664 509 2698 Lazaro
536 2676 623 2710 quae
654 2672 853 2710 sequuntur
882 2665 1011 2709 partim
1037 2664 1178 2698 exhibet
1203 2670 1236 2698 et
1262 2664 1442 2698 Macarius
1470 2663 1684 2708 Chrysosce-

90 2711 217 2757 phalus
230 2711 491 2755 philadelphiae
509 2712 741 2755 metropolita,
756 2712 847 2755 (aevi
864 2711 997 2750 incerti,
1012 2711 1100 2744 forte
1114 2710 1200 2753 xiv.)
1214 2710 1250 2743 in
1264 2711 1310 2744 D.
1324 2710 1438 2744 Lucae
1452 2710 1684 2754 Evangelium

91 2770 168 2802 cap.
191 2758 243 2798 16,
264 2757 359 2803 quod
386 2764 437 2790 est
462 2758 640 2792 ultimum.
691 2757 837 2791 Contuli
857 2758 966 2800 igitur
983 2757 1129 2801 paginas
1148 2756 1210 2790 has
1229 2768 1311 2790 cum
1329 2757 1448 2790 codice
1467 2757 1684 2791 Barocciano

93 2816 132 2839 21
145 2816 157 2838 1
180 2806 215 2838 in
236 2805 328 2839 Bibl.
349 2804 541 2837 Bodleiana
561 2805 645 2848 (sec.
663 2816 722 2838 xv.
741 2804 931 2843 exeuntis),
951 2815 1054 2848 quern
1072 2815 1119 2837 m.
1138 2803 1286 2847 signavi.

144 2861 268 2897 14—17.
287 2852 352 2886 ἀπὸ
373 2849 722 2894 Βηθανίας-ἠσθένει
741 2850 837 2884 dedit
854 2851 890 2883 k.
908 2851 1047 2884 favente
1066 2862 1096 2884 a.
1115 2851 1169 2883 καὶ
1187 2850 1227 2883 τὰ
1245 2850 1321 2893 ἑξῆς
1334 2849 1402 2884 Ed.
1479 2861 1532 2895 19.
1550 2851 1603 2884 καὶ
1622 2862 1684 2895 pro

94 2898 138 2933 ὡς
155 2910 203 2932 m.
302 2909 357 2942 23.
379 2896 447 2941 ὅτι]
466 2902 503 2938 -ὶ-
519 2897 573 2931 καὶ
591 2909 638 2931 m.
704 2899 776 2933 ταῖς
795 2897 906 2940 θριξὶν
921 2897 1021 2940 αὐτῆς
1038 2907 1086 2930 m.
1184 2907 1240 2938 24.
1258 2897 1293 2930 ἐκ
1312 2908 1382 2930 om.
1397 2896 1467 2930 a.k.
1558 2908 1612 2941 25.
1632 2898 1685 2931 εὐ-

93 2945 216 2990 λογίαν
232 2944 457 2989 πνευματικὴν
471 2944 543 2979 inv.
559 2943 634 2979 ord.
650 2944 772 2979 a.k.m.
825 2943 951 2978 Statim
968 2944 1197 2989 προσηλῶσαι
1216 2943 1334 2978 a.k.m.
1354 2943 1591 2988 ἀναμάξασθαι
1608 2944 1685 2978 Cat.
