2022 3272
87 128 153 154 xv.
177 126 241 156 20.
336 115 407 155 IN
452 115 494 155 S.
529 114 862 156 JOANNEM.
926 114 1051 154 LIB.
1088 115 1137 155 X.
1201 115 1333 155 (JAP.
1369 116 1428 154 11.
1594 112 1672 151 591

87 225 364 291 κηρύγματι,
391 226 474 277 τὸν
500 230 769 294 σωφρονεῖν
795 226 1108 276 ἀναπείθοντα
1135 224 1484 277 διακωλύοντας
1512 221 1677 286 λόγον,

86 307 420 375 ἀνωφελήτους
458 310 537 359 ε’ἇν
575 307 681 361 τοὺς
719 306 1057 373 ἀκροωμένους,
1089 306 1472 372 παριππεύοντας
1513 303 1560 354 δὲ
1601 306 1722 356 καὶῙ)

86 387 146 439 τὰ
183 391 233 440 ἐκ
270 395 353 440 τοῦ
392 393 637 453 μισεῖσθαι
676 387 913 441 πολλάκις
949 387 1153 450 ἐσόμενα
1192 387 1361 451 βλάβη
1403 390 1555 452 γοργῇ
1603 385 1679 434 καὶ

86 470 405 541 ἀνυποστόλῷ
445 474 706 538 κεχρῆσθαι
750 475 809 537 τῇ
851 474 1125 538 συμβουλῇ,
1169 469 1315 533 μηδὲν
1353 468 1408 520 τὸ
1452 466 1679 533 παράπαν

45 563 67 602 5
88 553 431 620 ὑφορωμένους,
457 554 603 618 ἤγουν
627 551 1017 619 προὺργιαίτερόν
1042 575 1087 602 τι
1114 550 1444 617 λογιζομένους
1469 554 1552 600 τοῦ
1585 550 1679 598 δεῖν

87 633 254 700 ἀρέσαι
296 638 420 703 Θεῷ.
497 633 522 685 ὃ
569 634 625 698 δὴ
670 637 744 685 καὶ
794 638 990 687 Παῦλος
1035 635 1211 701 ἄριστα
1255 636 1512 698 κατορθῶν,
1555 631 1677 680 οὕτω

87 714 260 783 γράφει
287 716 475 782 “”Αρτι
507 715 599 782 γὰρ
636 716 911 782 ἀνθρώπους
944 717 1089 767 πείθω
1123 714 1152 780 ὴ
1187 715 1269 766 τὸν
1296 713 1455 776 Θεόν,
1502 711 1529 776 ἦ
1557 711 1677 778 ζητῶ

88 803 116 825 “
141 798 406 863 ἀνθρώποις
438 799 653 864 ἀρέσκειν
672 820 684 861 3
729 802 765 848 εὶ
801 798 866 848 ε”τι
901 797 1166 864 ἀνθρώποις
1204 797 1430 863 ἤρεσκον,
1460 799 1679 860 Χριστοῦ

88 885 115 908 “
141 881 311 932 δοῦλος
350 881 432 931 οὐκ
471 878 529 930 ἂν
566 878 731 944 ἠ’μην.”
784 881 837 929 οὐ
881 879 975 945 γάρ
1020 881 1151 930 ἐστιν
1190 879 1272 929 οὐκ
1316 877 1418 928 ε”στι
1457 880 1679 941 πονηροῖς

20 983 70 1008 10
87 960 304 1026 ἀρέσκειν
330 964 406 1012 καὶ
434 965 557 1031 Θεῷ·
600 966 701 1014 πῶς
738 960 832 1026 γὰρ
866 959 924 1011 ἂν
958 961 1017 1011 ’loa
1052 960 1172 1011 κατὰ
1207 959 1378 1011 ταύτὸν
1410 957 1675 1027 ἀμφότερα,

86 1041 215 1093 πολύ
245 1066 289 1094 τι
325 1047 387 1096 εἷς
422 1042 732 1107 ἀνομοιότητα
770 1042 1078 1111 διῳκισμένης
1113 1045 1196 1106 τῆς
1228 1044 1276 1092 ἐν
1303 1041 1504 1109 ἑκατέρῳ
1531 1038 1673 1103 θελή-
1698 1055 1721 1082 0

87 1147 210 1178 σεως
232 1147 244 1186 3
289 1125 316 1189 ἡ
352 1124 437 1189 μὲν
469 1125 561 1192 γὰρ
600 1129 662 1178 εἷς
701 1123 882 1190 ἀρετὴν,
915 1124 943 1187 ἡ
984 1123 1031 1175 δὲ
1071 1128 1133 1177 εἰς
1172 1123 1453 1192 φαυλότητα
1491 1121 1677 1182 βλέπει.

88 1205 171 1257 τὸν
197 1206 288 1273 ἄρα
313 1207 618 1273 μονοτρόπως
644 1205 870 1257 ἐθέλοντα
902 1204 1137 1256 δουλεύειν
1163 1210 1229 1274 τῷ
1257 1209 1378 1274 Θεῷ,
1407 1206 1482 1255 καὶ
1508 1206 1591 1267 τῆς
1618 1207 1681 1256 εἰς

89 1288 232 1339 αὐτὸν
283 1290 523 1351 εὐσεβείας
575 1287 706 1339 οὐδὲν
756 1287 943 1338 τιθέντα
999 1286 1053 1338 τὸ
1113 1287 1316 1350 ἄμεινον,
1368 1285 1681 1352 προσκρούειν

23 1384 70 1422 15
90 1368 270 1436 ἀνάγκη
308 1375 404 1425 τοῖς
443 1373 670 1436 ἀγαπῶσι
707 1369 790 1420 τὸν
829 1367 1026 1432 κόσμον,
1067 1368 1180 1420 ὅταν
1219 1369 1448 1436 ἀναπείθῃ
1489 1370 1681 1435 φρονεῖν

88 1451 147 1504 τὰ
173 1456 256 1517 τῆς
281 1459 365 1504 τοῦ
391 1452 574 1516 κόσμου
599 1451 853 1516 βδελυρίας
879 1451 1150 1517 ἐκφέροντα.
1197 1450 1563 1520 δυσφορώτατοι
1588 1447 1682 1514 γὰρ

89 1539 186 1588 τοῖς
231 1533 504 1603 φιληδόνοις
549 1538 594 1584 αἱ
641 1532 759 1599 πρὸς
810 1533 967 1599 ἕτερόν
1013 1556 1057 1583 τι
1099 1538 1335 1583 καλοῦσαι
1380 1531 1677 1595 συμβουλαὶ,

91 1616 303 1683 καθάπερ
342 1614 504 1680 ἀμέλει
538 1618 614 1667 καὶ
647 1620 742 1669 τοῖς
779 1615 869 1666 ὑπὸ
905 1615 1085 1666 τούτων
1122 1620 1216 1666 τῶν
1248 1618 1416 1666 παθῶν
1447 1612 1501 1664 τὸ
1537 1617 1681 1676 σῶμα

92 1698 448 1768 διεφθαρμένοις
473 1696 532 1749 τὰ
557 1698 782 1766 ἐπωφελῆ
810 1698 885 1748 καὶ
910 1696 1140 1748 δάκνοντα
1167 1701 1261 1747 τῶν
1287 1694 1620 1760 βοηθημάτων.
1700 1694 1723 1734 (ἶ

1740 701 1813 732 Gal.
1826 702 1847 732 i.

1745 754 1795 776 10.

23 1886 72 1912 20
91 1867 398 1918 ΜνΗμονεύετε
439 1873 513 1910 τοῦ
558 1870 684 1917 Adrou
728 1866 775 1910 οὗ
822 1870 909 1916 ἐμὲ)
956 1864 1077 1910 εἶπον
1120 1864 1215 1916 ὑμῖν
1260 1867 1347 1908 Οὐκ
1391 1867 1480 1908 ἔστι
1524 1865 1679 1906 δοῦλος
1703 1875 1751 1899 20

159 1951 311 2009 μείζων
337 1956 411 1994 τοῦ
440 1952 583 2009 κυρίου
611 1952 753 1994 αὐτοῦ·
790 1950 825 1993 εἰ
860 1951 935 2000 ἐμὲ
965 1950 1165 2002 ἐδίωξαν,
1193 1951 1262 1992 καὶ
1295 1950 1404 1998 ὑμᾶς
1439 1947 1678 1991 διώξουσιν

161 2033 197 2075 εἰ
228 2034 301 2077 τὸν
334 2035 460 2082 λόΓον
490 2050 569 2084 μου
602 2035 830 2092 ἐτύρΗσαν,
865 2035 932 2075 καὶ
967 2034 1041 2076 τὸν
1073 2034 1279 2090 ὑμέτερον
1312 2032 1557 2089 τΗρύσουσι.

170 2150 528 2219 Προαποδείξας
561 2150 611 2199 εὖ
644 2148 778 2213 μάλα
814 2151 889 2199 καὶ
912 2146 967 2199 τό
992 2151 1241 2212 μισεῖσθαι
1268 2147 1430 2210 καλὸν,
1459 2145 1586 2212 εἴπερ
1613 2145 1681 2209 εἵη

96 2235 172 2285 καὶ
209 2232 376 2285 τούτου
414 2230 587 2298 καιρός·
642 2230 852 2301 φορητὸν
891 2230 982 2297 γὰρ
1021 2231 1157 2297 ἄγαν,
1195 2234 1387 2293 μᾶλλον
1425 2227 1474 2280 δὲ
1512 2225 1676 2293 τριπό-

27 2342 76 2380 25
98 2320 254 2380 θητον,
282 2315 397 2380 ὅπερ
435 2313 493 2364 ἂν
523 2313 767 2381 συμβαίνῃ
807 2311 882 2364 διὰ
914 2311 1052 2375 Θεὸν,
1079 2309 1520 2378 παραποδισμάτων
1546 2310 1675 2373 ἀμεί-
1700 2324 1722 2351 Θ

97 2420 202 2450 νους
229 2396 508 2462 ἐργάζεσθαι
533 2394 804 2459 δυνάμενον·
847 2399 1163 2461 προσαναιρεῖ
1192 2392 1248 2457 δὴ
1285 2391 1532 2460 χρησίμως
1569 2390 1683 2453 ὅπερ

96 2475 218 2528 οἶδεν
268 2479 330 2530 ὡς
380 2475 501 2529 Θεὸς
559 2476 869 2540 κατοκνήσειν
919 2477 1173 2527 ἀναπεῖθον
1223 2473 1389 2527 αὐτοὺς
1449 2471 1569 2538 πρὸς
1628 2472 1683 2522 τὸ

95 2557 290 2626 σφόδρα
324 2558 652 2609 συντείνεσθαι
687 2555 844 2607 θέλειν
877 2558 983 2622 περὶ
1022 2557 1075 2607 τὸ
1114 2558 1283 2623 χρῆναι
1322 2554 1564 2620 κηρύττειν
1600 2550 1684 2603 τὸν

96 2639 312 2706 οὐράνιον
344 2637 512 2704 λόγον.
566 2637 793 2702 ἑπόμενον
818 2637 912 2704 γὰρ
951 2639 1025 2689 ἐπὶ
1063 2636 1190 2688 πολὺ
1229 2641 1325 2690 τοῖς
1361 2639 1422 2689 εἷς
1458 2635 1512 2685 τὸ
1549 2633 1679 2685 διδά-

28 2752 77 2788 30
97 2744 229 2774 σκειν
279 2719 734 2788 προκεχειρισμένοις
784 2719 838 2770 τὸ
890 2718 1198 2785 ἀτιμάζεσθαι
1250 2719 1325 2768 καὶ
1382 2716 1678 2778 κινδυνεύειν,

147 2862 180 2896 8.
206 2860 352 2905 ἀρέσκον
370 2860 411 2894 Ε.
600 2858 653 2893 16.
679 2861 739 2892 τοῦ
757 2864 980 2904 assumptum
998 2869 1039 2892 ex
1058 2857 1100 2891 E.
1295 2856 1347 2890 18.
1373 2854 1499 2889 τούτων
1515 2853 1597 2899 τῶν]
1618 2854 1684 2888 Le-

100 2907 301 2954 gendumne
319 2922 377 2942 του
394 2908 483 2941 τῶν.β
581 2917 636 2940 20.
664 2905 730 2951 ἐγὼ
748 2917 818 2941 om.
838 2905 879 2940 E.
979 2904 1033 2939 26.
1060 2905 1282 2948 προσαναιρεῖ
1300 2903 1341 2938 Ε.
1359 2903 1565 2947 προσανερεῖ
1583 2901 1650 2936 Ed.
