2037 3266
325 142 411 181 404«
728 144 778 184 B.
811 144 1091 185 CYRILLI
1132 144 1513 185 ALEXANDR.
1707 143 1790 183 xiv.
1812 155 1849 192 2,
1869 154 1908 196 3.

105 245 159 277 Es.
180 247 260 279 lxiii.
281 253 307 293 b

107 298 134 321 1.
327 248 459 313 ἀήθει
496 249 741 318 πράγματι
779 256 1030 321 μονονουχὶ
1060 255 1423 320 τεθορυβημένοι
1456 253 1586 322 φασί
1607 260 1634 282 “
1654 252 1741 304 Τίς
1776 250 1910 304 οὗτος·

326 338 354 360 “
379 332 405 382 ὁ
429 332 812 400 παραγενόμενος
837 335 894 404 ἐξ
917 336 1080 399 Ἐδώμ
1098 337 1140 398 ;”
1177 336 1437 399 τουτέστιν,
1464 337 1512 387 ἐκ
1538 337 1643 401 γῆς·
1688 333 1798 384 ἀλλ’
1828 332 1911 382 οὐκ

324 414 575 467 ἀδίδακτον
600 419 683 481 τῆς
709 423 792 468 τοῦ
819 421 946 468 Θεοῦ
974 420 1049 468 καὶ
1078 417 1268 484 Πατρὸς
1295 416 1593 486 ἀξιαγάστου
1618 414 1796 482 σοφίας
1824 411 1912 476 τὴν

324 495 420 547 ἄνω
458 497 648 561 πληθὺν
683 500 836 567 ἀφῆκε
875 499 928 549 τὸ
970 503 1178 563 Πνεῦμα,
1213 497 1495 550 διεκελεύετο
1534 498 1581 549 δὲ
1620 502 1809 560 μᾶλλον
1848 497 1911 548 ὡς

321 581 525 636 βασιλεῖ
559 584 633 629 καὶ
672 585 766 630 τῶν
806 580 934 631 ὅλων
971 581 1202 649 Δεσπότῃ
1241 580 1324 634 τὰς
1363 582 1603 647 οὐρανίους
1641 577 1950 643 ἀνοιγνύναι5

102 656 258 686 PS.XXiii.
377 660 388 675 Ι
535 662 545 676 ’
753 667 772 677 Α
841 670 867 692 (ί
890 661 910 680 ³!
1167 663 1177 678 Ι
1337 667 1346 679 e
1400 664 1423 680 ‚l
1662 663 1673 675 r
1728 665 1748 674 n
1893 660 1907 676 Χ

103 707 131 738 7·
322 669 478 714 πυλας
519 666 802 729 αναφωνουν
915 668 1072 729 Αρατε
1112 672 1269 717 πυλας
1308 687 1349 714 οι
1389 685 1612 730 αρχοντες
1652 684 1793 724 νμων,
1834 681 1909 710 και

322 750 349 772 “
374 742 607 809 ε’πάρθητε
639 742 788 794 πύλαι
819 744 1008 807 αἰώνιοι,
1035 747 1110 795 καὶ
1147 746 1465 796 εἰσελεύσεται
1502 746 1526 794 ὁ
1560 741 1792 806 βασιλεὺς
1826 744 1909 805 τῆς

323 832 348 854 “
375 824 562 894 δόξης.”
613 827 865 877 ἐνεκαίνισε
901 828 1056 877 τοίνυν
1089 828 1197 891 ἡμῖν
1231 829 1255 878 ὁ
1291 828 1465 893 Κύριος
1503 827 1635 890 ἡμῶν
1659 824 1848 889 Ἰησοῦς
1883 823 1908 873 ὁ

489 906 502 922 x
611 908 621 921 r
662 907 675 923 x
820 907 830 923 1
1114 911 1124 924 x
1195 914 1213 922 a·-
1331 911 1354 925 ν’
1391 912 1402 925 e
1473 910 1483 923 t
1608 914 1626 923 Α
1678 906 1688 921 Ι

99 906 186 990 ffb·
206 917 236 937 Χ·
321 911 536 974 Χριστος
557 915 584 937 “
603 911 711 959 οδον
738 913 1027 977 προσφατον
1054 933 1128 960 και
1157 909 1328 975 ζωσαν,
1375 933 1437 962 ως
1465 932 1489 959 ο
1519 912 1715 961 Παυλος
1741 912 1907 975 φησιν,

99 990 403 1040 lb-ix-24·00131<
445 994 554 1043 “εἰς
598 991 901 1058 χειροποίητα
946 990 1058 1056 ἅγια
1104 990 1349 1054 εἰσελθὼν,
1389 992 1501 1041 ἀλλ’
1543 994 1604 1044 εἷς
1645 988 1787 1040 αὑτὸν
1825 988 1907 1039 τὸν
1927 1010 1978 1038 10

320 1078 347 1100 ‘⁶
374 1070 586 1137 οὐρανὸν,
621 1078 703 1123 νῦν
737 1074 1090 1140 ἐμφανισθῆναι
1130 1075 1196 1142 τῷ
1233 1074 1480 1143 προσώπῳ
1514 1078 1597 1123 τοῦ
1630 1076 1756 1123 Θεοῦ
1791 1069 1906 1137 ὑπὲρ

321 1159 347 1182 “
374 1153 552 1217 ἡμῶν.”
594 1155 647 1205 οὐ
673 1154 768 1221 γὰρ
794 1154 959 1206 ἑαυτὸν
986 1156 1264 1222 ἐμφανίσων
1289 1159 1355 1225 τῷ
1388 1155 1636 1224 προσώπῳ
1670 1159 1753 1204 τοῦ
1781 1157 1906 1204 Θεοῦ

319 1237 395 1285 καὶ
436 1235 628 1302 Πατρὸς
666 1237 962 1301 ἀναβέβηκεν
1000 1239 1024 1288 ὁ
1065 1237 1293 1305 Χριστός·
1348 1237 1406 1302 ἧν
1444 1237 1536 1304 γὰρ
1575 1238 1651 1291 καὶ
1689 1235 1792 1287 ε”στι
1829 1236 1906 1286 καὶ

320 1316 455 1367 ἔσται
500 1317 573 1368 διὰ
620 1318 798 1372 παντὸς
841 1320 889 1369 ἐν
928 1321 1099 1386 Πατρῖ,
1141 1322 1216 1371 καὶ
1262 1322 1310 1370 ἐν
1349 1321 1618 1388 ὀφθαλμοῖς
1662 1323 1744 1370 τοῦ
1790 1318 1906 1368 ἰδίου

96 1406 222 1489 {fimo
321 1399 610 1465 γεννήτορος,
656 1400 794 1454 αὐτὸς
844 1401 938 1467 γάρ
989 1403 1132 1465 ἐστιν,
1177 1401 1214 1472 ᾧ
1259 1403 1541 1470 προσχαίρει
1586 1401 1661 1452 διὰ
1707 1398 1900 1453 παντός·
1926 1424 1974 1462 15

157 1473 163 1479 ”
227 1475 232 1480 ’
319 1480 463 1545 ἀνέβη
491 1481 539 1532 δὲ
568 1488 649 1533 νῦν
676 1485 737 1536 ὡς
764 1483 1012 1549 ἅνθρωπος
1046 1484 1294 1548 ἀσυνήθως
1331 1507 1379 1535 τε
1415 1485 1489 1534 καὶ
1525 1484 1669 1552 ξένως
1698 1485 1898 1549 ἐμφανι-

318 1566 492 1626 σθῆναι
532 1564 557 1614 ὁ
596 1563 747 1614 πάλαι
783 1565 961 1630 γυμνὸς
996 1566 1357 1632 ἀνθρωπότητος
1385 1565 1560 1631 Λόγος.
1617 1565 1671 1616 δι’
1701 1565 1820 1628 ἡμᾶς
1855 1563 1904 1614 δὲ

318 1649 457 1695 τοῦτο
503 1647 578 1696 καὶ
625 1645 741 1711 ὑπὲρ
784 1647 929 1710 ἡμῶν,
968 1647 1043 1697 ἵνα
1088 1650 1163 1698 καὶ
1205 1650 1265 1701 ὡς
1307 1648 1553 1714 ἄνθρωπος
1594 1648 1802 1712 εὑρεθεὶς,
1841 1647 1904 1699 ὡς·

95 1726 148 1800 ΞΒ·
169 1726 231 1758 cix.
273 1728 299 1768 d
318 1727 433 1781 Υἱὸς
458 1729 506 1778 ἐν
533 1728 724 1791 δυνάμει
757 1731 832 1779 καὶ
867 1729 987 1793 μετὰ
1013 1729 1191 1796 σαρκὸς
1218 1731 1427 1783 ἀκούσας
1453 1728 1660 1781 καθόλου
1688 1735 1715 1758 “
1738 1727 1903 1779 Κάθου

318 1816 344 1838 “
370 1811 420 1860 ἐκ
459 1810 627 1879 δεξιῶν
662 1812 792 1873 μου,”
822 1814 905 1875 τῆς
945 1812 1182 1865 υἱοθεσίας
1219 1811 1305 1876 τὴν
1335 1810 1480 1880 δόξαν
1513 1811 1611 1880 ὅλῳ
1650 1811 1706 1860 δι’
1735 1812 1901 1861 ἑαυτοῦ
1922 1832 1974 1858 20

314 1892 616 1960 παραπέμψῃ
651 1897 717 1961 τῷ
751 1894 887 1957 γένει·
933 1892 994 1946 εἷς
1020 1893 1113 1959 γάρ
1139 1895 1271 1944 ἐστιν
1297 1895 1353 1963 ἐξ
1376 1895 1519 1958 ἡμῶν,
1548 1892 1662 1944 καθὸ
1693 1892 1902 1960 πέφηνεν

315 1975 577 2039 ἄνθρωπος,
617 1976 667 2025 ἐκ
714 1975 881 2043 δεξιῶν
921 1981 1003 2026 τοῦ
1049 1979 1174 2026 Θεοῦ
1218 1977 1293 2026 καὶ
1335 1975 1539 2041 Πατρὸς,
1585 1978 1622 2025 εὶ
1667 1976 1743 2025 καὶ
1786 1972 1902 2040 ὑπὲρ

314 2056 481 2106 πᾶσαν
512 2058 644 2107 ἐστιν
673 2057 758 2121 τὴν
791 2056 962 2120 κτίσιν,
990 2059 1066 2108 καὶ
1105 2058 1356 2121 ὁμοούσιος
1393 2061 1460 2126 τῷ
1499 2058 1597 2126 ἰδίῳ
1634 2055 1898 2122 γεννήτορι,

317 2136 433 2188 καθὸ
473 2139 682 2206 πέφηνεν
714 2139 770 2207 ἐξ
804 2140 947 2189 αὐτοῦ
986 2139 1107 2192 Θεὸς
1146 2141 1195 2190 ἐκ
1235 2143 1360 2190 Θεοῦ
1401 2141 1475 2190 καὶ
1514 2143 1616 2207 φῶς
1655 2141 1704 2189 ἐκ
1743 2138 1902 2207 φωτὸς

317 2218 437 2269 κατὰ
463 2219 705 2283 ἀλήθειαν.
757 2221 1046 2288 ἐνεφανίσθη
1073 2221 1241 2283 τοίνυν,
1270 2224 1331 2274 ὡς
1357 2222 1603 2288 ἄνθρωπος
1630 2219 1743 2286 ὑπὲρ
1769 2220 1900 2283 ἡμῶν
1921 2242 1970 2281 25

279 2304 384 2368 θτῷ
419 2303 590 2367 Πατρὶ,
616 2301 692 2351 ἵνα
727 2301 848 2364 ἡμᾶς
882 2301 990 2355 τοὺς
1024 2304 1073 2353 ἐκ
1111 2303 1375 2369 προσώπου
1412 2302 1667 2368 γεγονότας
1705 2300 1781 2352 διὰ
1813 2300 1900 2365 τὴν

317 2383 518 2449 ἀρχαίαν
560 2382 856 2448 παράβασιν,
898 2383 1061 2451 στήσῃ
1112 2383 1260 2435 πάλιν
1310 2387 1372 2438 ὡς
1423 2385 1471 2434 ἐν
1520 2384 1767 2452 προσώπῳ
1814 2388 1898 2434 τοῦ

320 2463 530 2531 Πατρός·
573 2464 828 2526 κεκάθικεν,
854 2467 916 2518 ὡς
943 2464 1072 2528 Υἱὸς,
1098 2466 1173 2516 ἵνα
1207 2468 1282 2517 καὶ
1317 2467 1445 2530 ἡμεῖς
1471 2469 1532 2520 ὡς
1559 2468 1646 2517 υἱοὶ
1673 2465 1727 2516 δι’
1756 2467 1898 2517 αὐτοῦ

316 2547 686 2613 χρηματίσωμεν
712 2549 786 2598 καὶ
811 2546 950 2597 τέκνα
977 2551 1118 2599 Θεοῦ.
1172 2547 1319 2599 διάτοι
1350 2554 1488 2599 τοῦτο
1514 2551 1590 2599 καὶ
1625 2550 1650 2599 ὁ
1678 2552 1894 2612 Παῦλος,

97 2617 198 2648 2C0r.

94 2660 160 2690 3555,
174 2669 202 2699 3·
316 2629 340 2678 ὁ
368 2627 449 2678 τὸν
475 2627 694 2694 Χριστὸν
720 2629 840 2695 ε”χειν
865 2631 914 2679 ἐν
940 2630 1088 2697 ἑαυτῷ
1119 2635 1363 2681 λαλοῦντα
1389 2630 1739 2694 διατεινόμενος,
1767 2629 1897 2681 κοινὰ
1917 2651 1967 2687 30

316 2714 373 2776 τῇ
426 2710 569 2776 φύσει
619 2715 677 2776 τῇ
727 2712 992 2779 ἀνθρωπεία
1044 2710 1102 2761 τὰ
1153 2716 1214 2765 εἷς
1265 2711 1406 2763 αὑτὸν
1457 2715 1609 2766 ἱδικῶς
1668 2712 1897 2778 γεγονότα

362 2892 394 2925 6.
421 2894 451 2926 οἱ
468 2894 629 2938 ἄρχοντες
647 2906 716 2928 om.
736 2895 776 2928 E,
897 2896 929 2929 S.
957 2897 974 2927 ὁ
991 2896 1050 2929 alt.
1069 2903 1291 2941 assumptum
1309 2908 1350 2930 ex
1371 2897 1411 2931 E.
1534 2908 1589 2931 21.
1615 2897 1652 2940 ἐξ
1670 2909 1739 2931 om.
1761 2898 1893 2942 Migne.

316 2948 438 2980 21-24e
469 2940 496 2972 A
515 2940 665 2984 πέφηνεν
683 2941 724 2974 ad
744 2941 895 2985 πέφηνεν
912 2943 1062 2976 transilit
1080 2943 1121 2977 E.
1267 2943 1321 2976 26.
1348 2943 1386 2976 ἵν’
1407 2943 1447 2977 Ε.
