2001 3261
321 125 401 165 178
719 125 768 164 Β.
802 124 1079 165 CYRILLI
1120 125 1500 166 ALEXANDR.
1757 122 1812 161 ix.
1833 131 1897 170 24.

318 235 394 283 καὶ
426 233 667 284 πιστεύειν
698 235 854 289 αὐτοῖς
888 234 1205 298 ἐπιτάττουσι,
1232 234 1318 286 κᾶν
1348 238 1430 299 τῆς
1465 231 1689 285 ἀνωτάτω
1727 234 1899 282 πασῶν

317 316 539 376 ἀσεβείας
571 315 823 380 ἁπτόμενοι
849 318 1121 386 ἀμαρτωλὶν
1147 315 1261 368 εῖναι
1288 317 1486 383 λέγουσι
1512 316 1595 367 τὸν
1620 316 1686 366 ἐπ’
1717 312 1899 382 ὀλέθρῳ

316 400 399 460 τῆς
434 399 663 464 ἁμαρτίας
698 398 1073 462 ἐπιδημήσαντα.
1130 402 1204 450 καὶ
1241 402 1322 463 τῆς
1356 399 1440 463 μὲν
1467 401 1541 450 ἐπὶ
1575 402 1713 448 τοῦτο
1748 417 1894 445 συκο-

271 482 519 548 (Ιφαντίας
559 482 777 545 οὐδεμίαν
816 486 1062 535 παντελῶς
1101 481 1475 547 παρακομίζουσι
1519 479 1605 544 τὴν
1647 477 1899 545 ἀπόδειξιν,

315 561 706 628 περιαυτιζόμενοι
747 562 794 613 δὲ
833 565 909 613 καὶ
949 567 1231 630 φρονοῦντες
1269 565 1342 631 ἐφ’
1370 565 1548 616 ἑαυτοῖς
1585 562 1709 626 με’γα
1745 583 1790 611 τι
1823 559 1942 610 καὶ5

316 644 528 712 ἐξαίσιον
562 645 617 695 δι’
650 644 762 695 αὐτὸ
803 644 859 708 δὴ
898 647 974 695 καὶ
1012 645 1156 708 μόνον
1195 645 1248 696 τὸ
1288 647 1506 711 ἡγεῖσθαι
1546 648 1677 695 λαῶν
1709 646 1767 709 τῇ
1805 645 1900 692 τῶν

315 726 589 792 προσώπων
610 726 887 796 περιφανείᾳ
913 727 998 791 τὴν
1017 728 1181 779 πίστιν
1208 728 1494 795 χαρίζεσθαι,
1515 729 1589 778 καὶ
1616 725 1827 790 καθάπερ
1851 724 1900 773 ἐν

316 807 597 876 ὀφλήματος
627 807 758 877 τάξει
792 809 1080 860 καταθέσθαι
1113 809 1471 861 διακελεύονται.
1533 806 1587 859 τὸ
1620 805 1713 873 γάρ
1737 806 1898 873 εΙ-Ιμέῖς

316 887 507 958 οἴδαμεν,
543 890 629 954 τὴν
663 890 953 958 ἀσύγκριτον
989 895 1154 943 ὠδῖνον
1190 893 1455 961 ὑπεροψίαν
1491 891 1731 941 ἁλώσεται
1768 886 1899 954 παρά

313 995 370 1037 γε
413 978 509 1027 τοῖς
548 972 632 1024 τον
670 975 847 1024 ἑαυτῶν
890 973 1189 1025 λανθάνοντα
1231 975 1547 1041 βασανίζουσι
1591 977 1714 1023 νοῦν.
1785 969 1895 1021 ἀλλ’
1921 991 1970 1016 10

313 1055 417 1106 ε”στι
455 1058 702 1107 κάντεῦθεν
733 1056 786 1106 οὐ
821 1057 1017 1122 μετρίως
1056 1057 1394 1119 ἀποθαυμάσαι
1425 1056 1508 1108 τὸν
1541 1060 1634 1106 τῶν
1659 1053 1899 1104 Ἰουδαίων

313 1136 624 1200 ἀπόπληκτον
669 1143 792 1188 νοῦν.
867 1139 1132 1189 ἀνατιθέναι
1183 1138 1276 1205 γὰρ
1328 1145 1390 1209 τῷ
1434 1144 1532 1208 Θεῷ
1578 1136 1663 1201 τὴν
1707 1137 1781 1187 ἐπὶ
1830 1138 1898 1203 τῷ

275 1220 570 1290 θπαραδόξῳ
619 1218 1000 1284 προστάττοντες
1048 1217 1191 1290 δοξαν,
1244 1218 1323 1272 ἅτε
1377 1218 1433 1283 δὴ
1485 1223 1559 1270 καὶ
1617 1217 1746 1287 μόνῳ
1801 1221 1897 1268 τῶν

312 1300 534 1352 τοιούτων
560 1301 747 1370 ἐργάτῃ,
774 1301 856 1352 τὸν
882 1303 939 1371 ἐξ
967 1304 1133 1356 οἰκείας
1161 1303 1326 1371 ἰσχύος
1351 1302 1669 1368 ἐνεργήσαντα
1698 1300 1786 1362 [τὰ]
1812 1305 1896 1351 τοῦ

312 1386 438 1434 Θεοῦ
471 1384 819 1449 κατακρίνουσι,
854 1388 929 1435 καὶ
968 1387 1055 1453 οὐχ
1094 1385 1221 1439 ὅπως
1260 1387 1390 1436 αὐτοὶ
1427 1385 1561 1448 μόνοι
1594 1388 1636 1435 οἱ
1671 1383 1891 1446 τάλανες,
1919 1406 1966 1444 15

310 1470 603 1535 συμφρονεῖν
635 1465 683 1517 δὲ
719 1469 793 1517 καὶ
830 1467 1011 1534 ἑτέρους
1046 1467 1436 1533 ἐπαναγκάζουσι·
1478 1466 1599 1535 μόνῃ
1635 1465 1684 1516 δὲ
1720 1465 1896 1530 γνώσει

309 1552 368 1616 τῇ
394 1550 571 1599 ἑαυτῶν
596 1548 908 1613 ἀπονέμοντες
942 1550 997 1601 τὸ
1032 1551 1197 1601 εἰδέναι
1231 1555 1403 1619 σαφῶς
1441 1553 1502 1603 ὡς
1528 1550 1798 1619 ἀμαρτωλὶς
1827 1547 1895 1612 ε’ίη

310 1628 543 1695 Χριστὸς,
578 1631 836 1696 ἀγνοοῦσιν
871 1631 999 1686 ὅπως
1037 1631 1096 1683 τὰ
1130 1633 1345 1700 χείριστα
1382 1635 1464 1695 τῆς
1499 1631 1664 1684 οἰκείας
1699 1630 1889 1697 καθορί-

310 1710 443 1777 ζουσι
475 1716 701 1780 κεφαλῆς.
758 1713 885 1764 πολὺ
919 1713 1013 1780 γὰρ
1047 1720 1147 1768 ταῖς
1182 1715 1509 1778 νομομαθείαις
1544 1715 1761 1780 ἐπαυχεῖν
1787 1716 1889 1763 εἷω-

309 1792 453 1856 θότες,
481 1796 556 1845 καὶ
582 1800 678 1848 τοῖς
704 1798 837 1862 ἱεροῖς
864 1796 1116 1864 ἀφορήτως
1148 1795 1592 1862 ε’πισοβαρευόμενοι
1617 1794 1888 1860 γράμμασι,
1914 1821 1964 1847 20

307 1876 493 1942 μείζονα
530 1876 586 1940 δὴ
619 1876 807 1930 πάντως
840 1879 1127 1928 ἀποτίσουσι
1159 1879 1289 1943 δίκην
1317 1881 1378 1931 ὡς
1403 1878 1510 1946 ἐξὸν
1536 1877 1620 1940 μὲν
1648 1877 1809 1927 εἰδέναι
1837 1875 1892 1927 τὸ

87 1971 164 2007 617
179 1970 228 2006 A.
268 1959 380 2008 ιιέπῖ
421 1962 619 2027 Χριστῷ
666 1958 928 2025 μυστήριον
972 1959 1049 2011 διοί
1091 1983 1138 2010 τε
1185 1960 1330 2023 νόμου
1376 1963 1449 2010 καὶ
1493 1964 1588 2010 τῶν
1631 1963 1893 2026 προφητῶν

307 2042 567 2095 πολυειδῶς
599 2041 942 2105 ἐκτυπούμενόν
969 2065 1018 2093 τε
1045 2044 1119 2093 καὶ
1146 2043 1403 2104 βοώμενον,
1429 2040 1720 2105 αὐτόκλητον
1744 2040 1792 2091 δὲ
1817 2038 1892 2091 διὰ

305 2124 496 2185 πολλῆς
547 2123 670 2187 ἄγαν
720 2127 801 2187 τῆς
850 2125 1081 2192 ῥᾳθυμίας
1134 2125 1417 2190 ἁρπάζοντες
1468 2124 1681 2189 ἄγνοιαν,
1736 2122 1764 2188 ἢ
1816 2125 1892 2174 καὶ

305 2202 475 2257 εἰδότες
513 2203 597 2267 μὲν
636 2206 856 2270 ἀκριβῶς,
896 2205 961 2269 μὴ
1000 2205 1093 2269 μὴν
1129 2205 1244 2272 ὅπερ
1282 2206 1370 2256 ἔδει
1410 2209 1525 2271 δρᾶν
1561 2207 1637 2255 καὶ
1674 2204 1890 2268 μάλιστα
1912 2226 1962 2265 25

305 2284 560 2351 προθύμως
605 2286 916 2349 ε’θελήσαντές
965 2310 1095 2338 ποτε.
1167 2291 1485 2353 παιδαγωγεῖν
1528 2286 1620 2353 γὰρ
1665 2287 1753 2337 ε”δει
1797 2291 1890 2337 τῶν

305 2368 540 2432 ἀγελαίων
566 2366 648 2418 τὸν
675 2373 783 2418 νοῦν
805 2367 924 2434 πρὸς
951 2368 1228 2437 κατάληψιν
1254 2374 1349 2419 τῶν
1375 2371 1449 2420 ἐπὶ
1477 2372 1677 2438 Χριστῷ
1701 2391 1886 2433 μυστη-

303 2448 430 2514 ρίων,
460 2450 535 2499 καὶ
575 2453 827 2514 πειρᾶσθαι
867 2455 1059 2513 μᾶλλον
1093 2454 1405 2516 καθηγεῖσθαι
1443 2455 1537 2501 τῶν
1571 2450 1736 2501 ἄλλων
1770 2449 1890 2516 πρὸς

302 2530 561 2596 ἐπίγνωσιν
593 2529 659 2581 ῶν
693 2530 783 2581 ἔδει
817 2535 998 2595 μαθεῖν.
1055 2531 1166 2582 ἀλλ’
1195 2534 1237 2582 οὶ
1271 2537 1466 2587 πλατεῖς
1501 2535 1563 2586 εἰς
1601 2531 1787 2598 λόγους,
1813 2534 1889 2583 καὶ

349 2692 383 2727 6.
411 2692 451 2727 δι’
471 2693 552 2727 αὐτὸ
571 2693 610 2737 δὴ
631 2693 673 2727 Β.
693 2694 747 2727 διὰ
765 2696 865 2728 τοῦτο
883 2694 919 2728 δὲ
940 2694 1059 2729 Holst.
1079 2695 1133 2728 διὰ
1151 2697 1252 2729 τοῦτο
1270 2694 1338 2729 Ed.
1452 2706 1506 2730 10.
1533 2696 1659 2730 ἑαυτῶν
1674 2694 1885 2729 λανθάνοντα

303 2739 346 2773 Β.
364 2740 483 2774 ἑαυτὸν
499 2740 708 2784 μανθάνοντα
729 2740 791 2774 Ht.
812 2741 878 2775 Ed.
897 2742 1107 2775 λανθάνοντα
1120 2742 1193 2786 jam
1212 2741 1453 2776 emendavisse
1472 2742 1686 2776 Cotelerium
1702 2741 1883 2784 (Monum.

300 2785 336 2819 ii.
355 2787 452 2830 585.)
471 2787 615 2821 adnotat
635 2787 769 2831 Migne.
917 2799 970 2832 13.
995 2790 1086 2835 μόνῳ
1105 2788 1266 2822 emendat
1288 2789 1417 2833 Heyse.
1435 2790 1516 2831 μόνο
1535 2789 1617 2832 (sic)
1635 2788 1675 2822 Β.
1692 2789 1796 2831 μόνον
1814 2787 1882 2821 Ed.

304 2842 358 2874 14.
384 2833 507 2877 ἐργάτῃ
530 2833 692 2867 emendat
713 2834 841 2879 Heyse.
860 2833 1005 2879 ἐργάτην
1023 2834 1065 2868 Β.
1085 2834 1152 2869 Ed.
1224 2835 1265 2869 τὰ
1288 2836 1447 2879 supplevi
1470 2836 1606 2869 favente
1630 2846 1674 2874 a.,
1693 2834 1753 2880 qui
1770 2835 1828 2868 τὸν
1845 2834 1881 2868 δέ

299 2879 337 2911 τὸ
355 2881 414 2912 τοῦ
432 2879 509 2913 θεοῦ
527 2881 627 2924 ἔργον
642 2879 831 2924 ποιήσαντα
848 2881 998 2915 exhibet.
1106 2892 1159 2927 19·
1185 2881 1275 2916 πολὺ
1295 2881 1335 2915 Β.
1352 2882 1480 2915 πολλοὶ
1500 2882 1562 2915 Ht.
1582 2880 1648 2915 Ed.
1754 2891 1810 2916 21.
1837 2881 1882 2917 ὡς·

300 2923 377 2967 ἐξὸν
394 2924 437 2960 Β.
455 2926 493 2968 ἐξ
510 2927 555 2960 ὧν
574 2927 638 2961 Hb.
658 2926 725 2961 Ed.
869 2938 925 2970 24.
952 2927 1064 2972 ἢ-μὴ
1081 2928 1146 2972 μὴν
1165 2928 1207 2961 Β.
1227 2927 1408 2973 εἷ-γεμὴν
1426 2927 1493 2962 Ed.
