2022 3272
113 119 458 172 xii.46,48.1N
493 121 729 162 S.J0AN.
791 122 1053 163 Llsswsffl.
1117 123 1500 162 lvlmflxlliwl'A.
1617 123 1692 160 :3:51

135 263 384 321 'Esd)‹pdm
423 265 482 307 εἰς
520 269 593 309 τὸν
633 269 790 316 κόσμον
828 268 1138 319 ἐλήλυθα,ἴνα
1178 271 1260 308 Πᾶς
1299 270 1320 311 ὁ
1360 268 1568 307 Γηοτωὴην
1608 265 1667 306 εἰς
1721 268 1766 310 46

556 350 631 399 ἐμὲ
668 351 713 392 ἐν
751 354 801 408 τῇ
841 350 1080 409 σκοτὰᾳμιή
1120 350 1256 407 μεὼῌ.
1719 368 1739 391 e

187 450 311 503 Ἰδοὺ
341 452 488 504 πάλιν
514 457 576 507 εἰς
608 452 773 504 ἑαυτὸν
799 451 994 520 ἁρπάζει
1028 453 1114 518 τὴν
1138 455 1317 514 πίστιν,
1344 455 1419 503 καὶ
1458 452 1541 502 δύο
1579 451 1699 501 κατὰ

113 531 286 584 ταύτὸν
335 534 515 603 ἐξανύει
562 533 621 586 τὰ
670 535 1028 602 χρησιμώτατα.
1108 535 1207 604 φῶς
1256 534 1342 598 μὲν
1391 533 1485 600 γὰρ
1534 532 1700 584 ἑαυτὸν

72 615 341 683 5ὑπάρχειν
385 618 653 683 ὁμολογῶν,
697 615 823 667 Θεὸν
872 616 986 668 ὅντα
1031 616 1151 668 κατὰ
1195 617 1345 686 φύσιν
1388 616 1693 667 ἀποδεικνύει·

114 696 244 766 μόνῳ
271 697 364 764 γὰρ
391 703 457 768 τῷ
484 699 628 767 φύσει
655 702 764 767 Θεῷ
789 699 953 765 πρέπει
985 698 1038 749 τὸ
1074 701 1195 749 οὕτω
1223 702 1487 749 καλεῖσθαι.
1539 720 1695 762 προσ-

115 780 207 832 θεὶς
243 779 291 830 δὲ
326 783 409 844 τῆς
444 781 653 850 ἀφίξεως
688 779 775 844 τὴν
802 781 968 843 αἰτίαν,
998 783 1214 847 ἐρυθριᾶν
1244 781 1479 831 ἀναπείθει
1511 778 1593 830 τὸν
1616 782 1699 842 τῆς

115 864 179 914 εἷς
225 862 368 913 αὐτὸν
410 862 598 928 ἀγάπης
643 862 1025 929 ὀλιγωρήσαντα·
1090 865 1164 913 καὶ
1210 862 1281 913 ὅτι
1326 860 1509 926 ἀνάγκη
1549 861 1700 925 δήπου

116 948 251 1006 νοεῖν,
276 945 324 995 ἐν
355 944 516 996 σκότει
552 945 662 999 τέως
698 944 923 1012 ὑπάρχειν
954 944 1061 998 τοὺς
1098 946 1227 996 οὔπω
1260 943 1632 1006 πιστεύσαντας,
1664 943 1706 993 εἴ

49 1049 96 1074 10
116 1048 169 1091 γε
203 1024 363 1089 μόνοις
394 1032 490 1081 τοῖς
513 1026 887 1078 πεπιστευκόσιν
915 1031 975 1081 εἰς
1013 1027 1154 1078 αὑτὸν
1182 1026 1378 1094 ὑπάρχει
1412 1025 1465 1076 τὸ
1502 1027 1550 1075 ἐν
1577 1026 1699 1094 φωτὶ
1719 1048 1739 1071 a
1777 1038 1852 1072 713
1867 1037 1922 1070 A·

115 1107 338 1173 γενέσθαι
364 1112 430 1178 τῷ
455 1110 565 1176 παρ’
594 1110 750 1161 αὐτοῦ.
797 1109 900 1174 ἄγει
936 1109 983 1160 δὲ
1021 1108 1188 1162 αὐτοὺς
1223 1111 1298 1159 καὶ
1334 1113 1395 1161 εἷς
1432 1106 1700 1169 ἀνάμνησιν

115 1193 211 1240 τῶν
235 1196 489 1258 πολλαχοῦ
513 1192 620 1257 περὶ
646 1191 788 1242 αὑτοῦ
815 1191 1079 1256 εἰρημένων,
1105 1191 1157 1241 δι’
1187 1188 1252 1240 ὧν
1278 1190 1406 1257 ἥξειν
1429 1187 1701 1255 προηγγελ-

116 1277 228 1322 λετο
266 1270 351 1335 τὴν
388 1272 660 1336 οἰκουμένην
698 1273 1066 1341 καταφωτίσων·
1111 1272 1274 1322 ὁποῖόν
1313 1273 1415 1321 ἐστι
1454 1269 1508 1321 τό
1535 1277 1562 1299 “
1585 1274 1697 1320 Φω-
1763 1281 1913 1312 Es.1x.1.

117 1359 145 1382 “
170 1353 218 1404 τί
240 1376 294 1404 ου
339 1354 544 1422 φωτίζον
582 1353 918 1421 Ἰερουσαλήμ·
980 1354 1077 1417 ἥκει
1127 1352 1222 1419 γάρ
1266 1376 1358 1403 σου
1402 1352 1456 1402 τὸ
1502 1356 1603 1421 φῶς
1646 1351 1700 1402 τὸ

51 1441 146 1495 15“
169 1435 408 1500 ἀληθινὸν,
451 1438 526 1487 καὶ
574 1437 602 1501 ἡ
647 1435 766 1504 δόξα
810 1436 989 1502 Κυρίου
1033 1437 1106 1487 ἐπὶ
1145 1435 1203 1486 σὲ
1242 1433 1595 1496 ἀνατέταλκεν,”
1625 1436 1701 1484 καὶ

116 1514 170 1567 τό
202 1517 634 1586 ((Ἐξαπόστειλον
671 1517 725 1569 τὸ
771 1522 874 1586 φῶς
915 1541 1007 1569 σου
1052 1519 1127 1568 καὶ
1172 1516 1259 1581 τὴν
1297 1514 1524 1580 ἀλήθειάν
1561 1515 1698 1566 σου.”
1764 1523 1923 1563 Ps.xlii.3.

116 1596 278 1662 ὅμοιον
302 1601 385 1651 οὖν
410 1602 472 1654 ὡς
504 1604 541 1651 εἰ
577 1599 741 1667 ἐ’λεγεν
766 1600 898 1665 Ἐγώ
933 1605 1024 1663 εἰμι
1060 1598 1114 1651 τὸ
1150 1599 1248 1669 φῶς
1283 1599 1337 1650 τὸ
1373 1601 1421 1649 ἐν
1446 1603 1504 1667 τῇ
1537 1602 1702 1667 γραφῇ
1722 1610 1749 1651 b

116 1681 378 1751 ἀφίξεσθαι
402 1683 802 1748 προσδοκώμενον
828 1684 902 1734 ἐπὶ
928 1682 1141 1750 σωτηρία
1163 1688 1247 1733 τοῦ
1274 1681 1473 1744 κόσμου,
1499 1681 1616 1747 πρὸς
1649 1681 1704 1731 τὸ

118 1764 328 1831 φωτίσαι
353 1764 460 1818 τοὺς
487 1767 535 1816 ἐν
560 1764 722 1816 σκότει
748 1764 1084 1828 πλανωμένους
1111 1766 1171 1817 ὡς
1199 1766 1246 1814 ἐν
1275 1764 1415 1814 νυκτί.

52 1924 101 1950 20
178 1915 234 1957 ‘()
273 1916 399 1962 λόΓοε
437 1917 484 1959 ὃν
522 1915 728 1965 ἑλάλΗσα,
766 1914 929 1957 ἑκάᾯοε
970 1912 1101 1971 κρηωῖ
1139 1914 1268 1955 αὐτὸν
1306 1915 1349 1955 ἐν
1389 1919 1439 1970 τῷ
1478 1914 1633 1969 ἐσχάτῌ
1722 1914 1769 1959 48

832 1999 984 2055 ἡμέρᾳ.

194 2094 630 2160 Αὐτοκατακρίτους
668 2095 749 2145 οὖν
790 2099 942 2162 φησιν
980 2094 1177 2145 ε”σεσθαι
1216 2093 1321 2147 τοὺς
1360 2094 1503 2143 αὐτοῦ
1539 2114 1697 2157 παρα·

119 2177 342 2231 κουόντας
379 2179 454 2228 καὶ
492 2177 546 2227 οὐ
583 2176 996 2245 προσδεξαμένους
1035 2175 1120 2240 τὴν
1154 2175 1405 2242 σώζουσαν
1438 2174 1619 2225 πίστιν.
1675 2174 1741 2223 ὀο

119 2332 229 2352 σεται.
275 2316 332 2352 ὅτε
360 2317 426 2362 γὰρ
455 2316 494 2350 τὸ
522 2317 742 2360 μεσολαβοῦν
767 2315 875 2356 οὐδὲν,
901 2316 956 2349 διὰ
980 2316 1093 2359 πάσης
1120 2315 1189 2359 ἥξει
1218 2316 1277 2358 τῆς
1301 2313 1398 2359 ἁγίας
1422 2313 1564 2357 Τριάδος
1589 2312 1607 2355 ἦ
1637 2316 1703 2346 τῶν

118 2365 348 2399 πιστευόντων
364 2362 454 2406 τιμὴ.
480 2375 500 2396 a
517 2363 591 2406 (fol.
612 2362 708 2407 556).
727 2363 751 2396 k
769 2362 846 2406 (fol.
867 2363 959 2406 108).
1011 2362 1110 2399 Quae
1135 2362 1190 2395 hic
1217 2361 1375 2400 exhibeo,
1394 2360 1437 2393 ad
1462 2359 1546 2405 quid
1567 2359 1612 2392 D.
1633 2358 1702 2403 Cy-

121 2411 189 2445 rilli
206 2422 295 2455 opus
313 2410 509 2454 pertineant
526 2410 697 2443 nesciens,
890 2420 919 2442 1.
946 2408 1138 2451 ἵνα-μείνῃ
1158 2409 1192 2442 k.
1210 2408 1346 2441 favente
1364 2419 1394 2441 a,
1411 2407 1464 2440 καὶ
1481 2406 1522 2439 τὰ
1539 2406 1616 2449 ἑξῆς
1635 2405 1701 2439 Ed.

121 2468 156 2502 3.
182 2457 258 2491 Ine.
281 2456 371 2490 Ἰδοὺ
395 2468 426 2490 (ε.
454 2455 561 2490 Cord.
627 2455 755 2489 Statim
781 2456 817 2489 δὲ
842 2455 978 2489 addunt
1003 2456 1106 2489 a.c.k.
1133 2454 1239 2488 Cord„
1327 2453 1397 2487 κατ’
1420 2454 1521 2487 αὐτὸν
1543 2464 1573 2486 c.
1593 2451 1700 2485 Cord.

121 2516 155 2546 4.
179 2503 240 2547 μὲν
257 2514 326 2536 Om.
347 2514 377 2536 c.
397 2501 503 2536 Cord.
615 2511 648 2546 5.
676 2503 763 2535 Θεὸν
780 2513 850 2536 om.
868 2514 897 2536 c⁴
961 2502 1179 2536 ἀποδείκνυσι
1198 2513 1227 2535 c.
1247 2500 1355 2535 Cord.
1423 2499 1548 2533 Statim
1564 2499 1702 2544 μόνῳ-

122 2549 300 2584 καλεῖσθαι
318 2560 388 2582 Om.
407 2560 437 2582 C.
455 2547 564 2582 Cord.
696 2548 729 2581 8.
755 2548 873 2582 ἑαυτὸν
892 2548 1037 2592 (errore)
1057 2547 1151 2581 Aub.
1281 2558 1314 2590 9.
1342 2547 1454 2592 σκότῳ
1473 2545 1572 2578 a.c.k.
1593 2543 1700 2577 Cord.

126 2608 179 2631 10.
207 2596 253 2631 εἷς
269 2595 370 2629 αὐτὸν
387 2606 457 2628 om.
477 2606 505 2628 c.
526 2593 633 2629 cord.
699 2594 824 2627 Statim
842 2594 982 2638 ὑπάρξει
1000 2606 1029 2628 c.
1049 2593 1155 2627 Cord.
1255 2604 1308 2626 11.
1334 2593 1423 2637 αὐτῷ
1443 2590 1587 2635 (errore)
1607 2589 1701 2623 Aub.

125 2654 180 2677 12.
205 2643 282 2687 περὶ
299 2642 401 2675 αὐτοῦ
417 2642 601 2685 πολλαχῶς
619 2651 648 2674 c.
667 2639 774 2674 Cord.
861 2639 1092 2685 ἐπηγγέλλετο
1111 2651 1141 2672 a.
1335 2649 1387 2682 13.
1413 2636 1652 2682 καταφωτίζων
1669 2647 1700 2669 C.

123 2689 231 2724 Cord.
386 2698 439 2729 14.
465 2701 530 2721 σου
547 2698 617 2720 om.
637 2686 743 2720 Cord.
762 2686 866 2720 habet
883 2698 914 2720 c,
985 2687 1023 2719 τὸ
1041 2685 1201 2728 ἀληθινόν
1218 2696 1288 2718 om.
1307 2685 1376 2717 a.k.
1395 2683 1526 2717 habent
1543 2694 1572 2716 c.
1593 2681 1700 2716 Cord.

124 2735 202 2769 Cat.
224 2735 322 2769 Harl„
496 2742 547 2775 15,
572 2732 622 2766 16.
650 2733 702 2765 καὶ
720 2732 737 2775 ἡ
757 2733 839 2776 δόξα
860 2731 918 2777 [4
935 2734 995 2766 τοῦ
1015 2731 1350 2776 Οονά.]--ἁλὴθειάν
1368 2745 1432 2764 σου
1449 2730 1515 2762 hoc
1533 2728 1654 2762 ordine
1671 2740 1701 2762 c.

124 2781 231 2816 Cord.
249 2787 282 2815 et
304 2783 351 2814 ita
377 2779 552 2813 desinunt.
572 2779 624 2812 καὶ
650 2778 668 2822 ἡ
694 2778 1048 2821 δόξα-ἀνατέταλκεν
1066 2777 1194 2811 desunt
1218 2778 1254 2810 in
1279 2777 1347 2810 a.k.
1366 2782 1444 2820 post
1460 2775 1620 2818 ἀλήθειάν
1637 2790 1701 2809 σου

123 2828 321 2872 transponit
339 2826 416 2861 Cat.
438 2826 536 2859 Harl.
554 2825 648 2858 unde
665 2825 759 2858 Aub.
861 2837 911 2868 19.
939 2826 1050 2870 σκότῳ
1068 2825 1134 2858 a.k.
1229 2834 1283 2857 20.
1299 2823 1339 2856 ‘O
1357 2822 1614 2868 λόγος-ἡμέρᾳ
1633 2822 1701 2854 a.k.

125 2875 174 2908 Οὐ
190 2876 256 2920 γὰρ
273 2873 379 2917 ἦλθον
394 2871 446 2906 ἵνα
465 2873 564 2915 κρίνω
582 2873 640 2904 τὸν
657 2872 796 2914 κόσμον,
815 2871 891 2903 ἀλλ’
910 2869 960 2904 ἵνα
980 2873 1084 2905 σώσω
1103 2872 1161 2905 τὸν
1177 2872 1307 2912 κόσμον
1325 2869 1390 2903 Ed.
1512 2880 1567 2913 23.
1591 2882 1700 2912 προσ-

124 2921 324 2965 δεξαμένους
342 2920 409 2954 a.k.
428 2918 721 2963 παραδεξαμένους
741 2918 816 2951 Cat.
839 2917 936 2950 Harl.
959 2917 1023 2951 Ed.

854 2984 878 3010 Γ
902 2987 926 3010 U
951 2984 974 3012 2
