1971 3272
124 124 175 163 ix.
198 137 235 173 2,
255 137 292 177 3.
370 123 444 163 IN
489 124 529 164 S.
564 124 902 164 JOANNEM.
966 124 1192 165 LIBNL
1256 125 1389 165 CAP.
1430 126 1459 165 l.
1628 125 1703 163 1⁶11

122 240 148 262 ‘⁶
177 239 258 284 νῦν
298 233 538 302 ὑψωθήτω
578 234 717 301 ἰσχύς
756 257 849 284 σου
888 234 1046 300 Κύριε,
1079 233 1132 285 ὃν
1168 234 1346 301 τρόπον
1380 233 1513 288 εἶπας
1553 235 1709 298 λέγων

122 324 148 346 “
178 317 353 381 Κύριος
404 318 479 367 καὶ
529 316 831 383 μακρόθυμος
884 319 959 367 καὶ
1009 317 1272 371 πολυὲλεος
1327 319 1402 367 καὶ
1459 315 1704 380 ἀληθινὸς,

119 406 146 427 “
173 400 390 467 ἀφαιρῶν
417 400 612 464 ἀνομίας
639 401 713 450 καὶ
742 401 923 453 ἀδικίας
949 402 1025 450 καὶ
1053 401 1295 466 ἁμαρτίας·
1325 402 1400 450 καὶ
1426 404 1710 469 καθαρισμῴ

120 488 146 510 “
171 483 224 532 οὐ
264 486 477 547 καθαριεῖ
511 480 593 532 τὸν
625 481 802 549 ἔνοχον,
830 482 1079 536 ἀποδιδοὺς
1118 483 1350 548 ἁμαρτίας
1388 483 1604 547 πατερων
1635 483 1709 533 ἐπὶ

78 578 99 616 5
120 572 146 593 “
170 565 308 614 τέκνα
335 565 419 617 ἕως
443 564 602 629 τρίτης
634 567 709 615 καὶ
746 564 971 631 τετάρτης
997 569 1177 631 γενεᾶς·
1219 564 1338 634 ἄφες
1364 564 1451 628 τὴν
1478 565 1711 630 ἁμαρτίαν

120 654 146 676 “
172 652 237 715 τῷ
278 651 381 716 λαῷ
417 647 567 717 τούτῳ
608 647 727 698 κατὰ
767 647 820 698 τὸ
859 648 982 713 με’γα
1023 646 1152 701 ἐ’λεός
1192 671 1299 711 σου,
1326 646 1536 713 καθάπερ
1572 649 1710 702 ἵλεως

119 737 146 759 “
173 731 327 783 αὐτοῖς
377 729 535 795 ε’γένου
586 729 680 780 ἀπὸ
725 730 972 794 Αἰγύπτου
1024 731 1109 784 ἕως
1159 735 1242 781 τοῦ
1295 730 1424 781 νῦν.”
1485 729 1709 780 δέδεικται

117 812 272 863 τοίνυν
300 815 361 866 ὡς
399 812 539 867 αὐτὸς
573 814 721 882 ἑαυτῷ
756 812 810 863 τὸ
848 811 1193 881 φιλάνθρωπον
1219 815 1525 878 ἐπιμαρτυρεῖ
1552 813 1626 862 καὶ
1654 810 1753 863 τδᾶ

118 895 271 960 ἄκρως
312 895 587 964 ἀνεξίκακον
627 896 651 945 ὁ
695 897 768 946 ε’πί
811 894 1002 946 πάντων
1042 894 1180 949 Θεός.
1236 896 1418 960 πρέπον
1457 895 1500 944 δ’
1544 893 1602 944 ἂν
1640 894 1708 958 εἴη

6 970 8 973 γ
51 996 100 1022 10
117 977 286 1029 λοιπὸν
319 976 404 1042 τὴν
436 979 588 1029 αἰτίαν
619 983 703 1029 τοῦ
739 981 1080 1042 πεπλανῆσθαι
1119 977 1226 1031 τοὺς
1251 979 1505 1031 Ἰουδαίους
1544 981 1705 1038 εἰπεῖν,

116 1062 192 1111 καὶ
236 1059 531 1125 μνησίκακόν
569 1084 674 1112 τινα
715 1062 790 1111 καὶ
834 1060 1102 1127 βαρύμηνιν
1141 1059 1368 1128 ὑπάρχειν
1406 1059 1488 1111 τὸν
1527 1060 1710 1125 ἀγαθὸν

117 1143 249 1207 ἡμῶν
282 1143 463 1195 οἴεσθαι
498 1142 639 1195 Θεόν.

191 1227 334 1277 Ἀλλ’
379 1224 506 1290 οἶμαι
552 1224 704 1292 γεμὴν
743 1231 838 1277 τῶν
883 1226 1019 1277 θείων
1061 1227 1239 1291 λογίων
1285 1223 1546 1289 οὐδαμόθεν
1587 1223 1709 1292 ε”χειν

116 1307 283 1363 αὐτοὺς
324 1309 692 1378 ἐπιδράξασθαι,
734 1307 763 1373 ἦ
810 1311 885 1359 καὶ
926 1308 1159 1360 δύνασθαι
1202 1312 1478 1375 κατηγορεῖν
1518 1310 1580 1361 ὡς
1626 1309 1709 1359 οὐκ

51 1401 97 1440 15
118 1392 294 1457 ἄριστα
330 1392 611 1458 γεγονότων,
638 1393 748 1442 ἀλλ’
777 1391 1107 1455 ἐκβεβηκότων
1132 1390 1260 1442 πολὺ
1293 1390 1376 1442 τὸν
1411 1396 1495 1442 τοῦ
1530 1390 1708 1441 δικαίου

116 1473 311 1538 θεσμὸν,
359 1475 523 1539 μόναις
573 1474 621 1526 δὲ
671 1479 770 1529 ταῖς
823 1478 968 1543 σφῶν
1020 1475 1174 1525 αὐτῶν
1227 1475 1303 1524 καὶ
1352 1478 1491 1524 τοῦτο
1541 1476 1709 1523 παθεῖν

116 1558 336 1620 ἀμαθίαις
371 1556 552 1620 αὐτοὺς,
580 1559 642 1611 ὡς
677 1558 870 1621 νομίσαι
903 1556 1023 1608 κατὰ
1058 1556 1286 1621 ἀλήθειαν
1321 1556 1552 1622 ἁμαρτίας
1587 1554 1701 1605 ε’πά·
1725 1571 1747 1597 e

116 1644 289 1705 γεσθαι
327 1644 422 1691 τῶν
455 1639 805 1707 γεγεννηκότων
839 1641 914 1691 ἐπὶ
952 1640 1104 1702 τέκνα,
1131 1643 1208 1690 καὶ
1246 1638 1432 1705 μακρὰν
1466 1639 1587 1689 οὕτω
1626 1640 1709 1701 τῆς

116 1723 238 1777 θείας
277 1725 421 1789 ὀργῆς
459 1723 677 1789 γίνεσθαι
715 1722 801 1787 τὴν
838 1722 1125 1790 παράτασιν,
1161 1725 1223 1776 ὡς
1261 1721 1399 1790 μέχρι
1436 1721 1594 1787 τρίτης
1634 1722 1709 1771 καὶ

48 1823 98 1849 20
116 1803 340 1872 τετάρτης
375 1808 677 1874 ἀφικνεῖσθαι
712 1810 889 1871 γενεᾶς,
928 1805 1043 1872 ὑπὲρ
1081 1803 1145 1856 ὧν
1181 1805 1328 1871 ἕτεροι
1362 1802 1709 1868 κατηγόρηνται

115 1886 222 1942 τοὺς
258 1887 389 1939 οὐδὲν
415 1888 743 1954 ἡμαρτηκότας
777 1888 946 1941 ἀδίκως
981 1886 1297 1953 κολάζουσαν.
1352 1890 1453 1939 πῶς
1492 1885 1585 1952 γὰρ
1625 1886 1708 1936 οὐκ

115 1969 204 2020 ἔδει
244 1975 451 2033 μᾶλλον,
493 1970 620 2036 ε’ίπερ
664 1969 783 2023 τινὲς
827 1968 955 2033 ἦσαν
994 1971 1157 2037 σοφοὶ,
1197 1972 1547 2032 διενθυμεῖσθαι
1591 1990 1705 2033 πρε-

115 2051 313 2114 πόντως,
341 2055 403 2106 ὡς
441 2053 524 2103 οὐκ
563 2051 621 2104 ἂν
656 2052 684 2116 ἡ
723 2056 805 2116 τῆς
844 2053 1143 2116 δικαιοσύνης
1182 2050 1313 2117 πηγὴ
1353 2053 1428 2101 καὶ
1467 2055 1561 2101 τῶν
1594 2051 1705 2117 παρ’

115 2135 225 2198 ἡμῖν
264 2136 391 2199 ἠθῶν
422 2134 648 2201 δράσεται
687 2134 747 2185 τὰ
785 2136 1038 2202 αἰσχίονας
1080 2134 1322 2200 ἄνθρωποι
1360 2131 1443 2197 μὲν
1478 2132 1573 2200 γὰρ
1611 2138 1709 2187 τοῖς

46 2230 94 2268 25
114 2222 404 2283 παρανομεῖν
430 2217 618 2269 εἰωθόσι
652 2216 736 2271 τὰς
771 2219 820 2268 ἐκ
855 2221 950 2268 τῶν
977 2216 1133 2280 νόμων
1160 2215 1486 2283 ἐπιῤῥίπτουσι
1517 2214 1704 2279 ποινὰς,
1725 2235 1748 2261 a
1779 2227 1868 2262 592
1880 2225 1932 2261 A·

115 2299 248 2350 οὐδὲν
278 2299 331 2351 τὸ
366 2298 594 2366 παράπαν
626 2304 722 2353 τοῖς
760 2299 817 2368 ἐξ
853 2300 1007 2350 αὐτῶν
1039 2297 1294 2364 γεγονόσιν
1327 2298 1640 2367 ἐπιφέροντες,
1671 2302 1709 2350 εἰ

114 2376 180 2446 μὴ
219 2381 310 2448 ἄρα
342 2406 386 2433 τι
421 2382 719 2433 συνυπαίτιοι
758 2385 831 2432 καὶ
871 2382 1083 2432 κοινωνοὶ
1117 2385 1212 2432 τῶν
1243 2379 1559 2443 πταισμάτων
1595 2381 1705 2431 ἁλί-

114 2483 325 2516 σκοιντο’
368 2465 393 2515 ὁ
421 2464 468 2516 δὲ
495 2466 571 2515 καὶ
598 2464 707 2529 ἡμῖν
733 2462 841 2518 τοὺς
867 2465 940 2533 ἐφ’
969 2462 1124 2515 ἅπασι
1149 2468 1246 2518 τοῖς
1273 2463 1463 2516 δικαίοις
1490 2462 1702 2530 διορισά-

162 2629 194 2663 3.
223 2617 439 2664 καθαρισμῷ]
460 2617 678 2662 καθαρισμῶν
697 2617 791 2652 Aub.
908 2630 941 2660 4.
969 2617 1134 2662 ἁμαρτίας
1150 2617 1337 2661 ἀνθρώπων
1353 2630 1510 2660 πατερων
1528 2626 1591 2659 pro
1609 2626 1708 2649 more

116 2665 159 2699 Β.
180 2665 300 2699 Holst.
319 2664 403 2708 ἀνθρ
407 2667 505 2698 ώπων
530 2671 611 2709 post
636 2665 801 2708 ἁμαρτίαν
819 2664 881 2698 lin.
902 2676 954 2709 sq.
975 2664 1185 2708 (sphahnate
1207 2670 1246 2697 ut
1266 2662 1352 2703 vid.)
1373 2662 1592 2706 transposuit
1610 2661 1706 2696 Aub.

114 2712 287 2746 verbum
281 2723 316 2745 ln
334 2711 416 2745 edit.
436 2711 546 2745 LXX
562 2711 682 2745 deesse
700 2711 884 2745 adnotans.
961 2719 992 2755 7.
1009 2711 1075 2744 ἀπὸ
1093 2709 1258 2754 αἶγύπτου
1280 2710 1320 2743 Β.
1340 2709 1375 2742 ἐν
1392 2709 1544 2755 αἷγύπτῳ
1560 2708 1623 2742 Ht.
1637 2708 1706 2743 Ed.

119 2769 172 2793 ΙΙ.
210 2758 398 2803 βαρύμηνιν
426 2770 456 2791 a.
486 2766 519 2792 et
552 2758 599 2791 ita
631 2757 779 2802 conjecit
816 2757 893 2801 Hey
898 2768 944 2790 se.
979 2758 1168 2801 βαρυμινὴν
1199 2757 1241 2790 Β.
1270 2755 1506 2799 βεβαρυμενον
1538 2755 1601 2789 Ht.
1637 2755 1706 2790 Ed.

119 2816 172 2850 13.
198 2804 290 2849 οἶμαι
314 2806 421 2863 γεμὴν
440 2805 482 2839 Β.
508 2804 541 2838 οἵ
563 2804 668 2849 γεμὴν
689 2805 752 2838 Ht.
770 2804 865 2837 unde
891 2803 1033 2849 ἡγοίμην
1054 2802 1252 2837 emendavit
1277 2807 1318 2837 ut
1343 2802 1487 2836 adnotat
1512 2802 1586 2847 ipse
1609 2801 1705 2836 Aub.

120 2860 173 2896 17.
199 2851 377 2897 ἁμαρτίαις
396 2851 438 2885 Β.
460 2851 522 2885 Ht.
541 2851 706 2895 ἁμαρτίας
723 2850 921 2884 emendav1t
938 2850 1033 2884 Aub.
1184 2861 1239 2884 20.
1267 2849 1487 2894 ἀφικνεῖσθαι
1504 2850 1621 2895 γενεᾶς
1638 2849 1706 2883 hoc

115 2898 238 2933 oldine
255 2911 285 2934 a.
432 2910 488 2941 24.
513 2898 591 2942 ἡμῖν
609 2897 684 2932 B.‘
670 2900 762 2941 ημῶν
781 2897 844 2931 Ht.
864 2896 931 2932 Ed.
996 2897 1054 2941 ἐδρ
1058 2897 1178 2931 άσεται
1197 2896 1240 2930 Β.
1259 2896 1438 2939 ἑδράσεται
1459 2897 1522 2931 Ht.
1541 2896 1705 2941 δράσεται

116 2946 313 2980 emendavit
331 2951 370 2980 ut
387 2945 531 2980 adnotat
548 2946 622 2990 ipse
640 2944 736 2979 Aub.
881 2952 934 2989 27.
961 2958 993 2978 τι
1012 2943 1054 2978 B.
1072 2958 1159 2979 τινες
1178 2943 1241 2977 Ht.
1258 2942 1325 2978 Ed.
