2001 3231
256 135 311 174 88
660 137 708 178 B.
744 137 1021 178 CYRILLI
1063 137 1442 178 ALEXANDR.
1674 135 1757 176 viii.
1776 147 1844 189 43.

258 249 295 296 εἶ
335 245 383 297 δὲ
421 247 755 298 τεταπείνωκεν
790 246 955 298 ἑαυτὸν
991 247 1121 310 ἑκὼν,
1154 247 1373 311 δηλονότι
1413 245 1847 313 συγκατανεύοντος

259 327 422 394 ὥσπερ
461 331 536 380 καὶ
575 328 918 384 συνεθέλοντος
956 331 1081 399 αὐτῷ
1119 335 1203 379 τοῦ
1245 328 1448 395 Πατρὸς,
1487 334 1623 381 ποῖον
1662 329 1754 397 ἕξει
1791 326 1846 379 τὸ

260 410 568 477 κατηγόρημα
599 411 831 481 διεξάγων
857 416 918 466 εἷς
955 410 1094 466 τέλος
1128 414 1210 475 τῆς
1245 413 1506 474 οἰκονομίας
1542 411 1624 462 τὸν
1650 409 1842 476 τρόπον,

260 495 367 544 καθ’
397 492 450 544 ὃν
475 494 562 545 ε”δει
591 493 770 559 λόγον;
817 499 854 545 εἰ
890 493 938 545 δὲ
975 493 1049 545 διὰ
1083 493 1137 545 τὸ
1173 494 1327 560 λέγειν
1355 494 1670 554 ἀπεστάλθαι,
1697 495 1771 543 καὶ
1799 495 1847 543 ἐν

259 574 513 626 ἐλάττοσιν
538 575 566 641 ὴ
593 578 640 627 ἐν
667 575 733 630 οἷς
760 578 891 627 ἐστιν
918 578 942 627 ὁ
972 576 1141 642 Πατὴρ
1167 576 1248 627 οἴει
1276 581 1458 627 κεῖσθαι
1485 575 1567 627 τὸν
1587 574 1718 637 Υὶὸν,
1745 578 1846 628 πῶς
1867 587 1888 625 5

259 657 357 708 εἰπὲ
396 657 487 723 γάρ
526 681 605 720 μοι
642 658 790 709 πάλιν
823 660 847 709 ὁ
884 661 931 710 ἐν
958 658 1213 709 ἐλάττοσιν
1240 658 1304 709 ὧν
1331 657 1451 709 κατὰ
1486 657 1571 721 τὴν
1598 656 1692 720 σὴν
1717 658 1842 719 ἀμα-

210 748 238 790 b
261 739 378 801 θίαν,
406 740 790 806 ἀπαραλλάκτως
818 742 997 807 ἐνεργεῖ
1019 740 1077 792 τὰ
1104 745 1258 803 Θεοῦ;
1301 747 1394 792 ποῦ
1429 739 1522 806 γὰρ
1558 738 1612 790 τὸ
1648 737 1847 789 ἐ’λαττον

259 823 308 872 ἐν
346 823 471 891 αὐτῷ
511 823 801 890 διαφαίνεται
847 822 1004 874 πάντα
1049 824 1237 876 τελείως
1283 822 1471 890 ε”χοντος
1507 822 1567 873 τὰ
1608 827 1691 872 τοῦ
1731 821 1848 871 ἰδίου

258 904 552 970 γεννήτορος,
581 907 656 955 καὶ
693 904 1034 970 πληρεστάτην
1059 906 1282 975 ἐξουσίαν
1307 905 1392 969 τὴν
1419 907 1686 971 θεοπρεπῆ,
1733 905 1844 954 οὐκ·

259 992 342 1037 οῦν
368 988 450 1037 οὐκ
477 987 687 1037 ἐλάττων
714 987 789 1037 διὰ
815 987 901 1051 τὴν
928 987 1209 1051 ἀποστολὴν
1236 987 1537 1051 νοηθήσεται,
1570 985 1699 1037 ἀλλὰ
1726 985 1847 1038 Θεὸς
1873 1007 1920 1032 10

261 1070 484 1136 ὑπάρχων
512 1070 561 1119 ἐκ
593 1073 716 1119 Θεοῦ
752 1069 872 1120 κατὰ
910 1070 1061 1137 φύσιν
1094 1073 1167 1120 καὶ
1207 1072 1455 1134 ἀληθινῶς,
1485 1070 1670 1134 ἐπείπερ
1710 1067 1848 1120 αὐτός

258 1152 390 1201 ἐστιν
428 1151 455 1214 ἡ
495 1151 647 1219 σοφία
686 1153 760 1202 καὶ
800 1152 827 1215 ἡ
867 1152 1060 1214 δύναμις
1100 1158 1182 1202 τοῦ
1222 1151 1425 1218 Πατρὸς,
1460 1152 1691 1213 πέμπεται
1730 1148 1849 1216 πρὸς

259 1234 380 1297 ἡμᾶς
408 1233 618 1299 καθάπερ
648 1234 704 1302 ἐξ
735 1235 871 1298 ἡλίου
897 1233 951 1284 τὸ
978 1234 1034 1303 ἐξ
1057 1235 1199 1285 αὐτοῦ
1226 1233 1603 1296 σκεδαννύμενον
1630 1237 1746 1300 φῶς,
1773 1233 1849 1283 ἵνα

260 1320 414 1384 σοφοῖ
446 1315 500 1367 τὸ
540 1316 716 1385 σοφίας
756 1315 942 1378 ε’πιδεὲς,
976 1318 1097 1367 οὕτω
1137 1340 1184 1367 τε
1226 1316 1394 1367 λοιπὸν
1425 1314 1757 1382 ἀναβιβάζοιτο
1793 1316 1846 1364 δι’

221 1425 242 1452 o
261 1400 416 1461 αὐτοῦ,
445 1401 520 1448 καὶ
547 1397 664 1463 πρὸς
689 1400 947 1464 ἐπίγνωσιν
973 1405 1056 1449 τοῦ
1083 1402 1208 1449 Θεοῦ
1235 1402 1309 1449 καὶ
1340 1397 1530 1464 Πατρὸς
1557 1397 1849 1461 δυναμωθειή
1876 1412 1919 1450 15

260 1479 314 1532 τὸ
354 1481 627 1545 ἠσθενηκὸς,
655 1483 729 1531 καὶ
767 1479 887 1547 πρὸς
925 1485 1090 1531 πᾶσαν
1129 1480 1299 1547 ἀρετὴν
1334 1479 1640 1546 ἀναγάγοιτο.
1693 1478 1851 1531 πάντα

259 1562 353 1629 γὰρ
388 1567 446 1629 τῇ
478 1563 728 1629 ἀνθρώπου
762 1563 904 1631 φύσει
933 1562 992 1614 τὰ
1019 1563 1262 1614 κάλλιστα
1288 1561 1364 1614 διὰ
1389 1562 1535 1626 μόνου
1561 1562 1741 1630 πέφηνε
1767 1567 1850 1612 τοῦ

260 1649 493 1711 Χριστοῦ.
550 1645 774 1696 οἰκετικὸν
809 1646 889 1696 οὖν
922 1646 1012 1712 ἄρα
1047 1645 1100 1696 τὸ
1137 1644 1363 1711 παράπαν
1394 1644 1525 1695 οὐδὲν
1550 1647 1598 1696 ἐν
1624 1648 1847 1711 Χριστῶ,

260 1727 390 1790 πλὴν
429 1727 521 1793 ἄρα
562 1726 706 1791 μόνης
750 1731 832 1790 τῆς
879 1728 996 1779 κατὰ
1043 1728 1201 1794 σάρκα
1245 1730 1450 1794 μορφῆς,
1495 1725 1758 1793 θεοπρεπὴς
1803 1726 1850 1777 δὲ

261 1814 452 1872 μᾶλλον
476 1810 502 1873 ἡ
531 1811 602 1879 ἐφ’
633 1808 813 1860 ἅπασιν
841 1811 1035 1878 ἐξουσία
1063 1813 1137 1861 καὶ
1163 1810 1373 1872 δύναμις,
1404 1808 1490 1860 κᾶν
1518 1811 1542 1859 ὁ
1570 1808 1715 1875 λόγος
1741 1809 1851 1873 ἡμῖν
1873 1828 1922 1854 20

262 1892 609 1959 σχηματίζηται
654 1891 708 1943 τὸ
755 1893 1050 1959 ἀνθρώπινον
1091 1897 1157 1962 τῷ
1200 1895 1282 1956 τῆς
1328 1891 1654 1945 ταπεινώσεως
1696 1891 1851 1961 μέτρῳ

263 1979 420 2028 καλῶς
459 1974 904 2043 συμμορφούμενος.

217 2050 243 2091 (1

194 2170 243 2204 43
292 2158 370 2200 Διά
411 2159 447 2200 τί
486 2159 564 2200 τήν
602 2160 755 2201 λαλιὰν
793 2159 871 2201 τήν
909 2160 1016 2208 ἐμὴν
1055 2160 1103 2200 οὐ
1142 2159 1398 2211 Γινώσκετε;
1447 2160 1512 2200 ὅτι
1551 2158 1598 2199 οὺ
1638 2157 1820 2199 δύνασθε

703 2242 875 2283 ἀκούειν
914 2242 986 2284 τὸν
1026 2243 1151 2289 λὸΓον
1189 2241 1262 2285 τὸν
1300 2242 1416 2290 ἐμόν.

338 2344 409 2393 Τὸ
449 2346 523 2393 καὶ
562 2342 797 2398 πολλάκις
836 2345 1075 2410 εἰρημένον
1114 2345 1223 2408 ἡμῖν
1259 2346 1449 2409 ἐροῦμεν
1483 2343 1648 2400 πάλιν,
1683 2341 1758 2392 διὰ
1796 2342 1849 2393 τὸ
1874 2365 1921 2403 25

262 2430 358 2478 τοῖς
397 2425 738 2495 ἐντευξομένοις
775 2426 1037 2480 λυσιτελές·
1097 2427 1207 2477 ἱέναι
1248 2425 1340 2492 γὰρ
1381 2429 1457 2476 καὶ
1495 2425 1628 2487 μάλα
1661 2430 1850 2492 συχνῶς

261 2506 345 2558 τὸν
386 2508 536 2573 λόγον
575 2507 651 2558 διὰ
695 2514 777 2560 τοῦ
822 2508 1086 2576 πεφυκότος
1132 2511 1333 2572 ὠφελεῖν
1372 2507 1426 2558 τὸ
1473 2509 1661 2558 ἀδικοῦν
1700 2507 1846 2558 οὐδέν.

312 2675 342 2709 7.
370 2663 427 2709 τὰ]
452 2669 487 2702 4-
510 2666 570 2698 τοῦ
590 2664 707 2699 Holst.
729 2665 796 2700 Ed.
892 2664 975 2710 γὰρ]
1000 2669 1036 2705 -1-
1058 2666 1098 2700 τὰ
1118 2668 1206 2699 Θεοῦ
1227 2665 1267 2699 Β.
1288 2677 1351 2710 pro
1370 2677 1465 2698 more
1483 2671 1522 2699 ut
1540 2664 1611 2700 vid.
1629 2664 1735 2699 verba
1752 2677 1850 2710 repe-

262 2716 352 2750 tens,
372 2711 466 2745 unde
483 2711 567 2745 haec
586 2711 709 2746 delevi.
852 2712 885 2747 8.
911 2713 1000 2758 αὐτῷ
1022 2712 1063 2746 B.
1082 2714 1189 2758 ἑαυτῷ
1211 2712 1273 2746 Ht.
1294 2712 1360 2746 Ed.
1441 2712 1693 2756 Legendurnne
1710 2712 1848 2755 ἕχοντιὲ

268 2768 320 2790 12.
348 2757 366 2799 ἡ
385 2758 444 2791 alt.
464 2765 688 2802 assumptum
707 2771 748 2792 ex
766 2770 796 2792 a.
969 2771 1020 2804 13.
1047 2762 1164 2804 ὥσπερ
1183 2770 1213 2793 a.
1385 2770 1438 2801 14.
1465 2758 1591 2803 σοφοῖ]
1613 2757 1800 2803 σοφισθεὶη
1819 2770 1849 2793 a.

267 2812 320 2847 15.
348 2804 554 2848 δυναμωθείη
576 2805 649 2839 B.a.
669 2805 845 2849 ὃυναμωθῇ
867 2805 930 2839 Ht.
950 2806 1016 2840 Ed.
1231 2806 1285 2840 18.
1312 2805 1473 2839 οἰκετικὸν
1493 2804 1672 2849 [οἰκετικὸν
1692 2804 1751 2850 B.]
1774 2805 1849 2838 B.a.

263 2850 406 2883 ἱκετικὸν
427 2850 488 2883 Ht.
509 2851 574 2885 Ed.
736 2863 791 2886 21.
819 2853 1061 2897 σχηματίζεται
1081 2852 1123 2887 Β.
1143 2853 1333 2897 σχηματίζῃ
1352 2864 1381 2886 a.
1399 2851 1597 2885 emendavit
1615 2857 1674 2884 aut
1695 2851 1771 2891 Ht.,
1789 2857 1850 2884 aut

263 2896 358 2930 Aub.
434 2896 558 2930 Statim
577 2899 739 2932 lacunam
758 2900 928 2943 expressit
948 2899 1011 2933 Ht.
1031 2899 1148 2933 invitis
1171 2900 1243 2934 ss.a.
1389 2910 1442 2943 23.
1468 2897 1609 2943 λαλιὰν]
1629 2897 1788 2941 ἀλήθειαν
1809 2898 1850 2933 Β.

266 2942 346 2985 (D.)
369 2942 432 2977 Ht.
452 2943 650 2978 emendavit
668 2945 762 2979 Aub.
909 2956 963 2988 25.
989 2947 1129 2990 ἐροῦμεν
1145 2947 1249 2980 πάλιν
1265 2945 1333 2979 hoc
1351 2945 1473 2979 ordine
1494 2944 1534 2978 B.
