2037 3266
305 135 388 174 330
708 135 757 175 B.
790 134 1061 175 CYRILLI
1104 132 1482 174 ALEXANDR.
1647 126 1893 178 xii.44‚45·

307 244 439 310 εθίζει
467 242 550 295 τὸν
578 250 687 295 νοῦν
716 248 1039 295 καθικνεῖσθαι
1074 242 1193 309 πρὸς
1227 242 1281 294 τὸ
1315 242 1464 304 βάθος
1496 244 1590 290 τῶν
1615 238 1720 303 περὶ
1753 231 1894 285 αὑτὸν

306 327 597 393 μυστηρίων,
628 327 710 377 οὐκ
750 329 812 379 εἰς
852 325 1150 391 ἀνθρώπινον
1180 323 1457 391 πρόσωπον,
1489 322 1599 373 ἀλλ’
1628 324 1689 372 εἰς
1723 316 1777 369 τὸ
1811 317 1895 379 τῆς

263 408 433 462 beflas
472 409 652 471 οὐσίας,
680 410 741 461 ὡς
781 407 1033 471 νοουμένης
1071 409 1153 470 τῆς
1188 405 1406 471 θεότητος
1441 402 1717 469 ὁλοκλήρως
1750 400 1799 450 ἐν
1828 400 1896 466 τῷ

305 490 553 559 προσώπῳ
591 495 675 540 τοῦ
715 493 839 540 Θεοῦ
877 491 954 539 καὶ
996 488 1201 554 Πατρός·
1255 487 1347 555 ἔχει
1392 486 1487 553 γὰρ
1530 487 1578 536 ἐν
1619 485 1768 551 ἑαυτῷ
1812 479 1895 529 τὸν

307 570 426 622 Υἱὸν
452 573 528 622 καὶ
565 572 620 622 τὸ
650 574 860 634 Πνεῦμα.
913 570 1177 639 σοφώτατα
1216 571 1325 621 λίαν
1356 565 1618 633 ἀνακομίζει
1657 564 1811 630 λέγων
1835 561 1893 612 ‘O
1913 572 1936 610 5

308 653 522 704 πιστεύων
549 657 608 707 εἷς
633 651 710 720 ἐμὲ
739 656 782 703 οὐ
809 651 1005 704 πιστεύει
1034 657 1093 707 εἷς
1120 651 1198 719 ἐμὲ
1225 655 1335 703 ἀλλ’
1360 657 1420 706 εἰς
1446 648 1511 702 τόν
1532 643 1799 716 πέμψαντά
1822 666 1895 711 με,

309 735 362 784 οῦ
396 733 490 799 γὰρ
525 733 617 802 ἔξω
653 735 845 797 τίθησιν
875 733 1040 785 ἑαυτὸν
1065 740 1149 785 τοῦ
1181 732 1493 784 πιστεύεσθαι
1525 731 1633 796 παρ’
1662 728 1793 791 ἡμῶν
1825 725 1896 776 ὅτι

309 813 432 868 Θεὸς
471 814 590 866 κατὰ
630 816 781 882 φύσιν
813 817 916 866 ἐστὶ
955 817 1030 866 καὶ
1069 817 1118 866 ἐκ
1155 819 1280 866 Θεοῦ
1318 815 1497 882 πέφηνε
1531 811 1739 877 Πατρός·
1782 806 1894 858 ἀλλ’

309 898 547 964 ἐντέχνως,
580 897 703 948 καθὰ
742 898 932 964 ε’ίρηται,
967 897 1328 965 μεταχειρίζεται
1365 895 1484 962 πρὸς
1523 891 1764 953 εὐσέβειαν
1802 893 1897 940 τῶν

309 979 639 1030 ἀσθενούντων
664 979 747 1030 τὸν
773 985 896 1041 νοῦν,
923 979 998 1030 ἵνα
1024 1002 1068 1030 τι
1095 984 1306 1030 τοιοῦτον
1333 981 1491 1046 ἐννοῇς
1517 977 1723 1041 λέγοντα
1738 971 1897 1024 ‘'Orav
1920 993 1968 1018 10

311 1065 372 1114 εἰς
412 1059 490 1123 ἐμὲ
528 1061 781 1125 πιστεύητε
820 1060 903 1112 τὸν
942 1060 997 1111 δι’
1039 1062 1158 1124 ὑμᾶς
1195 1060 1279 1124 μὲν
1320 1061 1572 1126 ἄνθρωπον
1612 1056 1719 1108 καθ’
1758 1056 1895 1119 ὑμᾶς,

273 1141 440 1193 οΘεὸν
485 1142 533 1193 δὲ
584 1142 640 1192 δι’
687 1141 853 1194 ἑαυτὸν
899 1145 975 1193 καὶ
1023 1142 1106 1193 τὸν
1150 1143 1207 1212 ἐξ
1253 1142 1395 1208 οὗπέρ
1444 1145 1535 1205 εἶμι
1582 1138 1789 1204 Πατέρα,
1832 1134 1898 1199 μὴ

312 1223 546 1293 ἀνθρώπῳ
585 1223 670 1288 τὴν
707 1225 873 1276 πίστιν
912 1225 1177 1275 ἀνατιθέναι
1216 1224 1452 1288 νομίσητε.
1509 1223 1599 1284 εἰμὶ
1638 1219 1730 1286 γὰρ
1769 1217 1900 1269 οὐδὲν

311 1305 455 1370 ἦττον
482 1305 601 1356 κατὰ
633 1306 785 1373 φύσιν
813 1305 949 1369 Θεὸς,
979 1308 1054 1357 καὶ
1090 1311 1127 1357 εἰ
1162 1307 1389 1375 φαίνομαι
1422 1305 1529 1356 καθ’
1561 1305 1691 1366 ὑμᾶς’
1732 1301 1824 1368 ε”χω
1851 1298 1900 1351 δὲ

313 1389 360 1437 ἐν
387 1388 538 1456 ἑαυτῷ
573 1386 656 1438 τὸν
681 1387 994 1454 γεννήσαντα.
1048 1391 1161 1452 ἐμοῦ
1196 1393 1447 1454 τοιγαροῦν
1478 1385 1610 1439 ὄντος
1646 1381 1899 1448 ὁμοουσίου
1920 1398 1967 1437 15

312 1472 379 1538 τῷ
412 1469 727 1534 γεγεννηκότι,
760 1473 1039 1534 διαβήσεται
1073 1469 1262 1523 πάντως
1298 1471 1324 1532 ἡ
1357 1471 1518 1521 πίστις
1553 1469 1626 1518 καὶ
1663 1470 1724 1520 εἷς
1759 1463 1902 1515 αὐτὸν

313 1550 395 1601 τὸν
424 1551 635 1617 Πατέρα.
690 1552 806 1617 ὅπερ
841 1553 922 1602 οὖν
947 1552 1139 1621 ἔφημεν,
1166 1551 1286 1602 κατὰ
1311 1549 1468 1618 βραχὺ
1499 1546 1848 1614 μεταπαιδεύων
1875 1547 1900 1596 ὁ

317 1631 492 1699 Κύριος
530 1634 603 1684 ἐπὶ
642 1633 696 1684 τὸ
735 1634 938 1697 ἄμεινον,
966 1637 1042 1685 καὶ
1081 1635 1329 1702 χρησίμως
1367 1632 1648 1684 ἀναπλέκων
1682 1634 1749 1699 τῷ
1790 1633 1896 1680 θεο-

314 1720 483 1780 πρεπεῖ
516 1714 569 1765 τὸ
606 1715 917 1782 ἀνθρώπινον,
944 1716 1155 1784 ε”φασκεν
1179 1716 1237 1767 ‘O
1265 1714 1476 1767 πιστεύων
1509 1719 1567 1769 εἰς
1607 1711 1698 1780 ἐμὲ,
1729 1713 1804 1762 καὶ
1842 1709 1903 1762 τὰ

271 1801 296 1841 d
316 1797 441 1865 ἑξῆς.
490 1796 568 1867 *gn
594 1795 680 1861 μὲν
706 1796 798 1863 γὰρ
835 1798 918 1848 οὐκ
953 1801 1012 1850 εἷς
1050 1797 1300 1863 ἄνθρωπον
1327 1798 1494 1850 ἁπλῶς
1525 1797 1552 1860 ἡ
1585 1797 1762 1856 πίστις,
1788 1795 1899 1844 ἀλλ’
1923 1811 1974 1836 20

317 1882 380 1932 εἷς
408 1882 534 1929 Θεοῦ
561 1879 725 1946 φύσιν,
753 1882 789 1929 εἰ
823 1881 898 1929 καὶ
931 1877 989 1942 ἧν
1017 1880 1041 1929 ὁ
1070 1878 1228 1943 Λόγος
1258 1880 1306 1929 ἐν
1332 1880 1490 1944 σαρκὶ,
1518 1877 1593 1928 διὰ
1624 1883 1706 1928 τοῦ
1741 1876 1806 1941 μὴ
1841 1882 1903 1931 εἷς

317 1958 460 2011 αὐτὸν
485 1959 780 2026 πράττεσθαι
807 1960 893 2023 τὴν
920 1960 1085 2029 φύσιν,
1113 1961 1161 2011 εὖ
1187 1960 1321 2024 μάλα
1348 1959 1701 2023 διαμεμήνυκεν·
1751 1958 1822 2010 ὅτι
1854 1959 1910 2009 δέ

316 2043 449 2093 ἐστιν
473 2044 521 2092 ἐν
544 2042 792 2106 ταυτότητι
830 2046 888 2110 τῇ
922 2041 1042 2093 κατὰ
1068 2047 1164 2093 πᾶν
1190 2046 1256 2111 τῷ
1282 2045 1391 2111 Θεῷ
1416 2044 1490 2092 καὶ
1519 2043 1689 2106 Πατρῖ,
1718 2040 1793 2091 διὰ
1818 2038 1904 2104 τὴν

318 2123 529 2192 φυσικὴν
554 2124 803 2191 ἐμφέρειαν
829 2127 904 2175 καὶ
935 2123 989 2174 τὸ
1024 2127 1105 2188 τῆς
1141 2124 1305 2176 οὐσίας
1341 2125 1477 2174 οἱονεὶ
1509 2121 1780 2185 ταυτοειδές,
1807 2124 1900 2173 διε-

318 2205 468 2274 σάφει
507 2206 677 2271 λέγων,
1926 2223 1975 2260 25

366 2333 399 2366 3,
420 2334 453 2364 4.
484 2321 728 2366 ὡς-Πατρος]
756 2323 800 2356 ὡς
830 2322 865 2356 ἐν
888 2324 1064 2368 προσώπῳ
1093 2337 1153 2356 του
1180 2325 1268 2356 Θεοῦ
1294 2323 1490 2367 ὁλοκληρως
1519 2322 1708 2366 νοουμένης.
1739 2333 1769 2356 c.
1797 2320 1904 2356 Cord.

319 2378 352 2413 5.
379 2370 565 2412 σοφώτατα
584 2368 661 2401 λίαν
678 2368 866 2411 ἀνακομίζει
884 2369 995 2414 λέγων
1012 2381 1042 2403 c.
1064 2368 1170 2403 Cord.
1188 2369 1229 2403 δι’
1249 2370 1293 2403 ων
1310 2370 1375 2413 γάρ
1393 2372 1503 2413 φησιν
1520 2369 1606 2403 Nik.
1627 2368 1692 2402 Ed.
1806 2376 1837 2413 7.
1864 2382 1904 2402 ου

319 2416 386 2459 γὰρ
405 2426 434 2448 c.
454 2414 560 2448 Cord.
579 2415 637 2448 οὐκ
657 2415 740 2448 Nik.
762 2414 827 2448 Ed.
999 2426 1051 2449 10.
1078 2418 1156 2449 νοῦν
1174 2415 1245 2449 des.
1265 2428 1294 2449 c.
1314 2415 1421 2449 Cord.
1520 2416 1594 2449 Inc.
1612 2414 1685 2449 Ἵνα
1702 2430 1733 2449 τι
1751 2417 1905 2449 τοιοῦτον

320 2462 375 2494 c.l.
395 2466 427 2494 et
446 2461 519 2494 sine
538 2461 679 2495 nomine
699 2461 757 2495 C1.
831 2476 861 2494 τι
880 2468 1104 2505 assumptum
1123 2474 1163 2495 ex
1183 2463 1310 2496 a.c.k.l.
1332 2462 1389 2496 Cr.
1410 2462 1530 2496 deest
1524 2473 1556 2495 m
1578 2462 1654 2495 Cat.
1678 2461 1776 2495 Harl.
1851 2462 1904 2495 ἐν-

321 2508 405 2541 νοεῖς
425 2519 454 2540 c.
475 2506 535 2540 Cr.
663 2519 715 2541 11.
741 2508 802 2550 μὲν
819 2514 1042 2552 assumptum
1061 2520 1101 2541 ex
1120 2520 1148 2541 a.
1154 2520 1182 2542 c.
1188 2509 1249 2542 k.1.
1270 2508 1327 2542 Cr.
1451 2519 1504 2543 12.
1529 2509 1564 2542 δέ
1583 2520 1653 2542 om.
1672 2520 1701 2542 c.
1721 2514 1800 2541 ante
1819 2508 1905 2541 Θεὸν

321 2554 597 2597 transponuntl.
618 2553 677 2587 Cr.
742 2555 902 2588 ἑαιτοῦῙ.
923 2554 982 2588 Cr.
1033 2569 1085 2588 και
1103 2556 1161 2588 τὸν
1178 2567 1248 2588 orn.
1262 2567 1292 2588 c.
1410 2567 1461 2600 13.
1489 2555 1555 2598 εἶμὶ
1593 2555 1622 2587 εἷ
1638 2555 1682 2597 μὴ
1699 2554 1781 2597 (Sic)
1796 2565 1828 2588 c.
1844 2553 1903 2587 Cr.

326 2609 378 2644 17.
404 2600 541 2644 Πατερα
560 2599 632 2633 des.
651 2601 706 2634 c..l
825 2612 879 2634 22.
906 2600 1031 2646 φύσιν]
1052 2615 1169 2635 πιστιν
1187 2613 1216 2635 a.
1220 2602 1254 2635 k.
1369 2612 1422 2646 25.
1449 2602 1490 2635 λε
1494 2617 1559 2646 γων
1600 2606 1636 2641 -†-
1659 2603 1676 2634 6
1695 2602 1829 2644 θεωρῶν
1846 2600 1903 2642 ε’μὲ

321 2646 441 2689 θεωρεῖ
464 2647 522 2680 τὸν
545 2647 730 2690 πεμψαντά
754 2662 806 2690 με.
841 2662 868 2680 ει
896 2652 954 2681 οὖν
980 2646 1413 2692 τοσαύτην-θεωρήσομεν
1437 2648 1556 2692 (Thes.
1575 2648 1643 2693 328
1662 2659 1679 2681 c
1698 2647 1750 2690 d).
1771 2647 1822 2680 διὸ
1851 2645 1905 2680 ’ἶνα

320 2692 576 2749 πληροφορὴσῃ
594 2694 651 2726 τὸν
668 2693 845 2737 ἀκροατην,
864 2693 915 2727 ὅτι
931 2693 1045 2736 πολλή
1065 2694 1159 2728 ἐστιν
1176 2694 1194 2737 ἡ
1213 2695 1369 2737 ὁμοιότης
1387 2695 1488 2728 αὐτου
1506 2695 1559 2728 καὶ
1576 2697 1635 2728 τοῦ
1653 2694 1786 2736 Πατρός
1809 2706 1905 2726 εστιν

323 2738 419 2772 εἰκὼν
443 2739 715 2784 ἀπαράλλακτος,
737 2755 764 2773 ει
791 2741 843 2773 καὶ
868 2740 1006 2785 γέγονεν
1029 2740 1216 2784 ἅνθρωπος,
1239 2740 1433 2786 ἐπήγαγενε
1433 2739 1613 2781 Οθεωρῶν
1636 2739 1689 2781 ἐμὲ
1713 2738 1823 2780 Θεωρεῖ
1845 2737 1906 2768 τὸν

322 2783 503 2824 ’πέμψαντά
526 2795 576 2826 με·
602 2788 702 2819 τοῦτο
722 2786 832 2831 λέγων
851 2787 890 2820 Εἰ
915 2788 968 2820 καὶ
993 2787 1047 2820 διὰ
1072 2787 1132 2830 τὴν
1157 2788 1248 2830 ὑμῶν
1273 2787 1442 2830 σωτηρίαν
1461 2787 1636 2830 ἅνθρωπος
1660 2785 1795 2830 γέγονα,
1812 2783 1904 2817 ἀλλὰ

325 2832 410 2864 Θευς
427 2831 492 2872 εἶμι
510 2831 628 2875 φύσει,
647 2833 699 2866 καὶ
717 2833 752 2866 ἐκ
771 2835 859 2866 Θεοῦ
876 2833 1086 2878 γεγέννημαι,
1105 2835 1158 2867 καὶ
1180 2832 1256 2868 ’ίσος
1280 2833 1347 2876 εἰμὶ
1370 2834 1405 2867 ἐν
1419 2835 1507 2868 πᾶσι
1524 2835 1569 2877 τῷ
1588 2832 1699 2875 Πατρί
1714 2845 1789 2873 μου.
1823 2829 1905 2863 ὅταν

325 2873 383 2908 οῦν
400 2876 473 2932 εγὼ
483 2881 638 2920 τιμῶμαι,
657 2879 726 2922 μὴ(
719 2880 896 2923 ι’ίνθρωπον
914 2881 1073 2923 νομίσητε
1092 2882 1200 2923 τιμᾶν
1227 2880 1292 2921 εἶμι
1310 2881 1375 2924 γὰρ
1393 2879 1499 2924 φύσει
1518 2880 1613 2918 Θεὸς,
1632 2878 1685 2910 καὶ
1703 2875 1905 2918 διαβήσεται

326 2935 343 2963 η
363 2935 437 2965 τιμι]
457 2924 511 2956 ε’πὶ
530 2925 586 2958 τὸν
605 2930 646 2957 Π
639 2925 753 2969 (,ιτέρα
771 2927 815 2961 ὡς
833 2926 874 2959 δι
893 2927 1079 2970 ὁμοουσίου
1096 2940 1149 2960 και
1167 2927 1202 2961 ἐν
1218 2928 1264 2972 τῷ
1284 2926 1351 2972 ε’μῴ
1369 2928 1544 2971 προσώπῳ
1562 2927 1580 2958 ὁ
1599 2923 1714 2968 Πατὴρ
1732 2922 1905 2966 δοξασθή-
