2011 3266
285 154 370 194 292
687 153 739 196 B.
773 154 1047 196 CYRILLI
1088 155 1467 198 ALEXANDR.
1730 155 1786 196 xi.
1804 167 1874 208 44.

284 261 516 330 μάρτυρες
542 261 632 314 ὦσι
661 269 744 315 τοῦ
777 264 1032 329 θαύματος.
1088 267 1163 316 καὶ
1196 271 1335 317 τοῦτο
1369 264 1419 316 δὲ
1454 265 1547 333 ἔχει
1581 267 1749 330 δεῖγμα
1786 265 1871 328 τῆς

285 348 540 409 καθολικῆς
566 345 890 410 ἀναστάσεως,
918 347 996 398 ὅτε
1029 348 1261 412 λυομένης
1294 351 1378 412 τῆς
1413 346 1642 414 ἁμαρτίας
1675 348 1752 397 καὶ
1787 348 1869 409 τῆς

284 433 369 478 τοῦ
408 427 612 479 θανάτου
650 432 846 497 φθορᾶς,
875 428 1117 495 ἐλεύθερος
1152 430 1339 498 ἀφίεται
1373 429 1586 483 ἕκαστος.
1638 425 1868 481 πεσόντες

283 510 378 577 γὰρ
417 514 480 564 εἷς
518 511 761 577 ἁμαρτίαν,
803 510 1013 577 καθάπερ
1055 534 1099 562 τι
1139 511 1377 575 κάλυμμα,
1416 511 1503 576 τὴν
1541 512 1750 562 ἐντεῦθεν
1788 512 1862 559 αἶ-

283 591 469 659 σχύνην
507 596 574 661 τῷ
616 595 699 656 τῆς
743 595 905 660 ψυχῆς
943 592 1191 662 προσώπῳ
1229 593 1616 660 περιτεθείκαμεν,
1656 593 1732 643 καὶ
1770 595 1907 646 τοΐς5

283 680 367 724 τοῦ
393 672 597 725 θανάτου
624 673 1061 739 κατεδεσμεύθημεν
1084 674 1295 743 βρόχοις.
1351 675 1466 726 ὅταν
1491 676 1572 726 οὖν
1598 675 1720 739 ἡμᾶς
1746 673 1866 724 κατὰ

239 767 266 808 <1
285 754 367 806 τὸν
392 758 475 819 τῆς
511 755 819 809 ἀναστάσεως
854 756 1015 823 καιρὸν
1039 760 1135 807 τῶν
1160 756 1253 808 ἀπὸ
1288 759 1377 822 γῆς
1413 755 1671 821 μνημάτων
1694 754 1867 824 ἐξοίσει

284 839 309 888 ὁ
336 836 562 904 Χριστὸς,
590 838 695 889 τότε
722 837 778 903 δὴ
805 837 910 889 τότε
939 842 1034 889 τῶν
1061 840 1108 889 ἐν
1134 840 1259 906 ἀρχῇ
1295 839 1548 892 ἀπολύσας
1583 842 1759 900 κακῶν,
1788 839 1865 888 καὶ

280 925 533 986 περιαιρῶν
570 919 748 987 τρόπον
785 943 890 971 τινα
930 923 1013 984 τῆς
1054 921 1284 989 αἰσχύνης
1321 920 1376 972 τὸ
1417 920 1657 985 κάλυμμα,
1695 918 1866 971 λοιπὸν

279 1002 533 1069 ἐλευθέρως
576 1004 791 1054 ἀνεῖσθαι
837 1002 1027 1067 κελεύει,
1069 1004 1156 1073 οὐχ
1201 1005 1407 1073 ἁμαρτίᾳ
1451 1002 1861 1070 τυραννουμένους,
1886 1025 1935 1051 10

280 1085 368 1152 οὐχ
403 1085 731 1149 ὑποκειμένους
766 1089 823 1153 τῇ
859 1089 1034 1155 φθορᾷ,
1060 1085 1207 1151 ἤγουν
1233 1087 1404 1152 ἑτέροις
1430 1087 1528 1137 τισὶ
1553 1090 1649 1139 τοῖς
1674 1085 1865 1136 εἰωθόσι

281 1172 467 1229 κακοῦν,
492 1169 555 1221 ὡς
584 1172 891 1234 πληροῦσθαι
927 1169 976 1218 ἐν
1002 1168 1112 1232 ἡμῖν
1137 1167 1190 1218 τὸ
1226 1169 1280 1219 δι’
1310 1166 1410 1222 ἑνὸς
1445 1171 1539 1218 τῶν
1565 1167 1714 1232 ἁγίων
1738 1189 1860 1233 προ-

57 1249 138 1323 {¹⁴³¹-
158 1249 198 1280 iv.
281 1253 447 1317 φητῶν
496 1249 738 1316 εἰρημένον
782 1257 808 1280 “
832 1252 926 1301 Καὶ
975 1250 1287 1319 ἐξελεύσεσθε
1337 1252 1413 1301 καὶ
1465 1249 1750 1317 σκιρτήσετε
1801 1251 1864 1303 ὡς

282 1338 308 1360 “
333 1331 578 1399 μοσχάρια
616 1333 666 1382 ἐκ
706 1334 897 1396 δεσμῶν
935 1332 1198 1396 ἀνειμένα.”

56 1427 203 1465 691Α.
241 1439 263 1464 a
355 1414 586 1478 Λάμβανε
625 1414 680 1464 δέ
711 1438 790 1479 μοι
828 1414 882 1466 τὸ
922 1419 1079 1479 θαῦμα
1118 1417 1194 1466 καὶ
1233 1416 1306 1466 ε’πὶ
1344 1414 1403 1466 τὰ
1440 1414 1581 1468 ἐντός.
1629 1418 1667 1465 εὶ
1704 1412 1797 1480 γὰρ
1837 1415 1931 1474 ὁ15

278 1502 385 1551 νοῦς
422 1497 555 1561 ἡμῶν
589 1495 817 1548 ἀποθάνοι
849 1496 1078 1563 Λάζαρος,
1105 1499 1177 1548 δεῖ
1208 1496 1327 1560 μετὰ
1365 1496 1773 1566 ἐξομολογήσεως,
1800 1497 1863 1550 ὡς

278 1578 489 1646 Μάρθαν
515 1580 590 1630 καὶ
620 1579 829 1644 Μαρίαν,
857 1579 942 1642 τὴν
969 1577 1135 1642 ὑλικὴν
1161 1579 1320 1645 σάρκα
1352 1581 1428 1630 καὶ
1462 1578 1548 1643 τὴν
1573 1577 1862 1644 σεμνοτέραν

275 1660 442 1729 ψυχὴν
481 1665 770 1727 προσελθεῖν
813 1664 880 1728 τῷ
924 1664 1127 1730 Χριστῷ
1170 1662 1247 1711 καὶ
1289 1660 1639 1728 παρακαλέσαι·
1694 1662 1770 1711 καὶ
1811 1659 1862 1714 ὃς

273 1743 485 1805 ἐπιστὰς,
522 1741 607 1807 τὴν
644 1743 933 1807 ἐπικειμένην
970 1746 1028 1811 τῇ
1066 1742 1227 1810 μνήμῃ
1268 1745 1466 1809 ἀρθῆναι
1504 1742 1716 1794 κελεύσει
1753 1741 1858 1794 πώ-

273 1848 438 1891 ρωσιν,
479 1827 554 1876 καὶ
594 1824 806 1893 φωνήσει
844 1823 1034 1892 μεγάλῃ
1074 1828 1210 1892 φωνῇ
1256 1827 1339 1888 τῆς
1379 1826 1687 1891 εῦαγγελικῆς
1727 1823 1854 1875 σάλ-
1880 1847 1931 1872 20

273 1931 445 1973 πιγγος
480 1912 635 1973 Δεῦρο
674 1906 764 1975 ἔξω
799 1911 894 1957 τῶν
929 1912 1011 1957 τοῦ
1048 1905 1233 1970 κόσμου
1267 1910 1636 1972 περισπασμῶν,
1664 1907 1740 1957 καὶ
1775 1905 1860 1960 τὰς

274 1988 437 2056 σειρὰς
468 1990 607 2040 λύσει
639 1993 733 2039 τῶν
760 1989 1016 2056 ἁμαρτιῶν,
1043 1987 1167 2040 ὥστε
1203 1988 1436 2040 δύνασθαι
1470 1993 1700 2040 κινεῖσθαι
1736 1990 1856 2055 ἀρα-

230 2084 256 2125 b
274 2071 425 2138 ρότως
449 2070 566 2138 πρὸς
594 2069 777 2138 ἀρετήν.

321 2217 353 2263 3.
373 2205 573 2248 ἐλευθερίως
590 2216 619 2239 a.
624 2206 659 2240 k
662 2217 710 2240 m.
784 2205 858 2240 Inc.
876 2208 1040 2241 πεσόντες
1057 2206 1103 2242 εἷς
1119 2206 1283 2251 ἁμαρτίαν
1299 2206 1333 2241 b.
1338 2218 1356 2242 c
1384 2205 1491 2241 Cord.
1587 2217 1691 2249 4-14.
1710 2205 1858 2251 καθάπερ

272 2252 472 2294 -ἀνειμενα
495 2252 551 2286 hic
572 2252 738 2286 collocavi
762 2263 842 2285 cum
865 2253 935 2286 a.k.
939 2264 986 2287 m.
1006 2253 1099 2287 Mac.
1118 2254 1151 2286 in
1172 2253 1268 2287 Maio
1286 2254 1335 2297 (p.
1352 2263 1416 2298 135
1433 2252 1539 2296 inin).
1589 2253 1686 2286 Haec
1714 2253 1858 2287 seorsim

273 2298 414 2332 exhibet
429 2298 506 2332 Cat.
523 2298 622 2332 Hall.
635 2313 799 2333 πεσοντες
816 2313 862 2333 εις
879 2298 1042 2342 ἁμαρτίαν
1059 2299 1264 2343 praefigens,
1281 2299 1405 2333 deinde
1421 2299 1788 2344 χρησιμως-ἕκαστος
1804 2302 1859 2342 (ut

273 2344 407 2389 supra),
426 2344 531 2378 verba
548 2346 712 2380 πεσόντες
728 2345 792 2389 γὰρ
811 2344 857 2379 εἷς
874 2344 1040 2388 ιιμαρτίαν
1056 2347 1125 2381 τοῖς
1145 2348 1204 2379 τοῦ
1228 2347 1371 2380 θανάτου
1392 2347 1531 2390 δεσμοῖς
1548 2345 1859 2389 κατεδεσμεύθημεν

274 2391 399 2424 iterum
414 2397 584 2435 repetens.
622 2392 651 2424 Ε
665 2391 742 2426 Cat.
758 2391 858 2425 Harl.
871 2391 964 2425 Aub.
1003 2391 1175 2436 Repetitio
1190 2392 1247 2426 fit
1241 2405 1276 2426 m
1290 2393 1425 2437 Migne.
1507 2405 1539 2434 4.
1558 2391 1641 2437 γὰρ]
1655 2393 1707 2426 καὶ
1724 2393 1790 2437 γὰρ
1808 2405 1856 2426 111.

273 2436 322 2482 τι]
343 2439 380 2471 τὸ
399 2449 445 2471 m.
559 2437 591 2471 6.
618 2437 711 2481 ἡμεῖς
730 2437 806 2471 Cat.
828 2438 928 2472 Hall.
948 2438 1042 2472 Aub.
1165 2448 1195 2483 7.
1221 2439 1339 2482 ἐξοίσῃ
1358 2451 1386 2472 a.
1391 2439 1426 2472 b.
1431 2451 1477 2473 m.
1499 2439 1605 2473 Cord.
1626 2439 1711 2473 Mai.
1729 2440 1857 2482 εξοισει

273 2483 403 2518 habent
422 2484 491 2518 (ak.
555 2484 716 2518 Statim‘
700 2500 718 2517 0
736 2496 805 2519 orn.
824 2496 853 2517 a.
857 2484 891 2518 b
897 2496 925 2517 c.
929 2485 964 2518 k.
969 2496 1016 2519 m.
1037 2484 1143 2519 Cord.
1165 2485 1248 2520 Mai.
1267 2486 1371 2519 habet
1391 2485 1469 2520 Cat.
1490 2485 1591 2520 Harl.
1719 2486 1752 2520 8.
1779 2487 1857 2520 τότε

273 2531 326 2564 καὶ
344 2535 410 2564 τῶν
426 2530 575 2576 ἀρχαίων
592 2530 769 2566 ἀπολύσας
786 2543 833 2565 m.
850 2531 934 2565 Mai.
1054 2544 1086 2576 9.
1109 2534 1276 2576 περιελὼν
1292 2544 1322 2566 a.
1326 2533 1360 2567 k
1364 2544 1409 2567 m.
1426 2533 1510 2566 Mai.
1527 2535 1709 2576 περιαιρῶν
1726 2532 1857 2566 habent

271 2576 340 2611 b.c.
361 2578 438 2611 Cat.
456 2578 555 2612 Harl.
572 2577 679 2612 Cord.
731 2578 856 2611 Statim
874 2579 1000 2622 τρόπον
1018 2577 1138 2612 deest
1131 2591 1166 2612 111
1187 2578 1263 2613 Cat.
1285 2580 1384 2613 Harl.
1403 2579 1497 2613 Aub.
1562 2580 1600 2612 τὸ
1618 2580 1677 2623 τῆς
1693 2578 1857 2623 αἰσχύνης

271 2624 412 2658 inverso
430 2624 551 2658 ordine
569 2624 603 2658 b.
790 2635 843 2658 10.
869 2624 1073 2659 ἀνίστασθαι
1093 2626 1172 2669 (sic)
1193 2625 1298 2660 Cord.
1366 2625 1492 2660 Statim
1510 2625 1664 2660 κελεύσει
1681 2637 1729 2659 m.
1750 2625 1856 2660 Cord.

272 2670 399 2704 κελευει
417 2670 546 2704 liabent
565 2683 593 2705 c.
613 2670 706 2704 Blae.
725 2671 760 2704 in
780 2671 864 2704 Mai.
925 2670 1005 2716 οὐχ]
1026 2671 1095 2705 οὔτ
1113 2683 1160 2706 rn.
1269 2683 1321 2706 11.
1347 2671 1428 2717 οὐχ]
1448 2671 1517 2706 οὔθ
1537 2672 1857 2717 111.]Ν1ε11.ἠ’γουν

271 2716 306 2750 b.
312 2729 340 2752 c.
360 2717 467 2751 Cord.
488 2716 505 2760 ἢ
526 2716 603 2751 Cat.
620 2717 720 2750 Harl.
740 2717 806 2751 Ed.
826 2732 878 2751 και
896 2729 959 2762 pro
977 2720 1079 2763 ι’]’γουν
1096 2718 1222 2763 ἕτεροις
1238 2719 1310 2753 τισὶ
1326 2731 1373 2752 m.
1391 2719 1477 2753 Mai.
1541 2720 1612 2754 τοῖς
1629 2730 1698 2752 om.
1718 2718 1854 2763 Migne.

275 2774 328 2798 12.
355 2765 467 2798 κακοῖς
486 2764 566 2807 (sic)
586 2776 635 2797 m.
656 2764 740 2798 Mai.
804 2763 908 2809 ἁγίων
925 2776 1060 2798 0111.111.
1080 2765 1166 2798 Mai.
1306 2776 1358 2810 13.
1385 2765 1437 2798 καὶ
1456 2765 1552 2809 prius
1571 2767 1794 2809 assumptum
1812 2776 1855 2798 ex

271 2820 302 2842 a.
307 2810 340 2843 b.
346 2821 375 2843 c.
379 2811 414 2844 k.
434 2809 541 2844 Cord.
607 2810 813 2854 σκηρτίσατε
831 2822 860 2844 c.
880 2810 1087 2854 σκιρτήσατε
1104 2810 1854 2867 m.[cf.(AleX.106.130.)]15.Inc.

272 2857 430 2898 Λάμβανε
447 2868 476 2890 a.
481 2868 527 2890 m.
545 2857 658 2901 pergit
676 2868 739 2890 nec
758 2856 799 2890 de
817 2868 887 2891 1101
890 2869 910 2891 o
929 2858 1050 2902 incipit
1067 2858 1103 2892 k.
1171 2859 1296 2892 Statim
1314 2858 1353 2902 δη
1371 2870 1433 2903 pro
1451 2858 1489 2891 δέ
1506 2870 1553 2892 111.
1690 2856 1744 2890 16.
1769 2856 1854 2891 ἀπο-

272 2901 313 2934 6(
295 2916 354 2944 ινῃ
373 2914 419 2937 m.
493 2902 653 2938 Statim‘
638 2918 681 2938 ως
699 2902 795 2937 addit
814 2903 950 2947 Migne.
1020 2903 1091 2947 μετ’
1111 2916 1158 2939 111.
1400 2913 1452 2948 17.
1478 2903 1538 2947 τὴν
1555 2901 1669 2948 plius]
1693 2908 1729 2945 -4-
1750 2917 1787 2937 τε
1804 2914 1852 2938 m,

276 2958 329 2991 1¹.9
357 2946 483 2982 κελεύει
502 2950 537 2984 k.
681 2960 735 2984 20.
761 2948 911 2996 μεγάλῃ]
935 2954 971 2990 —l-
993 2952 1032 2994 τῆ
1051 2962 1098 2985 m.
1244 2962 1298 2988 22.
1325 2950 1492 2986 κινεῖσθαι
1509 2961 1580 2985 om.
1599 2960 1646 2983 m.
