2037 3266
112 989 206 1020 vall.

113 1033 179 1062 vii1.
196 1043 244 1073 ει).

112 2646 126 2667 2
143 2638 227 2668 Tim,

109 2681 140 2710 ii.
159 2682 188 2711 ().

108 2725 176 2753 Col.
193 2724 212 2754 i.

112 2768 159 2797 18.

114 2811 204 2841 [{s)11).

107 2853 173 2884 viii.
189 2863 237 2895 29.

340 145 423 184 720
739 145 788 185 B.
822 145 1100 188 CYRILLI
1141 146 1519 188 ALEXANDR.
1653 145 1752 186 xvii.
1776 145 1921 196 18,19.

340 257 368 279 ‘⁶
393 252 656 316 πρόσωπον
683 255 825 305 αὐτοῦ
858 254 1008 319 πνοὴν
1034 256 1189 322 ζωῆς,”
1224 257 1277 306 οὐ
1304 257 1413 322 δίχα
1437 261 1519 306 τοῦ
1546 254 1620 305 διὰ
1649 254 1924 317 Πνεύματος

339 333 580 397 ἁγιασμοῦ
610 334 695 399 τὴν
718 334 883 404 ψυχὴν
908 340 975 406 τῷ
1007 336 1240 406 ἀνθρώπῳ
1269 337 1491 387 δεδόσθαι
1522 336 1783 401 σημαίνων,
1809 335 1921 386 ἀλλ’

338 414 441 464 οὐδὲ
492 415 676 481 γυμνὴν
726 415 755 482 ἢ
807 419 982 484 ἐρήμην
1031 423 1277 471 παντελῶς
1328 421 1410 482 τῆς
1461 419 1587 472 θείας
1637 416 1923 469 καθεστάναι

338 497 543 562 φύσεως.
594 498 696 550 οὐδὲ
736 499 830 566 γὰρ
869 498 926 551 ἂν
957 498 1096 568 ὤφθη
1128 498 1241 551 ποτὲ
1276 501 1374 550 κατ’
1404 499 1557 551 εἰκόνα
1587 499 1672 563 τὴν
1699 499 1922 550 ἀνωτάτω

337 577 391 628 τὸ
430 580 812 646 χθαμαλωτάτην
852 583 999 635 οὕτως
1038 581 1146 648 ἔχον
1183 580 1269 646 τὴν
1307 581 1507 647 γένεσιν,
1547 585 1584 632 εἰ
1622 580 1686 645 μὴ
1725 580 1811 644 τὴν
1847 579 1965 635 διά5

337 666 419 711 τοῦ
443 662 720 726 Πνεύματος
746 661 1017 731 μόρφωσιν,
1048 668 1352 729 προσωπεῖον
1377 660 1542 729 ὥσπερ
1568 686 1612 714 τι
1638 661 1923 729 περικαλλὲς

291 749 317 789 b
339 739 488 809 ἐ’λαχέ
516 766 564 794 τε
596 746 671 794 καὶ
710 745 1034 810 ἐκληρώσατο,
1061 744 1293 809 βουλήσει
1329 744 1376 796 δὲ
1411 742 1631 810 δηλονότι
1666 750 1748 796 τοῦ
1776 748 1917 796 Θεοῦ.

337 824 494 888 ἐπειδὴ
522 825 615 892 γάρ
643 828 745 877 ἐστι
772 829 853 890 τῆς
879 833 961 878 τοῦ
983 831 1288 893 Μονογενοῦς
1315 828 1478 881 οὐσίας
1503 827 1636 878 εἰκὼν
1662 826 1923 895 ἀκραιφνὴς·

337 904 391 956 τὸ
432 910 628 971 Πνεῦμα
661 910 815 971 αὐτοῦ,
856 908 976 960 κατὰ
1013 908 1067 959 τὸ
1110 910 1436 975 γεγραμμένον
1477 908 1552 959 διὰ
1592 914 1676 960 τοῦ
1721 909 1922 959 Παύλου

337 994 364 1016 “
392 988 493 1042 Οῦς
523 988 616 1055 γὰρ
645 991 876 1056 προέγνω,
904 993 978 1041 καὶ
1013 991 1251 1057 προώρισε
1281 991 1596 1058 συμμόρφους
1626 994 1708 1055 τῆς
1747 990 1920 1045 εἰκόνος
1943 1010 1990 1035 10

339 1077 365 1099 “
390 1075 472 1120 τοῦ
498 1075 615 1122 Υὶοῦ
654 1072 842 1123 αὐτοῦ’”
896 1071 1004 1127 τοὺς
1041 1071 1208 1139 οἷσπερ
1241 1072 1297 1123 ἂν
1323 1071 1578 1141 ἐνυπάρξαι
1605 1073 1921 1142 συμμόρφους

336 1153 562 1203 ἀποτελεῖ
595 1158 653 1221 τῇ
692 1161 774 1205 τοῦ
804 1154 996 1221 Πατρός
1035 1155 1188 1218 εἰκόνι,
1219 1154 1432 1206 τουτέστι
1470 1158 1536 1225 τῷ
1561 1159 1675 1224 Υἱῷ,
1714 1156 1835 1205 οὕτω
1869 1177 1920 1205 τε

335 1233 393 1284 τὰ
416 1233 572 1285 πάντα
600 1234 654 1286 δι’
682 1240 800 1287 Υἱοῦ
825 1236 943 1302 πρὸς
969 1236 1051 1287 τὸν
1078 1238 1134 1306 ἐξ
1157 1237 1299 1302 οὗπέρ
1326 1238 1428 1288 ἐστι
1449 1236 1638 1304 Πατερα
1665 1236 1740 1288 διὰ
1761 1237 1913 1288 Πνεύ-

333 1339 480 1379 ματος
524 1317 820 1383 ἐπανάγεται.
881 1321 1193 1370 ἀνανεοῦσθαι
1243 1325 1493 1386 τοιγαροῦν
1538 1321 1614 1370 καὶ
1666 1319 1915 1370 ἀναπλάτ-

333 1399 505 1449 τεσθαί
543 1422 644 1453 πως
691 1404 753 1454 εἷς
795 1400 949 1451 εἰκόνα
990 1400 1075 1464 τὴν
1117 1401 1309 1468 πρώτην
1354 1400 1439 1466 τὴν
1479 1401 1730 1468 ἀνθρώπου
1771 1403 1920 1470 φύσιν
1943 1422 1988 1458 15

294 1502 315 1528 0
334 1482 484 1549 ἐρωτᾷ
508 1481 583 1531 διὰ
609 1484 860 1544 μετουσίας
886 1489 968 1533 τοῦ
999 1483 1287 1547 Πνεύματος,
1315 1484 1390 1534 ἵνα
1416 1483 1501 1547 τὴν
1527 1483 1719 1550 πρώτην
1745 1484 1918 1547 ἐκείνην

334 1563 679 1631 ἀμφιεσάμενοι
723 1566 875 1631 χάριν,
927 1568 1000 1616 καὶ
1043 1565 1129 1628 τὴν
1172 1565 1290 1632 πρὸς
1335 1566 1477 1616 αὐτὸν
1522 1564 1917 1629 ἀνακομισάμενοι

333 1644 603 1712 μόρφωσιν,
644 1647 856 1709 ἀμείνους
895 1670 942 1697 τε
984 1648 1071 1711 ἤδη
1116 1648 1189 1697 καὶ
1237 1647 1543 1712 δυνατώτεροι
1583 1650 1665 1710 τῆς
1709 1649 1757 1698 ἐν
1801 1650 1918 1716 τῷδε

333 1730 399 1795 τῷ
440 1725 607 1796 κόσμῳ
649 1729 1004 1793 βασιλευούσης
1044 1730 1273 1794 ἁμαρτίας
1313 1729 1653 1796 εὑρισκώμεθα,
1703 1728 1823 1796 μόνῃ
1868 1752 1917 1779 τε

333 1812 391 1875 τῇ
432 1812 492 1862 εἷς
521 1809 645 1860 Θεὸν
680 1809 920 1875 ἀγαπήσει
958 1811 1356 1877 προσεδρεύωμεν,
1384 1811 1543 1879 ἐφέσει
1580 1815 1637 1878 τῇ
1671 1810 1789 1877 πρὸς
1823 1816 1918 1862 πᾶν
1939 1836 1988 1860 20

333 1891 487 1941 ὁτιοῦν
538 1891 719 1956 ἀγαθὸν
777 1894 1051 1960 ὁλοσχερῶς
1115 1894 1415 1957 ἀνακείμενοι,
1468 1895 1543 1944 καὶ
1600 1894 1918 1961 φιλοσαρκίας

333 1974 573 2038 κρείττονα
605 1973 689 2037 τὴν
719 1974 925 2025 διάνοιαν
951 1975 1147 2042 ἔχοντες,
1181 1976 1535 2041 ἀπαραποίητον
1561 1976 1608 2026 ἐν
1634 1975 1811 2029 ἑαυτοῖς
1836 1977 1918 2038 τῆς

332 2055 593 2119 ἐντεθείσης
622 2055 794 2109 εἰκόνος
831 2055 886 2107 τὸ
923 2055 1102 2110 κάλλος
1140 2056 1434 2123 τηρήσωμεν.
1478 2057 1610 2110 οὗτος
1645 2055 1738 2123 γὰρ
1765 2058 1790 2107 ὃ
1815 2057 1919 2120 βίος

334 2137 358 2186 ὁ
383 2137 709 2200 πνευματικὸς,
735 2139 852 2202 αὕτη
879 2141 961 2201 τῆς
987 2140 1034 2189 ἐν
1060 2139 1287 2202 πνεύματι
1316 2140 1534 2204 λατρείας
1558 2139 1586 2202 ἡ
1615 2139 1822 2203 δύναμις.

406 2220 547 2268 Ἀλλ’
587 2223 622 2269 εἰ
661 2219 752 2286 χρή
785 2242 829 2270 τι
863 2220 1011 2271 πάλιν
1050 2220 1103 2271 τὸ
1138 2227 1221 2271 τοῦ
1260 2222 1408 2286 λόγου
1446 2223 1591 2284 μῆκος
1630 2220 1916 2272 συνελόντας
1939 2244 1986 2283 25

288 2306 315 2346 d
334 2303 380 2351 ἐν
431 2301 610 2365 ὀλίγοις
662 2305 817 2364 εἰπεῖν,
857 2301 911 2352 τὸ
964 2305 1157 2369 ἀρχαῖον
1209 2305 1291 2365 τῆς
1342 2301 1702 2368 ἀνθρωπότητος
1753 2305 1916 2369 δῶρον,

333 2383 563 2445 τουτέστι,
603 2382 685 2433 τὸν
728 2382 804 2433 διὰ
842 2382 1116 2447 Πνεύματος
1153 2383 1406 2449 ἁγιασμὸν,
1442 2386 1516 2434 καὶ
1552 2383 1638 2448 τὴν
1672 2387 1754 2448 τῆς
1792 2385 1916 2439 θείας

334 2463 526 2533 φύσεως
565 2464 807 2515 κοινωνίαν
833 2466 904 2533 ἐφ’
935 2466 1054 2529 ἡμᾶς
1092 2465 1247 2515 ἐκάλει
1274 2465 1501 2532 Χριστὸς,
1538 2468 1600 2519 ὡς
1638 2468 1686 2517 ἐν
1724 2468 1916 2535 ἀπαρχῇ

332 2553 427 2599 τῶν
450 2547 712 2614 δεχομένων
736 2547 784 2597 ἐν
810 2552 905 2599 τοῖς
943 2548 1084 2598 αὐτοῦ
1118 2552 1361 2612 μαθηταῖς,
1387 2549 1488 2599 ἐπεί
1521 2570 1592 2598 τοι
1625 2549 1699 2598 καὶ
1734 2546 1916 2612 ἀληθὴς

335 2631 360 2680 ὁ
387 2628 531 2694 λόγος
567 2629 638 2679 ὅτι
678 2628 805 2679 “τὸν
831 2633 1067 2679 κοπιῶντα
1106 2627 1319 2695 γεωργὸν
1346 2633 1417 2680 δεῖ
1449 2634 1637 2695 πρῶτον
1671 2634 1765 2680 τῶν
1804 2653 1914 2696 καρ-
1935 2654 1984 2689 30

335 2718 361 2740 “
386 2715 490 2762 πῶν
515 2710 943 2774 μεταλαμβάνειν.”
991 2712 1100 2760 ἀλλ’
1130 2711 1203 2761 ἵνα
1238 2712 1325 2761 κάν
1355 2710 1505 2780 τούτῳ
1533 2711 1752 2779 φαίνηται
1787 2733 1914 2776 πρω-

334 2791 477 2842 τεύων
521 2791 672 2844 αὐτός·
739 2792 825 2842 ἔδει
873 2790 963 2857 γὰρ
1008 2791 1119 2842 ὄντα
1163 2791 1475 2857 πρωτότοκον,
1518 2794 1579 2845 ὡς
1622 2793 1670 2842 ἐν
1715 2797 1914 2845 πολλοῖς

430 2911 458 2944 7.
487 2902 545 2934 τοῦ
564 2913 632 2934 0111.
654 2901 694 2934 E.
934 2904 966 2933 Η.
996 2901 1178 2946 ἀκραιφνές
1201 2902 1239 2935 E.
1473 2913 1527 2946 30.
1556 2903 1611 2934 τὸν
1631 2903 1758 2945 καρπὸν
1778 2902 1818 2936 Ε.
