2037 3266
307 132 391 170 510
711 130 761 170 B.
796 129 1071 171 CYRILLI
1113 131 1497 172 ALEXANDR.
1722 131 1806 172 xiv.
1827 132 1893 183 27.

306 238 365 289 τὰ
390 238 585 290 τοιαῦτά
609 243 791 308 φησιν,
830 239 857 303 ἡ
884 238 968 303 μὲν
989 239 1080 305 γὰρ
1108 238 1411 308 άφιλόμαχος
1437 241 1513 290 καί
1539 238 1895 308 ἀφιλοπόλεμος

306 320 415 389 ἕξις,
443 321 560 372 ὅσον
586 323 634 372 ἐν
657 322 841 374 οἰκείαις
877 322 1045 387 ῥοπαῖς
1080 326 1155 372 καὶ
1191 323 1238 371 ἐν
1265 320 1462 385 θελήσει
1492 325 1550 388 τῇ
1576 322 1684 372 καθ’
1714 319 1895 384 ἑαυτὴν,

306 402 491 469 εἰρήνην
535 403 627 471 ε”χει
671 405 747 454 καὶ
792 401 1047 468 ἐργάζεται·
1105 404 1180 453 καὶ
1229 403 1312 453 οὐκ
1363 402 1687 454 ἐνυπόστατόν
1730 425 1775 452 τι
1819 403 1896 452 καὶ

307 484 522 554 ὑπάρχον
550 487 673 540 ἰδίως
701 483 960 550 οἰησόμεθα
993 508 1108 536 ποτε
1142 484 1228 549 τὴν
1254 487 1376 536 οὕτω
1409 486 1661 550 νοουμένην
1685 485 1892 552 εἰρήνην,

1914 584 1936 621 ΕἿ.

260 569 416 618 ὃάλΧ
446 571 493 619 ἐν
518 568 610 637 ἕξει
645 572 703 635 τῇ
738 572 833 618 τῶν
864 566 1160 633 ἀγαπώντων
1193 566 1338 631 αὐτὴν
1368 569 1649 632 συμβαίνειν
1685 567 1890 632 ὑπονοή-

305 670 472 712 σομεν·
521 655 622 704 πῶς
661 651 741 700 οῦν
777 650 869 715 ἄρα
908 648 1076 712 νοήσαι
1116 672 1186 702 τις
1224 647 1283 699 ἂν
1317 649 1473 700 ποῖντα
1512 655 1622 700 νοῦν
1657 649 1894 716 ὑπερέχειν

304 731 392 796 τὴν
429 732 649 796 τοιαύτην
688 731 874 798 εἰρήνην
896 753 908 793 ;
967 729 1021 781 τὸ
1060 729 1154 797 γὰρ
1192 733 1384 794 μηδαμῆ
1428 734 1654 795 μηδαμῶς
1699 730 1752 782 ὃν
1791 733 1891 782 κατ’

305 813 425 865 ἰδίαν
476 813 691 882 ὕπαρξιν,
742 817 843 867 πῶς
899 813 958 864 ἂν
1010 817 1163 863 νοοῖτο
1219 817 1428 879 κρεῖττον
1477 836 1526 864 τε
1579 815 1654 864 καὶ
1704 815 1894 877 ἄμεινον

303 896 566 962 ἀνθρώπων
617 896 775 964 τυχὸν,
827 894 856 959 ἢ
910 892 1148 960 ἀγγέλων,
1199 893 1226 959 ὴ
1279 897 1355 945 καὶ
1403 899 1497 945 τῶν
1549 895 1614 945 ἔτι
1663 896 1892 962 προσάνω

304 978 596 1041 νοουμένων,
655 983 763 1029 νοῦν
805 977 898 1043 γὰρ
949 975 1064 1027 εἶναι
1110 979 1185 1027 καὶ
1231 976 1380 1028 ταῦτά
1424 982 1596 1045 φαμεν.
1654 979 1820 1028 οὐκοῦν
1864 979 1892 1042 ἡ
1916 1000 1964 1025 10

304 1059 420 1126 ὑπὲρ
452 1060 667 1128 ἀρχὰς,ἡ
706 1059 820 1127 ὑπὲρ
854 1059 1088 1128 ἐξουσίας,
1115 1059 1142 1122 ἡ
1180 1058 1293 1125 ὑπὲρ
1329 1057 1524 1125 θρόνους
1557 1058 1584 1124 ἢ
1620 1059 1893 1126 κυριότητας

303 1143 379 1193 καὶ
419 1142 533 1208 ὑπὲρ
571 1140 728 1193 πάντα
767 1147 878 1193 νοῦν
913 1141 1084 1207 εἰρήνη,
1111 1141 1164 1191 τὸ
1204 1145 1400 1204 Πνεῦμα
1434 1145 1653 1207 Χριστοῦ
1692 1144 1809 1204 ἐστι,
1836 1144 1890 1194 δι’

302 1225 357 1275 οῦ
393 1224 452 1275 τὰ
486 1224 643 1276 πάντα
679 1228 746 1294 τῷ
774 1228 882 1293 Θεῷ
919 1226 993 1274 καὶ
1023 1225 1179 1290 Πατρί
1207 1223 1509 1292 κατήλλαξεν
1536 1225 1560 1274 ὁ
1587 1222 1715 1287 Υἱὸς,
1742 1228 1808 1293 τῷ
1833 1224 1892 1275 τὰ

261 1306 442 1357 οαύτοῦ
484 1306 650 1369 θέλειν,
678 1309 753 1357 καὶ
791 1307 1058 1367 βούλεσθαι
1099 1310 1220 1356 νοεῖν
1256 1328 1305 1356 τε
1339 1307 1414 1356 καὶ
1448 1305 1684 1372 πράττειν,
1711 1309 1785 1356 καὶ
1825 1306 1891 1369 μὴ

299 1388 504 1455 ἑτέρωσέ
536 1411 617 1440 ποι
656 1393 824 1456 χωρεῖν
865 1393 926 1442 εἰς
966 1387 1242 1439 ἀπόστασιν
1286 1386 1362 1438 διὰ
1400 1391 1483 1451 τῆς
1521 1392 1583 1442 εἰς
1624 1387 1683 1439 τὰ
1725 1391 1890 1456 φαῦλα
1915 1410 1960 1446 15

297 1473 623 1537 παρατροπῆς.
676 1475 820 1521 λυπεῖ
842 1470 890 1522 δὲ
917 1469 1050 1521 οὐδὲν
1077 1472 1153 1520 καὶ
1180 1469 1421 1535 λογισμὸν
1448 1471 1520 1520 ἐπὶ
1547 1470 1697 1539 τούτῳ
1723 1476 1890 1531 λαβεῖν

298 1553 382 1602 οὐκ
414 1552 661 1604 ἀσύνετον.
719 1552 863 1619 ὅνπερ
898 1551 993 1618 γὰρ
1028 1551 1206 1618 τρόπον
1233 1553 1421 1617 ἐπείπερ
1457 1550 1549 1617 ζωὴ
1584 1551 1704 1602 κατὰ
1739 1552 1889 1620 φύσιν

298 1635 429 1685 ἐστὶν
456 1635 480 1685 ὁ
507 1633 622 1687 Υἱὸς
649 1637 725 1686 καὶ
752 1636 905 1703 σοφία
932 1636 1007 1685 καὶ
1035 1633 1241 1697 δύναμις,
1269 1638 1481 1684 καλεῖται
1515 1632 1564 1684 δὲ
1597 1635 1673 1684 καὶ
1704 1633 1807 1685 ἔστι
1834 1633 1888 1684 τὸ

301 1718 497 1779 Πνεῦμα
524 1717 680 1779 αὐτοῦ,
706 1715 890 1779 πνεῦμά
921 1718 1024 1766 ἐστι
1056 1716 1174 1782 ζωῆς
1209 1717 1285 1766 καὶ
1320 1716 1498 1784 σοφίας
1526 1717 1602 1766 καὶ
1629 1714 1883 1778 δυνάμεως·

298 1799 447 1852 οὕτως
482 1799 669 1865 ἐπείπερ
704 1801 836 1850 ἐστιν
863 1798 1001 1852 αὐτός
1038 1820 1086 1848 τε
1125 1801 1200 1848 καὶ
1234 1798 1321 1865 οὐχ
1356 1797 1510 1864 ἕτερος
1550 1797 1578 1860 ἡ
1614 1798 1803 1861 ἀληθῶς
1837 1821 1886 1848 τε
1910 1825 1959 1848 20

298 1882 374 1930 καὶ
401 1881 567 1946 κυρίως
603 1880 775 1947 εἰρήνη,
803 1880 976 1946 λέγοιτ’
1006 1879 1064 1930 ἂν
1089 1879 1276 1933 εἰκότως
1313 1882 1389 1930 καὶ
1426 1884 1578 1930 νοοῖτο
1612 1877 1759 1930 πάλιν
1786 1884 1883 1930 κατ’

249 1974 275 2015 d
296 1962 437 2013 αὐτὸν
476 1962 631 2030 εἰρήνη
670 1963 724 2014 τὸ
765 1967 961 2025 Πνεῦμα
999 1963 1158 2012 αὐτοῦ.
1215 1960 1291 2012 διά
1329 1984 1400 2012 τοι
1439 1967 1578 2012 τοῦτο
1615 1963 1691 2011 καὶ
1730 1964 1887 2014 ἰδικῶς

297 2045 483 2098 ἀναθεὶς
526 2049 583 2112 τῇ
627 2046 792 2096 ἑαυτοῦ
837 2044 983 2112 φύσει
1026 2043 1112 2107 τὴν
1154 2045 1274 2094 ἰδίαν
1316 2042 1516 2109 εἰρήνην,
1556 2043 1786 2105 τουτέστι,
1832 2042 1886 2094 τὸ

299 2130 506 2190 Πνεῦμα,
541 2127 669 2192 λε’γει
706 2127 813 2191 περὶ
853 2127 996 2176 αὐτοῦ
1026 2127 1186 2192 Εἰρήνην
1213 2123 1281 2185 την
1314 2124 1415 2192 ἐμὴν
1441 2127 1610 2194 ἀφίημι
1646 2128 1759 2191 ὑμῖν.
1815 2124 1886 2175 ὅτι

296 2206 343 2257 δὲ
378 2210 454 2258 καὶ
489 2208 620 2274 παρὰ
653 2213 749 2261 τοῖς
786 2208 934 2272 ἁγίοις
970 2206 1238 2274 προφήταις
1274 2208 1396 2256 οὕτω
1433 2205 1796 2270 κατωνόμασται
1831 2206 1883 2257 τὸ

298 2292 497 2351 Πνεῦμα
524 2294 755 2355 Χριστοῦ,
783 2288 1008 2352 συνήσεις
1045 2288 1094 2338 εὖ
1128 2287 1261 2350 μάλα
1295 2286 1350 2337 τὸ
1386 2286 1462 2337 διὰ
1488 2290 1649 2351 φωνῆς
1675 2287 1885 2337 (Ησαίου

71 2367 160 2442 ξξνὶ
181 2420 229 2442 12·
294 2371 458 2434 μαθών
483 2378 511 2400 “
535 2370 679 2437 Κύριε
714 2369 822 2436 γὰρ,
850 2371 1014 2438 φησὶν,
1042 2370 1066 2419 ὁ
1100 2368 1221 2422 Θεὸς
1257 2369 1402 2432 ἡμῶν,
1430 2368 1614 2434 εἰρήνην
1640 2367 1718 2422 δὸς
1754 2370 1880 2433 ἡμῖν·

294 2459 323 2481 “
347 2452 504 2504 πάντα
531 2452 623 2519 γὰρ
651 2452 892 2503 ἀπέδωκας
920 2452 1072 2515 ἡμῖν.”
1115 2453 1175 2504 ὡς
1202 2449 1295 2516 γὰρ
1321 2451 1454 2501 οὐδὲν
1478 2456 1560 2501 τοῦ
1588 2450 1734 2514 νόμου
1761 2474 1882 2503 τετε-

294 2533 561 2597 λειωκότος,
590 2535 694 2585 οὔτε
720 2532 813 2598 μὴν
841 2533 1133 2602 ἐξαρκούσης
1170 2535 1254 2596 τῆς
1285 2533 1384 2584 κατ’
1415 2532 1557 2583 αὐτὸν
1584 2532 1882 2598 δικαιοσύνης

1908 2229 1925 2252 Ν

1933 2224 1955 2262 Ut

340 2708 374 2742 9.
401 2697 455 2730 καὶ
472 2703 695 2742 assumptum
713 2709 731 2731 e
750 2696 842 2731 Catt.
963 2696 1124 2740 προσάνω
1149 2693 1353 2740 νοουμένων]
1373 2694 1528 2739 ἀνωτέρω
1547 2695 1718 2738 δυνάμεων
1734 2697 1882 2741 λογικῶν

293 2742 360 2777 b.c.
382 2743 489 2778 Cord.
606 2755 658 2786 14.
685 2744 788 2777 αὐτοῦ
809 2742 953 2777 E.a.b.c.
974 2742 1081 2777 Cord.
1100 2743 1219 2776 ἑαυτοῦ
1239 2742 1305 2776 Ed.
1422 2742 1474 2775 18.
1501 2741 1554 2785 δὲ]
1574 2756 1610 2775 τε
1629 2742 1696 2776 a.b.
1715 2749 1879 2776 neutrum

293 2789 424 2823 habent
442 2801 472 2823 c.
493 2789 597 2823 Cord.
697 2802 749 2836 19.
775 2792 905 2833 πνεῦμα
922 2788 998 2834 alt.]
1020 2793 1056 2829 -4-
1077 2790 1143 2833 γὰρ
1162 2789 1263 2822 adhc.
1283 2787 1389 2821 Cord.
1455 2789 1538 2831 ζωῆς
1557 2789 1610 2821 καὶ
1628 2789 1771 2833 σοφίας]
1793 2792 1880 2822 Θεοῦ

293 2836 347 2868 καὶ
365 2837 494 2880 σοφίας
512 2837 565 2870 καὶ
583 2837 666 2880 ζωῆς
683 2836 717 2870 b.
814 2836 924 2880 σοφία
943 2837 996 2869 καὶ
1014 2834 1150 2878 δύναμις
1170 2836 1211 2869 Ε,
1230 2834 1347 2868 invitis
1368 2834 1459 2868 Catt.
1714 2846 1769 2869 21.
1797 2837 1879 2869 κατὰ

292 2882 414 2915 ταύτὸν
432 2882 465 2916 b.
671 2893 727 2917 22.
754 2883 841 2916 διάτι
862 2883 901 2916 Ε.
922 2882 1038 2916 invitis
1060 2881 1211 2915 Catenis.
1403 2892 1458 2922 24.
1487 2879 1640 2925 Πνεῦμα]
1665 2885 1700 2921 -1-
1722 2882 1825 2916 αὐτοῦ
1845 2882 1877 2916 b.

295 2928 350 2962 28.
376 2928 545 2962 ἀπέδωκεν
565 2928 605 2962 Ε.
