2016 3246
323 130 403 170 128
722 132 771 174 B.
806 132 1083 173 CYRILLI
1124 132 1503 173 ALEXANDR.
1732 131 1817 172 viii.
1837 140 1904 184 55.

320 241 452 304 ἡμῶν
478 242 667 305 Ἰησοῦς
694 243 718 292 6
745 241 959 309 Χριστὸς
986 241 1149 293 εἰδέναι
1175 244 1298 310 φησὶ
1324 241 1406 293 τὸν
1434 241 1627 307 Πατέρα
1662 243 1736 291 καὶ
1770 244 1907 309 τηρεῖν

321 324 390 374 τὶν
415 325 547 389 λόγον
575 326 721 388 αὐτοῦ,
748 325 958 390 ἑτεροίως
995 322 1072 374 διὰ
1106 330 1245 374 τοῦτο
1279 328 1375 377 τοῖς
1408 325 1617 377 ἀνοσίοις
1641 322 1902 384 Ἰουδαίοις,

320 402 374 453 τὸ
415 402 531 467 μήτε
573 404 735 454 εἰδέναι
777 403 859 454 τὸν
898 402 1023 454 Θεὸν
1062 406 1322 468 περιτιθεὶς,
1362 401 1478 467 μήτε
1524 402 1617 467 μὴν
1655 403 1906 470 ἀνέχεσθαι

321 484 404 536 τὸν
441 486 550 552 παρ’
589 487 730 536 αὐτοῦ
770 484 931 550 λόγον,
971 484 1000 550 ἢ
1041 487 1260 553 φυλακῆς
1298 507 1422 539 τινος
1461 484 1586 538 ὅλως
1623 484 1786 553 ἀξιοῦν
1823 482 1906 534 τὸν

321 567 500 619 ἄνωθεν
526 569 681 620 αὐτοῖς
715 567 1013 633 διορισθέντα
1048 566 1204 629 νόμον.
1926 581 1948 620 5

397 653 455 699 Εἰ
500 649 547 700 δὲ
589 649 681 716 χρὴ
724 651 801 699 καὶ
845 649 1009 715 ἑτέρως
1055 654 1150 702 τοῖς
1191 649 1507 714 προκειμένοις
1550 650 1789 713 ἐμβαλεῖν,
1830 651 1906 699 καὶ

321 730 606 797 λεπτότερόν
635 754 736 784 πως
772 733 882 782 ἰδεῖν
915 730 969 783 τὸ
1008 731 1227 796 πλαγίως
1266 731 1664 795 ὑποδηλούμενον,
1691 732 1765 780 καὶ
1801 728 1907 780 τόδε

319 810 437 878 πρὸς
475 813 655 866 τούτοις
694 814 886 879 ἐροῦμεν
913 811 1057 864 Οἶδεν
1089 814 1114 864 ὁ
1149 812 1263 866 Υἱὸς
1303 812 1384 864 τὸν
1419 812 1584 863 ἑαυτοῦ
1620 811 1825 878 Πατέρα,
1853 813 1907 862 οὐ

320 895 542 959 τοιαύτην
581 894 701 962 ἔχων
739 900 934 960 γνῶσιν,
976 896 1115 946 ὁποία
1160 895 1248 961 πέρ
1290 896 1423 945 ἐστιν
1463 895 1490 958 ἡ
1529 896 1577 945 ἐν
1616 895 1738 958 ἡμῖν,
1777 891 1908 943 ἀλλὰ

282 980 558 1044 θθεοπρεπῆ
597 1000 645 1028 τε
684 980 759 1027 καὶ
797 976 1106 1045 ἀνεξήγητον.
1165 975 1330 1042 ὥσπερ
1368 976 1462 1043 γὰρ
1502 977 1527 1027 ὁ
1565 976 1621 1045 ἐξ
1656 975 1908 1041 ἀνθρώπου
1931 1000 1979 1025 10

321 1059 658 1124 γεγεννημένος
697 1059 960 1125 ἄνθρωπος,
994 1060 1046 1109 οὐ
1083 1060 1193 1124 παρ’
1230 1058 1387 1124 ἑτέρου
1424 1057 1549 1111 τινὸς
1586 1057 1762 1120 μαθὼν,
1794 1057 1904 1106 ἀλλ’

321 1142 377 1209 ἐξ
409 1139 474 1191 ὧν
501 1143 632 1191 ἐστιν
664 1139 802 1194 αὐτὸς
837 1140 923 1205 τὴν
955 1147 1038 1192 τοῦ
1074 1140 1393 1206 γεννήσαντος
1429 1141 1511 1191 οὐκ
1546 1142 1707 1206 ἀγνοεῖ
1738 1138 1905 1207 φύσιν·

321 1223 443 1274 οὕτω
470 1225 547 1273 καὶ
580 1224 604 1273 6
631 1221 746 1277 Υἱὸς
775 1220 845 1274 0ἷὸ
849 1246 869 1273 ε
896 1221 980 1286 μὲν
1007 1223 1063 1292 ἐξ
1094 1221 1158 1273 ὧν
1184 1225 1287 1274 ἐστι
1322 1221 1404 1274 τὸν
1431 1224 1595 1274 ἑαυτοῦ
1630 1220 1906 1288 γεννήτορα,

321 1310 437 1374 τηρεῖ
471 1304 519 1356 δὲ
558 1306 625 1357 τὶν
658 1308 791 1371 λόγον
823 1307 967 1368 αὐτοῦ,
1001 1306 1246 1356 τουτέστιν
1280 1305 1396 1356 ὅλον
1431 1305 1522 1372 ἔχει
1560 1303 1827 1370 σωζόμενον
1860 1305 1909 1354 ἐν

321 1388 469 1456 ἑαυτῷ
501 1390 581 1451 τῆς
617 1387 783 1441 οὐσίας
818 1388 960 1438 αὐτοῦ
995 1387 1078 1438 τὸν
1104 1386 1229 1454 ὅρον·
1285 1390 1426 1451 δηλοῖ
1456 1386 1550 1453 γὰρ
1587 1388 1612 1438 ὁ
1647 1385 1794 1451 λόγος
1826 1383 1908 1436 τὸν
1932 1403 1978 1442 15

321 1469 445 1536 ὅρον.
507 1469 653 1535 λόγος
691 1468 776 1532 μὲν
816 1469 908 1536 γὰρ
948 1471 972 1520 6
1016 1469 1281 1535 ἀνθρώπου,
1321 1469 1566 1520 τουτέστιν
1604 1470 1629 1519 6
1675 1467 1782 1535 ὅρος
1826 1470 1911 1531 τῆς

324 1551 487 1605 οὐσίας
532 1553 689 1613 αὐτοῦ,
735 1551 851 1620 ζῷον
903 1550 1112 1616 λογικὸν,
1158 1550 1341 1615 θνητὸν,
1389 1556 1468 1601 νοῦ
1520 1553 1596 1601 καὶ
1645 1548 1910 1614 ἐπιστήμης

101 1649 188 1684 583
202 1648 256 1682 Α.
286 1632 547 1685 ηδεκτικόν.
606 1632 738 1684 ἀλλὰ
776 1632 870 1700 γὰρ
905 1635 981 1683 καὶ
1021 1633 1233 1698 ἀγγέλου
1271 1631 1414 1700 τυχὸν
1454 1633 1478 1683 6
1517 1630 1676 1698 λόγος,
1709 1631 1814 1697 ὅρος
1853 1630 1911 1681 ἂν

325 1719 478 1766 νοοῖτο
503 1718 586 1779 τῆς
612 1716 776 1769 οὐσίας
803 1716 960 1766 αὐτοῦ.
1015 1717 1088 1766 ἐπὶ
1117 1714 1164 1765 δὲ
1192 1718 1316 1765 Θεοῦ
1343 1720 1425 1766 τοῦ
1461 1713 1580 1766 κατὰ
1616 1713 1765 1782 φύσιν
1791 1713 1911 1777 ἡμᾶς

324 1796 410 1862 μὲν
441 1797 590 1864 λόγον
625 1796 654 1862 ὴ
692 1797 803 1864 ὅρον
835 1798 917 1848 οὐκ
954 1798 1057 1848 ἔστι
1096 1802 1278 1857 λαβεῖν·
1322 1798 1375 1847 οὐ
1412 1796 1505 1863 γὰρ
1544 1796 1683 1860 ἰ’σμεν
1713 1797 1761 1846 τί
1792 1794 1910 1846 κατὰ
1932 1818 1982 1843 20

326 1879 477 1947 φύσιν
503 1881 648 1943 ἐστὶν,
678 1878 797 1931 οἶδεν
825 1879 872 1930 δὲ
905 1882 929 1930 ὁ
956 1879 1071 1933 Υἱὸς
1105 1878 1187 1930 τὸν
1214 1881 1378 1930 ἑαυτοῦ
1408 1878 1612 1945 Πατέρα,
1640 1880 1715 1928 καὶ
1747 1879 1796 1928 ἐκ
1828 1880 1910 1941 τῆς

326 1963 491 2015 οὐσίας
535 1962 677 2012 αὐτοῦ
721 1960 1057 2028 γεγεννημένος
1102 1960 1223 2012 οἶδεν
1263 1962 1312 2011 τί
1353 1959 1472 2011 κατὰ
1518 1961 1668 2029 φύσιν
1711 1961 1841 2010 ἐστὶν
1885 1960 1910 2009 ὁ

325 2043 562 2110 γεννήσας
600 2043 757 2095 αὐτόν·
817 2043 910 2095 ἀπὸ
951 2044 998 2094 δὲ
1036 2046 1120 2107 τῆς
1157 2045 1268 2109 παρ’
1309 2044 1419 2107 ἡμῖν
1456 2043 1706 2107 συνηθείας
1744 2040 1911 2103 λαβὼν

325 2129 402 2177 καὶ
440 2131 536 2180 τοῖς
574 2126 881 2191 ἀνθρωπίνοις
920 2124 1314 2193 ἀποχρησάμενος
1351 2124 1547 2191 ῥήμασι,
1576 2125 1643 2175 τὶν
1669 2126 1803 2190 λόγον
1827 2128 1911 2174 τοῦ

325 2208 531 2275 Πατρὸς,
564 2210 699 2258 οἱονεὶ
738 2206 820 2258 τὸν
856 2207 966 2273 ὅρον
998 2210 1081 2271 τῆς
1121 2208 1285 2260 οὐσίας
1318 2208 1474 2268 αὐτοῦ,
1507 2211 1644 2276 τηρεῖν
1680 2207 1728 2256 ἐν
1763 2207 1910 2276 ἑαυτῷ
1933 2223 1981 2262 25

378 2342 430 2365 10.
465 2330 609 2372 ουρανοῦ
638 2330 681 2364 Β.
709 2329 931 2364 Holstenius.
958 2329 1137 2373 ἀνθρώπου
1163 2329 1360 2363 emendavit
1385 2334 1425 2362 ut
1451 2327 1594 2362 adnotat
1620 2328 1693 2372 ipse
1719 2328 1910 2363 Aubertus.

330 2388 384 2412 12.
411 2392 471 2411 ΟυΚ
493 2377 607 2422 ἀγνοεῖ
629 2376 739 2421 φυσιν
756 2376 823 2410 hOC
849 2376 971 2410 Ordine
997 2388 1027 2410 a.
1047 2376 1156 2420 φύσιν
1173 2390 1232 2409 ΟυΚ
1226 2375 1376 2433 ηάγνοεῖ,
1395 2374 1504 2419 φυσιν
1522 2375 1564 2408 B·
1582 2374 1692 2419 φύσιν
1708 2389 1767 2407 Ουκ
1784 2374 1910 2419 ἀγνοεῖ,

326 2425 438 2468 φησὶν
456 2423 879 2467 Ed.13—16.6
897 2424 1129 2468 Υἱὸς-λόγος
1146 2424 1204 2456 τὸν
1221 2437 1301 2466 ορον
1318 2422 1422 2456 edidi.
1443 2423 1460 2454 6
1477 2423 1547 2456 υἱὸς
1564 2423 1657 2466 τηρεῖ
1675 2421 1711 2454 δέ
1729 2422 1787 2454 τὸν
1804 2422 1912 2466 λόγον

326 2472 429 2504 αυΤΟῦ
446 2470 623 2505 ΤΟυΤέσΤΙ-Ῐ)
641 2469 757 2504 ὅλονυ
739 2485 811 2514 ἔχει
830 2470 1056 2513 σωζόμενον
1040 2485 1074 2503 GV
1091 2471 1196 2514 ἑαυτῷ
1216 2470 1274 2512 Τῆς
1291 2469 1410 2504 Θυσίας
1428 2469 1530 2502 αυτοῦ
1548 2483 1605 2502 TUI!
1619 2478 1709 2512 ΟρΟν
1728 2467 1828 2510 δηλοῖ
1843 2468 1910 2512 γὰρ

325 2519 343 2551 ὁ
361 2519 466 2576 λόγος
482 2519 541 2551 τὸν
558 2517 649 2567 ὅρον.
699 2516 853 2561 (Deinde
871 2523 1030 2574 repetens
1049 2528 1111 2560 pro
1130 2528 1237 2555 m01·‚e
1256 2516 1583 2561 aliquantulumque
1601 2514 1777 2558 corrigens
1782 2515 1806 2558 ,)
1824 2513 1910 2572 οὕτω

326 2565 379 2598 καὶ
399 2566 416 2597 6
434 2564 584 2609 Χριστὸς
601 2562 690 2598 οἶδεν
707 2564 768 2607 μὲν
785 2563 857 2606 ἐξ
840 2569 884 2597 ὼν
902 2564 997 2597 ἐστιν
1014 2564 1072 2597 τὸν
1090 2563 1209 2596 ἑαυτοῦ
1227 2564 1420 2607 γεννητόρα,
1439 2563 1533 2605 τηρεῖ
1555 2562 1591 2595 δέ
1611 2563 1670 2595 τὸν
1686 2562 1793 2605 λόγον
1808 2561 1911 2594 αὐτοῦ

325 2611 503 2645 τουτέστιν
520 2611 591 2655 ἔχει
609 2612 801 2653 σωζόμενον
818 2610 1048 2654 ὁλοκλήρως’
1033 2625 1068 2643 εν
1085 2610 1202 2655 εαυτῲ.
1224 2609 1265 2644 B.
1283 2611 1300 2642 6
1318 2610 1388 2644 υἱὸς
1410 2606 1481 2642 οἶδε
1505 2608 1565 2652 μὲν
1584 2609 1642 2642 τὸν
1658 2609 1777 2641 ἑαυτοῦ
1794 2606 1911 2652 γεννή-

326 2672 421 2701 ‘repa’
440 2672 532 2702 ΤηρΕΙ,
550 2657 586 2691 δὲ
604 2658 662 2691 Τὸν
679 2659 785 2701 λόγον
803 2657 915 2699 αυτοῦ,
935 2656 1111 2691 ΤΟυΤέσΤιν
1129 2656 1237 2690 Ολθν
1227 2670 1297 2701 ἔχει
1321 2657 1512 2699 σωζθμενον
1531 2655 1566 2689 ἐν
1583 2656 1688 2700 ἑαυτῷ
1713 2655 1771 2696 Τῆς
1792 2654 1911 2689 θυσίας

326 2704 429 2738 αὐτου
446 2706 505 2737 τὸν
521 2704 612 2748 ὅρον
640 2704 738 2747 δηλοῖ
762 2704 828 2749 γὰρ
854 2705 871 2737 ὁ
896 2705 1002 2749 λόγος
1021 2718 1075 2737 και
1091 2703 1150 2737 τὸν
1167 2717 1258 2747 ορον.
1278 2714 1307 2736 a.
1327 2704 1421 2745 τηρεῖ
1443 2702 1479 2736 δε
1500 2703 1558 2736 τὸν
1573 2703 1680 2745 λόγον
1697 2701 1811 2741 αὐτοῦ,
1829 2700 1912 2734 ὅλον

326 2765 415 2795 εχων
431 2751 466 2784 ἐν
479 2752 585 2796 εαυτῷ
604 2752 795 2794 σωζόμενον
811 2751 870 2793 τῆς
887 2750 1006 2785 οὐσίας
1022 2750 1124 2783 αὐτοῦ
1124 2749 1277 2806 [εαυτοῦ
1291 2749 1325 2783 b.
1330 2761 1359 2783 c.
1364 2748 1378 2793 ]
1394 2749 1453 2782 τὸν
1466 2748 1555 2792 ορον·
1575 2749 1674 2791 δηλοῖ
1689 2748 1755 2793 γὰρ
1772 2749 1790 2780 ὁ
1807 2748 1912 2791 λόγος

327 2810 379 2829 Καί
398 2798 456 2830 Τὸν
469 2812 559 2840 ΟρΟν.
574 2797 608 2830 l).
613 2809 642 2831 C.
660 2796 767 2830 Gord-
782 2798 799 2829 ὁ
817 2798 887 2832 υἶΟς
904 2795 974 2830 Οίδε
991 2797 1052 2841 μέν
1066 2797 1138 2839 ἐξ
1121 2802 1165 2830 ὼν
1182 2796 1257 2830 ἐστι
1275 2797 1333 2829 Τὸν
1346 2797 1465 2828 ἑαυτοῦ
1482 2794 1677 2839 γεννήτορα,
1690 2807 1782 2837 ΤηρΕΙ-
1800 2793 1836 2826 δέ
1854 2795 1912 2826 Τὸν

327 2843 432 2886 λόγον
448 2844 560 2885 αὐτοῦ,
573 2858 749 2878 τουτεστιν
766 2857 837 2887 εχει
855 2845 1047 2889 σωζόμενον
1064 2842 1262 2887 ὁλοκλήρως
1279 2842 1314 2876 ἐν
1331 2843 1436 2888 ἑαυτῷ
1455 2843 1513 2875 τὸν
1529 2843 1589 2875 τοῦ
1605 2841 1732 2884 πατρὸς
1749 2839 1829 2883 ὅρον
1844 2838 1910 2874 Ed.

331 2898 384 2932 19.
411 2889 466 2922 ἐπὶ
486 2889 526 2923 Β
532 2901 562 2923 a.
579 2890 651 2924 ἐπεὶ
670 2890 734 2924 Ht.
755 2889 821 2923 Ed.
1036 2900 1092 2930 21,
1112 2900 1169 2925 22.
1193 2889 1420 2924 ἐστίν-κατὰ
1437 2887 1548 2933 φυσιν
1562 2892 1744 2931 assumpta
1761 2897 1800 2920 ex
1823 2885 1886 2919 B.a
1867 2897 1910 2926 a.‚

328 2934 454 2978 partim
472 2941 524 2969 est
541 2936 599 2970 et
593 2947 627 2970 ln
646 2936 715 2972 bx.
735 2935 842 2970 Cord.
