<?xml version="1.0" encoding="UTF-8"?>
<!DOCTYPE html PUBLIC "-//W3C//DTD XHTML 1.0 Transitional//EN"
    "http://www.w3.org/TR/xhtml1/DTD/xhtml1-transitional.dtd">
<html xmlns="http://www.w3.org/1999/xhtml" xml:lang="en" lang="en">
 <head>
  <title>
</title>
<meta http-equiv="Content-Type" content="text/html;charset=utf-8" />
  <meta name='ocr-system' content='tesseract 3.04.00' />
  <meta name='ocr-capabilities' content='ocr_page ocr_carea ocr_par ocr_line ocrx_word'/>
</head>
<body>
  <div class='ocr_page' id='page_1' title='image "./operacyrilli04cyriuoft_0227.png"; bbox 0 0 1971 3272; ppageno 0'>
   <div class='ocr_carea' id='block_1_1' title="bbox 84 134 1673 176">
    <p class='ocr_par' dir='ltr' id='par_1_1' title="bbox 84 134 1673 176">
     <span class='ocr_line' id='line_1_1' title="bbox 84 134 1673 176; baseline -0.003 -1"><span class='ocrx_word' id='word_1_1' title='bbox 84 137 181 176; x_wconf 51' lang='grc' dir='ltr'><strong>κδ.</strong></span> <span class='ocrx_word' id='word_1_2' title='bbox 330 136 401 176; x_wconf 88' lang='grc' dir='ltr'>ΙΝ</span> <span class='ocrx_word' id='word_1_3' title='bbox 448 136 490 176; x_wconf 86' lang='lat' dir='ltr'>S.</span> <span class='ocrx_word' id='word_1_4' title='bbox 525 135 863 176; x_wconf 70' lang='lat' dir='ltr'><strong>JOANNEM.</strong></span> <span class='ocrx_word' id='word_1_5' title='bbox 928 134 1051 174; x_wconf 72' lang='lat' dir='ltr'><strong>LJB.</strong></span> <span class='ocrx_word' id='word_1_6' title='bbox 1080 134 1154 173; x_wconf 81' lang='lat' dir='ltr'>vl.</span> <span class='ocrx_word' id='word_1_7' title='bbox 1217 134 1351 174; x_wconf 72' lang='lat' dir='ltr'>(JAl&#39;.</span> <span class='ocrx_word' id='word_1_8' title='bbox 1393 135 1421 173; x_wconf 87' lang='grc' dir='ltr'>Ι.</span> <span class='ocrx_word' id='word_1_9' title='bbox 1592 134 1673 172; x_wconf 72' lang='lat'>5215</span> 
     </span>
    </p>
   </div>
   <div class='ocr_carea' id='block_1_2' title="bbox 0 244 1905 2532">
    <p class='ocr_par' dir='ltr' id='par_1_2' title="bbox 0 244 1905 2532">
     <span class='ocr_line' id='line_1_2' title="bbox 84 244 1876 326; baseline -0.002 -30"><span class='ocrx_word' id='word_1_10' title='bbox 84 245 292 310; x_wconf 84' lang='grc' dir='ltr'>δύναμιν,</span> <span class='ocrx_word' id='word_1_11' title='bbox 325 250 400 298; x_wconf 76' lang='grc' dir='ltr'>καὶ</span> <span class='ocrx_word' id='word_1_12' title='bbox 438 247 645 314; x_wconf 73' lang='grc' dir='ltr'>στηρίζει</span> <span class='ocrx_word' id='word_1_13' title='bbox 686 248 880 313; x_wconf 84' lang='grc' dir='ltr'>καρδίαν</span> <span class='ocrx_word' id='word_1_14' title='bbox 914 246 1181 311; x_wconf 84' lang='grc' dir='ltr'>ἀνθρώπου,</span> <span class='ocrx_word' id='word_1_15' title='bbox 1215 244 1335 296; x_wconf 76' lang='grc' dir='ltr'>κατὰ</span> <span class='ocrx_word' id='word_1_16' title='bbox 1373 244 1426 295; x_wconf 77' lang='grc' dir='ltr'>τὸ</span> <span class='ocrx_word' id='word_1_17' title='bbox 1467 266 1677 309; x_wconf 88' lang='grc' dir='ltr'>γεγραμ-</span> <span class='ocrx_word' id='word_1_18' title='bbox 1743 252 1876 326; x_wconf 49' lang='lat' dir='ltr'>J&#39;jciii·</span> 
     </span>
     <span class='ocr_line' id='line_1_3' title="bbox 83 315 1791 398; baseline -0.004 -19"><span class='ocrx_word' id='word_1_19' title='bbox 83 328 236 392; x_wconf 76' lang='grc' dir='ltr'>με’νον,</span> <span class='ocrx_word' id='word_1_20' title='bbox 264 331 288 380; x_wconf 88' lang='grc' dir='ltr'><strong>ὁ</strong></span> <span class='ocrx_word' id='word_1_21' title='bbox 324 330 371 381; x_wconf 79' lang='grc' dir='ltr'>δὲ</span> <span class='ocrx_word' id='word_1_22' title='bbox 407 335 502 381; x_wconf 91' lang='grc' dir='ltr'>τῶν</span> <span class='ocrx_word' id='word_1_23' title='bbox 540 331 746 380; x_wconf 82' lang='grc' dir='ltr'>ἀνοσίων</span> <span class='ocrx_word' id='word_1_24' title='bbox 782 332 1214 398; x_wconf 76' lang='grc' dir='ltr'>ψευδοπροφητῶν,</span> <span class='ocrx_word' id='word_1_25' title='bbox 1246 328 1349 391; x_wconf 70' lang='grc' dir='ltr'>η’τοι</span> <span class='ocrx_word' id='word_1_26' title='bbox 1385 328 1672 394; x_wconf 78' lang='grc' dir='ltr'>ψευδοδιδα-</span> <span class='ocrx_word' id='word_1_27' title='bbox 1763 315 1791 335; x_wconf 53' lang='grc' dir='ltr'>ὓ”</span> 
     </span>
     <span class='ocr_line' id='line_1_4' title="bbox 84 408 1716 478; baseline -0.002 -18"><span class='ocrx_word' id='word_1_28' title='bbox 84 410 296 474; x_wconf 87' lang='grc' dir='ltr'>σκάλων,</span> <span class='ocrx_word' id='word_1_29' title='bbox 323 411 776 478; x_wconf 80' lang='grc' dir='ltr'>εὐδιαθρυπτότατός</span> <span class='ocrx_word' id='word_1_30' title='bbox 811 434 859 462; x_wconf 89' lang='grc' dir='ltr'>τε</span> <span class='ocrx_word' id='word_1_31' title='bbox 897 414 972 461; x_wconf 81' lang='grc' dir='ltr'>καὶ</span> <span class='ocrx_word' id='word_1_32' title='bbox 1009 410 1253 478; x_wconf 85' lang='grc' dir='ltr'>ἀχυρώδης</span> <span class='ocrx_word' id='word_1_33' title='bbox 1289 409 1513 475; x_wconf 78' lang='grc' dir='ltr'>ὑπάρχων</span> <span class='ocrx_word' id='word_1_34' title='bbox 1540 408 1673 457; x_wconf 80' lang='grc' dir='ltr'>οὐδε·</span> <span class='ocrx_word' id='word_1_35' title='bbox 1696 429 1716 455; x_wconf 83' lang='lat' dir='ltr'><strong>e</strong></span> 
     </span>
     <span class='ocr_line' id='line_1_5' title="bbox 83 491 1679 559; baseline -0.002 -16"><span class='ocrx_word' id='word_1_36' title='bbox 83 493 194 556; x_wconf 88' lang='grc' dir='ltr'>μιάν</span> <span class='ocrx_word' id='word_1_37' title='bbox 238 498 334 546; x_wconf 89' lang='grc' dir='ltr'>τοῖς</span> <span class='ocrx_word' id='word_1_38' title='bbox 384 493 696 559; x_wconf 76' lang='grc' dir='ltr'>ἀκροωμένοις</span> <span class='ocrx_word' id='word_1_39' title='bbox 747 495 931 556; x_wconf 82' lang='grc' dir='ltr'>ἐμποιεῖ</span> <span class='ocrx_word' id='word_1_40' title='bbox 976 492 1062 556; x_wconf 79' lang='grc' dir='ltr'>τὴν</span> <span class='ocrx_word' id='word_1_41' title='bbox 1107 492 1289 556; x_wconf 79' lang='grc' dir='ltr'>ὄνησιν.</span> <span class='ocrx_word' id='word_1_42' title='bbox 1364 491 1478 541; x_wconf 80' lang='grc' dir='ltr'>ὅταν</span> <span class='ocrx_word' id='word_1_43' title='bbox 1522 491 1679 541; x_wconf 84' lang='grc' dir='ltr'>τοίνυν</span> 
     </span>
     <span class='ocr_line' id='line_1_6' title="bbox 43 572 1679 648; baseline -0.004 -21"><span class='ocrx_word' id='word_1_44' title='bbox 43 589 65 627; x_wconf 89' lang='grc'>5</span> <span class='ocrx_word' id='word_1_45' title='bbox 89 573 292 628; x_wconf 73' lang='grc' dir='ltr'>κλέπτας</span> <span class='ocrx_word' id='word_1_46' title='bbox 320 574 532 641; x_wconf 75' lang='grc' dir='ltr'>ὀνομάζει</span> <span class='ocrx_word' id='word_1_47' title='bbox 559 578 634 626; x_wconf 73' lang='grc' dir='ltr'>καὶ</span> <span class='ocrx_word' id='word_1_48' title='bbox 661 575 838 648; x_wconf 61' lang='grc' dir='ltr'>λῃστὰς</span> <span class='ocrx_word' id='word_1_49' title='bbox 864 574 971 628; x_wconf 75' lang='grc' dir='ltr'>τοὺς</span> <span class='ocrx_word' id='word_1_50' title='bbox 997 572 1363 641; x_wconf 88' lang='grc' dir='ltr'>προελάσαντας</span> <span class='ocrx_word' id='word_1_51' title='bbox 1389 576 1471 637; x_wconf 82' lang='grc' dir='ltr'>τῆς</span> <span class='ocrx_word' id='word_1_52' title='bbox 1501 596 1679 638; x_wconf 90' lang='grc' dir='ltr'>παρου-</span> 
     </span>
     <span class='ocr_line' id='line_1_7' title="bbox 85 655 1678 726; baseline 0.001 -20"><span class='ocrx_word' id='word_1_53' title='bbox 85 657 194 710; x_wconf 87' lang='grc' dir='ltr'>σιάς</span> <span class='ocrx_word' id='word_1_54' title='bbox 233 658 390 720; x_wconf 83' lang='grc' dir='ltr'>αὐτοῦ,</span> <span class='ocrx_word' id='word_1_55' title='bbox 428 656 457 722; x_wconf 76' lang='grc' dir='ltr'>ἢ</span> <span class='ocrx_word' id='word_1_56' title='bbox 496 657 582 721; x_wconf 84' lang='grc' dir='ltr'>τὴν</span> <span class='ocrx_word' id='word_1_57' title='bbox 620 656 923 726; x_wconf 80' lang='grc' dir='ltr'>ψευδήγορον</span> <span class='ocrx_word' id='word_1_58' title='bbox 961 658 1037 708; x_wconf 76' lang='grc' dir='ltr'>καὶ</span> <span class='ocrx_word' id='word_1_59' title='bbox 1079 658 1331 707; x_wconf 79' lang='grc' dir='ltr'>ἀπατεῶνα</span> <span class='ocrx_word' id='word_1_60' title='bbox 1376 660 1472 705; x_wconf 89' lang='grc' dir='ltr'>τῶν</span> <span class='ocrx_word' id='word_1_61' title='bbox 1511 655 1678 721; x_wconf 83' lang='grc' dir='ltr'>ἀρτίως</span> 
     </span>
     <span class='ocr_line' id='line_1_8' title="bbox 85 736 1678 805; baseline -0.002 -16"><span class='ocrx_word' id='word_1_62' title='bbox 85 739 196 803; x_wconf 82' lang='grc' dir='ltr'>ἡμῖν</span> <span class='ocrx_word' id='word_1_63' title='bbox 247 740 497 805; x_wconf 77' lang='grc' dir='ltr'>εἰρημένων</span> <span class='ocrx_word' id='word_1_64' title='bbox 548 739 860 804; x_wconf 82' lang='grc' dir='ltr'>ὑποσημαίνει</span> <span class='ocrx_word' id='word_1_65' title='bbox 918 737 1123 803; x_wconf 77' lang='grc' dir='ltr'>πληθὺν,</span> <span class='ocrx_word' id='word_1_66' title='bbox 1174 737 1202 802; x_wconf 85' lang='grc' dir='ltr'>ὴ</span> <span class='ocrx_word' id='word_1_67' title='bbox 1256 743 1339 789; x_wconf 85' lang='grc' dir='ltr'>τοῦ</span> <span class='ocrx_word' id='word_1_68' title='bbox 1391 737 1540 803; x_wconf 85' lang='grc' dir='ltr'>λόγου</span> <span class='ocrx_word' id='word_1_69' title='bbox 1591 736 1678 800; x_wconf 85' lang='grc' dir='ltr'>τὴν</span> 
     </span>
     <span class='ocr_line' id='line_1_9' title="bbox 87 818 1679 888; baseline -0.001 -17"><span class='ocrx_word' id='word_1_70' title='bbox 87 820 282 884; x_wconf 89' lang='grc' dir='ltr'>δύναμιν</span> <span class='ocrx_word' id='word_1_71' title='bbox 319 823 523 875; x_wconf 86' lang='grc' dir='ltr'>ἐποίσεις</span> <span class='ocrx_word' id='word_1_72' title='bbox 564 822 806 885; x_wconf 89' lang='grc' dir='ltr'>κάκείνοις,</span> <span class='ocrx_word' id='word_1_73' title='bbox 844 823 950 887; x_wconf 79' lang='grc' dir='ltr'>περὶ</span> <span class='ocrx_word' id='word_1_74' title='bbox 995 819 1061 871; x_wconf 83' lang='grc' dir='ltr'>ῶν</span> <span class='ocrx_word' id='word_1_75' title='bbox 1099 823 1147 872; x_wconf 86' lang='grc' dir='ltr'>ἐν</span> <span class='ocrx_word' id='word_1_76' title='bbox 1185 825 1287 874; x_wconf 90' lang='grc' dir='ltr'>ταῖς</span> <span class='ocrx_word' id='word_1_77' title='bbox 1331 818 1539 888; x_wconf 76' lang='grc' dir='ltr'>πράξεσι</span> <span class='ocrx_word' id='word_1_78' title='bbox 1584 823 1679 870; x_wconf 89' lang='grc' dir='ltr'>τῶν</span> 
     </span>
     <span class='ocr_line' id='line_1_10' title="bbox 86 901 1680 971; baseline -0.001 -18"><span class='ocrx_word' id='word_1_79' title='bbox 86 901 376 954; x_wconf 84' lang='grc' dir='ltr'>ἀποστόλων</span> <span class='ocrx_word' id='word_1_80' title='bbox 402 905 682 971; x_wconf 87' lang='grc' dir='ltr'>γέγραπται.</span> <span class='ocrx_word' id='word_1_81' title='bbox 730 908 773 955; x_wconf 78' lang='grc' dir='ltr'>οἱ</span> <span class='ocrx_word' id='word_1_82' title='bbox 799 902 883 967; x_wconf 75' lang='grc' dir='ltr'>μὲν</span> <span class='ocrx_word' id='word_1_83' title='bbox 909 903 1003 970; x_wconf 78' lang='grc' dir='ltr'>γὰρ</span> <span class='ocrx_word' id='word_1_84' title='bbox 1029 907 1123 954; x_wconf 90' lang='grc' dir='ltr'>τῶν</span> <span class='ocrx_word' id='word_1_85' title='bbox 1149 903 1388 953; x_wconf 85' lang='grc' dir='ltr'>Ἰουδαίων</span> <span class='ocrx_word' id='word_1_86' title='bbox 1416 903 1680 966; x_wconf 75' lang='grc' dir='ltr'>καθηγηταῖ</span> 
     </span>
     <span class='ocr_line' id='line_1_11' title="bbox 12 981 1680 1052; baseline -0.002 -16"><span class='ocrx_word' id='word_1_87' title='bbox 12 983 195 1039; x_wconf 71' lang='grc' dir='ltr'>ἰοτοῦς</span> <span class='ocrx_word' id='word_1_88' title='bbox 246 987 406 1052; x_wconf 82' lang='grc' dir='ltr'>ἁγίους</span> <span class='ocrx_word' id='word_1_89' title='bbox 454 985 759 1040; x_wconf 84' lang='grc' dir='ltr'>ἀποστόλους</span> <span class='ocrx_word' id='word_1_90' title='bbox 807 984 1167 1052; x_wconf 85' lang='grc' dir='ltr'>συνενεγκόντες</span> <span class='ocrx_word' id='word_1_91' title='bbox 1211 984 1348 1047; x_wconf 78' lang='grc' dir='ltr'>ποτὲ,</span> <span class='ocrx_word' id='word_1_92' title='bbox 1398 986 1473 1034; x_wconf 79' lang='grc' dir='ltr'>καὶ</span> <span class='ocrx_word' id='word_1_93' title='bbox 1520 988 1581 1036; x_wconf 80' lang='grc' dir='ltr'>εἰς</span> <span class='ocrx_word' id='word_1_94' title='bbox 1626 981 1680 1033; x_wconf 81' lang='grc' dir='ltr'>τὸ</span> 
     </span>
     <span class='ocr_line' id='line_1_12' title="bbox 87 1065 1681 1135; baseline -0.002 -17"><span class='ocrx_word' id='word_1_95' title='bbox 87 1067 491 1133; x_wconf 84' lang='grc' dir='ltr'>παρανομώτατον</span> <span class='ocrx_word' id='word_1_96' title='bbox 517 1070 694 1119; x_wconf 81' lang='grc' dir='ltr'>ἑαυτῶν</span> <span class='ocrx_word' id='word_1_97' title='bbox 727 1068 996 1133; x_wconf 86' lang='grc' dir='ltr'>στήσαντες</span> <span class='ocrx_word' id='word_1_98' title='bbox 1031 1067 1384 1134; x_wconf 81' lang='grc' dir='ltr'>βουλευτήριον,</span> <span class='ocrx_word' id='word_1_99' title='bbox 1412 1065 1681 1135; x_wconf 73' lang='grc' dir='ltr'>ἐξελαύνειν</span> 
     </span>
     <span class='ocr_line' id='line_1_13' title="bbox 87 1148 1902 1216; baseline -0.003 -16"><span class='ocrx_word' id='word_1_100' title='bbox 87 1148 174 1214; x_wconf 77' lang='grc' dir='ltr'>μὲν</span> <span class='ocrx_word' id='word_1_101' title='bbox 200 1152 283 1214; x_wconf 87' lang='grc' dir='ltr'>τῆς</span> <span class='ocrx_word' id='word_1_102' title='bbox 307 1150 627 1216; x_wconf 86' lang='grc' dir='ltr'>Ἰερουσαλὴμ</span> <span class='ocrx_word' id='word_1_103' title='bbox 657 1150 981 1213; x_wconf 80' lang='grc' dir='ltr'>ἐβουλεύοντο,</span> <span class='ocrx_word' id='word_1_104' title='bbox 1009 1150 1237 1203; x_wconf 81' lang='grc' dir='ltr'>κινδύνοις</span> <span class='ocrx_word' id='word_1_105' title='bbox 1265 1148 1312 1200; x_wconf 76' lang='grc' dir='ltr'>δὲ</span> <span class='ocrx_word' id='word_1_106' title='bbox 1338 1154 1434 1202; x_wconf 87' lang='grc' dir='ltr'>τοῖς</span> <span class='ocrx_word' id='word_1_107' title='bbox 1461 1148 1680 1215; x_wconf 81' lang='grc' dir='ltr'>ἐσχάτοις</span> <span class='ocrx_word' id='word_1_108' title='bbox 1698 1171 1720 1195; x_wconf 82' lang='lat' dir='ltr'>a</span> <span class='ocrx_word' id='word_1_109' title='bbox 1747 1162 1834 1196; x_wconf 85' lang='lat'>642</span> <span class='ocrx_word' id='word_1_110' title='bbox 1850 1161 1902 1194; x_wconf 90' lang='lat' dir='ltr'>A.</span> 
     </span>
     <span class='ocr_line' id='line_1_14' title="bbox 88 1230 1679 1299; baseline -0.001 -18"><span class='ocrx_word' id='word_1_111' title='bbox 88 1230 360 1296; x_wconf 84' lang='grc' dir='ltr'>ἀναγκάσαι</span> <span class='ocrx_word' id='word_1_112' title='bbox 383 1238 711 1299; x_wconf 80' lang='grc' dir='ltr'>προσομιλεῖν,</span> <span class='ocrx_word' id='word_1_113' title='bbox 738 1233 850 1283; x_wconf 81' lang='grc' dir='ltr'>ἀλλ’</span> <span class='ocrx_word' id='word_1_114' title='bbox 880 1236 940 1286; x_wconf 80' lang='grc' dir='ltr'>εἰς</span> <span class='ocrx_word' id='word_1_115' title='bbox 969 1231 1238 1295; x_wconf 88' lang='grc' dir='ltr'>ἀνάμνησιν</span> <span class='ocrx_word' id='word_1_116' title='bbox 1265 1231 1432 1285; x_wconf 75' lang='grc' dir='ltr'>αὐτοὺς</span> <span class='ocrx_word' id='word_1_117' title='bbox 1459 1232 1679 1299; x_wconf 79' lang='grc' dir='ltr'>ψευδοδι-</span> 
     </span>
     <span class='ocr_line' id='line_1_15' title="bbox 89 1312 1905 1402; baseline -0.001 -38"><span class='ocrx_word' id='word_1_118' title='bbox 89 1312 348 1365; x_wconf 86' lang='grc' dir='ltr'>δασκάλων</span> <span class='ocrx_word' id='word_1_119' title='bbox 373 1313 529 1365; x_wconf 84' lang='grc' dir='ltr'>ἐκάλει</span> <span class='ocrx_word' id='word_1_120' title='bbox 556 1315 712 1381; x_wconf 87' lang='grc' dir='ltr'>λέγων</span> <span class='ocrx_word' id='word_1_121' title='bbox 739 1316 764 1365; x_wconf 85' lang='grc' dir='ltr'>ὁ</span> <span class='ocrx_word' id='word_1_122' title='bbox 792 1314 1051 1378; x_wconf 87' lang='grc' dir='ltr'>Γαμαλιήλ</span> <span class='ocrx_word' id='word_1_123' title='bbox 1081 1321 1108 1343; x_wconf 80' lang='grc'>“</span> <span class='ocrx_word' id='word_1_124' title='bbox 1126 1313 1331 1380; x_wconf 80' lang='grc' dir='ltr'>”Ανδρες</span> <span class='ocrx_word' id='word_1_125' title='bbox 1356 1315 1675 1379; x_wconf 79' lang='grc' dir='ltr'>Ἰσραηλῖται,</span> <span class='ocrx_word' id='word_1_126' title='bbox 1741 1318 1905 1402; x_wconf 46' lang='lat' dir='ltr'>ffiftvffl·</span> 
     </span>
     <span class='ocr_line' id='line_1_16' title="bbox 26 1387 1860 1464; baseline -0.001 -17"><span class='ocrx_word' id='word_1_127' title='bbox 26 1402 117 1454; x_wconf 82' lang='lat'>15“</span> <span class='ocrx_word' id='word_1_128' title='bbox 141 1395 399 1464; x_wconf 75' lang='grc' dir='ltr'>προσέχετε</span> <span class='ocrx_word' id='word_1_129' title='bbox 431 1397 610 1450; x_wconf 87' lang='grc' dir='ltr'>ἑαυτοῖς</span> <span class='ocrx_word' id='word_1_130' title='bbox 645 1398 720 1449; x_wconf 77' lang='grc' dir='ltr'>ε’πῖ</span> <span class='ocrx_word' id='word_1_131' title='bbox 755 1401 851 1451; x_wconf 91' lang='grc' dir='ltr'>τοῖς</span> <span class='ocrx_word' id='word_1_132' title='bbox 888 1396 1154 1462; x_wconf 82' lang='grc' dir='ltr'>ἀνθρώποις</span> <span class='ocrx_word' id='word_1_133' title='bbox 1180 1394 1363 1449; x_wconf 83' lang='grc' dir='ltr'>τούτοις</span> <span class='ocrx_word' id='word_1_134' title='bbox 1399 1395 1448 1446; x_wconf 88' lang='grc' dir='ltr'>τί</span> <span class='ocrx_word' id='word_1_135' title='bbox 1481 1393 1679 1457; x_wconf 82' lang='grc' dir='ltr'>μέλλετε</span> <span class='ocrx_word' id='word_1_136' title='bbox 1743 1387 1860 1445; x_wconf 44' lang='grc'><strong>35-’37-</strong></span> 
     </span>
     <span class='ocr_line' id='line_1_17' title="bbox 91 1476 1681 1545; baseline 0.001 -15"><span class='ocrx_word' id='word_1_137' title='bbox 91 1484 118 1508; x_wconf 83' lang='lat'><strong>“</strong></span> <span class='ocrx_word' id='word_1_138' title='bbox 142 1477 381 1545; x_wconf 84' lang='grc' dir='ltr'>πράττειν.</span> <span class='ocrx_word' id='word_1_139' title='bbox 439 1477 532 1544; x_wconf 79' lang='grc' dir='ltr'>πρὸ</span> <span class='ocrx_word' id='word_1_140' title='bbox 573 1479 666 1545; x_wconf 82' lang='grc' dir='ltr'>γὰρ</span> <span class='ocrx_word' id='word_1_141' title='bbox 707 1483 803 1529; x_wconf 87' lang='grc' dir='ltr'>τῶν</span> <span class='ocrx_word' id='word_1_142' title='bbox 841 1479 1028 1545; x_wconf 84' lang='grc' dir='ltr'>ἡμερῶν</span> <span class='ocrx_word' id='word_1_143' title='bbox 1066 1477 1246 1529; x_wconf 88' lang='grc' dir='ltr'>τούτων</span> <span class='ocrx_word' id='word_1_144' title='bbox 1288 1478 1462 1542; x_wconf 85' lang='grc' dir='ltr'>ἀνέστη</span> <span class='ocrx_word' id='word_1_145' title='bbox 1499 1476 1681 1531; x_wconf 79' lang='grc' dir='ltr'>Θευδάς</span> 
     </span>
     <span class='ocr_line' id='line_1_18' title="bbox 91 1559 1684 1630; baseline -0.001 -19"><span class='ocrx_word' id='word_1_146' title='bbox 91 1568 118 1590; x_wconf 84' lang='grc'><strong>“</strong></span> <span class='ocrx_word' id='word_1_147' title='bbox 145 1563 301 1626; x_wconf 87' lang='grc' dir='ltr'>λέγων</span> <span class='ocrx_word' id='word_1_148' title='bbox 339 1560 444 1612; x_wconf 79' lang='grc' dir='ltr'>τινὰ</span> <span class='ocrx_word' id='word_1_149' title='bbox 481 1560 647 1612; x_wconf 82' lang='grc' dir='ltr'>ἑαυτὸν</span> <span class='ocrx_word' id='word_1_150' title='bbox 686 1559 800 1612; x_wconf 81' lang='grc' dir='ltr'>εῖναι</span> <span class='ocrx_word' id='word_1_151' title='bbox 838 1561 1004 1627; x_wconf 90' lang='grc' dir='ltr'>μέγαν,</span> <span class='ocrx_word' id='word_1_152' title='bbox 1044 1559 1080 1630; x_wconf 73' lang='grc' dir='ltr'><em>ᾧ</em></span> <span class='ocrx_word' id='word_1_153' title='bbox 1120 1562 1518 1626; x_wconf 89' lang='grc' dir='ltr'>προσεκλίθησαν</span> <span class='ocrx_word' id='word_1_154' title='bbox 1558 1560 1684 1628; x_wconf 69' lang='grc' dir='ltr'>αὐτῷ</span> 
     </span>
     <span class='ocr_line' id='line_1_19' title="bbox 91 1640 1684 1710; baseline 0.001 -16.035"><span class='ocrx_word' id='word_1_155' title='bbox 91 1644 328 1709; x_wconf 71' lang='grc' dir='ltr'>ιςἀνδρῶν</span> <span class='ocrx_word' id='word_1_156' title='bbox 355 1641 550 1710; x_wconf 81' lang='grc' dir='ltr'>ἀριθμὸς</span> <span class='ocrx_word' id='word_1_157' title='bbox 583 1645 697 1694; x_wconf 87' lang='grc' dir='ltr'>ὡσει</span> <span class='ocrx_word' id='word_1_158' title='bbox 731 1642 1047 1710; x_wconf 88' lang='grc' dir='ltr'>τετρακόσιοι·</span> <span class='ocrx_word' id='word_1_159' title='bbox 1091 1642 1141 1696; x_wconf 76' lang='grc' dir='ltr'>ὃς</span> <span class='ocrx_word' id='word_1_160' title='bbox 1167 1643 1384 1710; x_wconf 75' lang='grc' dir='ltr'>ἀνῃρέθη,</span> <span class='ocrx_word' id='word_1_161' title='bbox 1410 1644 1484 1693; x_wconf 77' lang='grc' dir='ltr'>καὶ</span> <span class='ocrx_word' id='word_1_162' title='bbox 1512 1640 1684 1695; x_wconf 84' lang='grc' dir='ltr'>πάντες</span> 
     </span>
     <span class='ocr_line' id='line_1_20' title="bbox 93 1724 1677 1790; baseline -0.001 -15"><span class='ocrx_word' id='word_1_163' title='bbox 93 1731 120 1754; x_wconf 85' lang='grc'><strong>“</strong></span> <span class='ocrx_word' id='word_1_164' title='bbox 145 1724 252 1776; x_wconf 81' lang='grc' dir='ltr'>ὅσοι</span> <span class='ocrx_word' id='word_1_165' title='bbox 291 1726 530 1777; x_wconf 89' lang='grc' dir='ltr'>επείθοντο</span> <span class='ocrx_word' id='word_1_166' title='bbox 570 1727 695 1776; x_wconf 88' lang='grc' dir='ltr'>αυτῶ</span> <span class='ocrx_word' id='word_1_167' title='bbox 735 1726 1025 1790; x_wconf 88' lang='grc' dir='ltr'>διελύθησαν</span> <span class='ocrx_word' id='word_1_168' title='bbox 1060 1725 1137 1776; x_wconf 83' lang='grc' dir='ltr'>καὶ</span> <span class='ocrx_word' id='word_1_169' title='bbox 1171 1726 1387 1790; x_wconf 88' lang='grc' dir='ltr'>ἐγένοντο</span> <span class='ocrx_word' id='word_1_170' title='bbox 1426 1748 1487 1778; x_wconf 91' lang='grc' dir='ltr'>εις</span> <span class='ocrx_word' id='word_1_171' title='bbox 1527 1724 1677 1774; x_wconf 83' lang='grc' dir='ltr'>οὐδεν.</span> 
     </span>
     <span class='ocr_line' id='line_1_21' title="bbox 92 1805 1727 1871; baseline -0.002 -12.899"><span class='ocrx_word' id='word_1_172' title='bbox 92 1806 264 1870; x_wconf 82' lang='grc' dir='ltr'>“μετά</span> <span class='ocrx_word' id='word_1_173' title='bbox 301 1813 468 1859; x_wconf 84' lang='grc' dir='ltr'>τοῦτον</span> <span class='ocrx_word' id='word_1_174' title='bbox 498 1807 674 1871; x_wconf 81' lang='grc' dir='ltr'>ἀνέστη</span> <span class='ocrx_word' id='word_1_175' title='bbox 700 1807 880 1861; x_wconf 85' lang='grc' dir='ltr'>Ἰούδας</span> <span class='ocrx_word' id='word_1_176' title='bbox 919 1808 944 1858; x_wconf 83' lang='grc' dir='ltr'><em>ὁ</em></span> <span class='ocrx_word' id='word_1_177' title='bbox 977 1811 1238 1861; x_wconf 81' lang='grc' dir='ltr'>Γαλιλαῖος</span> <span class='ocrx_word' id='word_1_178' title='bbox 1275 1807 1322 1857; x_wconf 85' lang='grc' dir='ltr'>ἐν</span> <span class='ocrx_word' id='word_1_179' title='bbox 1353 1811 1452 1860; x_wconf 87' lang='grc' dir='ltr'>ταῖς</span> <span class='ocrx_word' id='word_1_180' title='bbox 1492 1805 1727 1871; x_wconf 76' lang='grc' dir='ltr'>ἦμέραιςί)</span> 
     </span>
     <span class='ocr_line' id='line_1_22' title="bbox 93 1887 1681 1958; baseline 0.001 -18"><span class='ocrx_word' id='word_1_181' title='bbox 93 1896 120 1919; x_wconf 83' lang='grc'><strong>“</strong></span> <span class='ocrx_word' id='word_1_182' title='bbox 145 1892 228 1953; x_wconf 81' lang='grc' dir='ltr'>τῆς</span> <span class='ocrx_word' id='word_1_183' title='bbox 253 1890 551 1958; x_wconf 83' lang='grc' dir='ltr'>ἀπογραφῆς,</span> <span class='ocrx_word' id='word_1_184' title='bbox 579 1891 654 1940; x_wconf 76' lang='grc' dir='ltr'>καὶ</span> <span class='ocrx_word' id='word_1_185' title='bbox 680 1890 928 1953; x_wconf 77' lang='grc' dir='ltr'>ἀπέστησε</span> <span class='ocrx_word' id='word_1_186' title='bbox 954 1887 1074 1939; x_wconf 79' lang='grc' dir='ltr'>λαὸν</span> <span class='ocrx_word' id='word_1_187' title='bbox 1101 1889 1257 1940; x_wconf 88' lang='grc' dir='ltr'>ὀπίσω</span> <span class='ocrx_word' id='word_1_188' title='bbox 1284 1890 1443 1939; x_wconf 84' lang='grc' dir='ltr'>αὑτοῦ·</span> <span class='ocrx_word' id='word_1_189' title='bbox 1474 1889 1681 1941; x_wconf 83' lang='grc' dir='ltr'>κάκεῖνος</span> 
     </span>
     <span class='ocr_line' id='line_1_23' title="bbox 93 1968 1680 2039; baseline 0 -18"><span class='ocrx_word' id='word_1_190' title='bbox 93 1978 120 2000; x_wconf 81' lang='grc'><strong>“</strong></span> <span class='ocrx_word' id='word_1_191' title='bbox 147 1971 379 2034; x_wconf 82' lang='grc' dir='ltr'>ἀπώλετο,</span> <span class='ocrx_word' id='word_1_192' title='bbox 407 1973 482 2021; x_wconf 76' lang='grc' dir='ltr'>καὶ</span> <span class='ocrx_word' id='word_1_193' title='bbox 508 1971 682 2025; x_wconf 86' lang='grc' dir='ltr'>πάντες</span> <span class='ocrx_word' id='word_1_194' title='bbox 708 1970 750 2022; x_wconf 73' lang='grc' dir='ltr'>οἳ</span> <span class='ocrx_word' id='word_1_195' title='bbox 775 1972 1016 2022; x_wconf 84' lang='grc' dir='ltr'>ἐπείθοντο</span> <span class='ocrx_word' id='word_1_196' title='bbox 1043 1971 1169 2039; x_wconf 73' lang='grc' dir='ltr'>αὐτῷ</span> <span class='ocrx_word' id='word_1_197' title='bbox 1195 1968 1680 2036; x_wconf 83' lang='grc' dir='ltr'>διεσκορπίσθησαν.”</span> 
     </span>
     <span class='ocr_line' id='line_1_24' title="bbox 93 2052 1682 2122; baseline -0.001 -19"><span class='ocrx_word' id='word_1_198' title='bbox 93 2054 206 2122; x_wconf 75' lang='grc' dir='ltr'>ὁρᾷς</span> <span class='ocrx_word' id='word_1_199' title='bbox 245 2054 326 2103; x_wconf 76' lang='grc' dir='ltr'>οὖν</span> <span class='ocrx_word' id='word_1_200' title='bbox 363 2054 412 2103; x_wconf 87' lang='grc' dir='ltr'>ἐν</span> <span class='ocrx_word' id='word_1_201' title='bbox 445 2052 628 2106; x_wconf 87' lang='grc' dir='ltr'>τούτοις</span> <span class='ocrx_word' id='word_1_202' title='bbox 667 2052 1010 2106; x_wconf 87' lang='grc' dir='ltr'>ἀνενδοιάστως</span> <span class='ocrx_word' id='word_1_203' title='bbox 1048 2054 1125 2103; x_wconf 81' lang='grc' dir='ltr'>καὶ</span> <span class='ocrx_word' id='word_1_204' title='bbox 1164 2056 1350 2121; x_wconf 83' lang='grc' dir='ltr'>σαφῶς,</span> <span class='ocrx_word' id='word_1_205' title='bbox 1384 2054 1446 2106; x_wconf 84' lang='grc' dir='ltr'>ὡς</span> <span class='ocrx_word' id='word_1_206' title='bbox 1485 2053 1539 2102; x_wconf 79' lang='grc' dir='ltr'>οὐ</span> <span class='ocrx_word' id='word_1_207' title='bbox 1576 2053 1682 2118; x_wconf 82' lang='grc' dir='ltr'>περὶ</span> 
     </span>
     <span class='ocr_line' id='line_1_25' title="bbox 92 2133 1683 2203; baseline -0.001 -18"><span class='ocrx_word' id='word_1_208' title='bbox 92 2139 188 2185; x_wconf 91' lang='grc' dir='ltr'>τῶν</span> <span class='ocrx_word' id='word_1_209' title='bbox 223 2134 370 2200; x_wconf 82' lang='grc' dir='ltr'>ἁγίων</span> <span class='ocrx_word' id='word_1_210' title='bbox 402 2139 680 2203; x_wconf 87' lang='grc' dir='ltr'>προφητῶν,</span> <span class='ocrx_word' id='word_1_211' title='bbox 719 2134 850 2185; x_wconf 81' lang='grc' dir='ltr'>ἀλλά</span> <span class='ocrx_word' id='word_1_212' title='bbox 887 2138 991 2201; x_wconf 74' lang='grc' dir='ltr'>περὶ</span> <span class='ocrx_word' id='word_1_213' title='bbox 1030 2139 1125 2185; x_wconf 90' lang='grc' dir='ltr'>τῶν</span> <span class='ocrx_word' id='word_1_214' title='bbox 1161 2134 1248 2199; x_wconf 89' lang='grc' dir='ltr'>τὴν</span> <span class='ocrx_word' id='word_1_215' title='bbox 1283 2133 1443 2200; x_wconf 83' lang='grc' dir='ltr'>ἑτέραν</span> <span class='ocrx_word' id='word_1_216' title='bbox 1477 2134 1683 2201; x_wconf 87' lang='grc' dir='ltr'>ἐχόντων</span> 
     </span>
     <span class='ocr_line' id='line_1_26' title="bbox 0 2214 1682 2286; baseline 0.002 -19"><span class='ocrx_word' id='word_1_217' title='bbox 0 2251 5 2272; x_wconf 57' lang='lat'><strong><em>9</em></strong></span> <span class='ocrx_word' id='word_1_218' title='bbox 27 2229 75 2267; x_wconf 86' lang='lat'>25</span> <span class='ocrx_word' id='word_1_219' title='bbox 93 2215 230 2285; x_wconf 74' lang='grc' dir='ltr'>τάξιν</span> <span class='ocrx_word' id='word_1_220' title='bbox 268 2216 326 2267; x_wconf 83' lang='grc' dir='ltr'>τὰ</span> <span class='ocrx_word' id='word_1_221' title='bbox 366 2216 558 2268; x_wconf 83' lang='grc' dir='ltr'>τοιαῦτά</span> <span class='ocrx_word' id='word_1_222' title='bbox 597 2221 749 2286; x_wconf 92' lang='grc' dir='ltr'>φησιν</span> <span class='ocrx_word' id='word_1_223' title='bbox 789 2218 813 2267; x_wconf 88' lang='grc' dir='ltr'>ὁ</span> <span class='ocrx_word' id='word_1_224' title='bbox 853 2215 1081 2282; x_wconf 82' lang='grc' dir='ltr'>Χριστὸς,</span> <span class='ocrx_word' id='word_1_225' title='bbox 1121 2217 1196 2267; x_wconf 85' lang='grc' dir='ltr'>ἵνα</span> <span class='ocrx_word' id='word_1_226' title='bbox 1239 2217 1315 2267; x_wconf 80' lang='grc' dir='ltr'>καὶ</span> <span class='ocrx_word' id='word_1_227' title='bbox 1362 2217 1448 2283; x_wconf 82' lang='grc' dir='ltr'>οὐχ</span> <span class='ocrx_word' id='word_1_228' title='bbox 1493 2214 1682 2270; x_wconf 83' lang='grc' dir='ltr'>ἑκόντας</span> 
     </span>
     <span class='ocr_line' id='line_1_27' title="bbox 94 2297 1679 2367; baseline 0 -18"><span class='ocrx_word' id='word_1_229' title='bbox 94 2299 329 2367; x_wconf 87' lang='grc' dir='ltr'>ἀναπείσῃ</span> <span class='ocrx_word' id='word_1_230' title='bbox 353 2297 461 2353; x_wconf 76' lang='grc' dir='ltr'>τοὺς</span> <span class='ocrx_word' id='word_1_231' title='bbox 489 2300 782 2366; x_wconf 88' lang='grc' dir='ltr'>Φαρισαίους</span> <span class='ocrx_word' id='word_1_232' title='bbox 813 2298 878 2363; x_wconf 86' lang='grc' dir='ltr'>μὴ</span> <span class='ocrx_word' id='word_1_233' title='bbox 904 2303 1005 2352; x_wconf 88' lang='grc' dir='ltr'>ταῖς</span> <span class='ocrx_word' id='word_1_234' title='bbox 1029 2299 1206 2350; x_wconf 87' lang='grc' dir='ltr'>ἑαυτῶν</span> <span class='ocrx_word' id='word_1_235' title='bbox 1232 2298 1472 2352; x_wconf 89' lang='grc' dir='ltr'>ἀπονοιάις</span> <span class='ocrx_word' id='word_1_236' title='bbox 1498 2299 1679 2364; x_wconf 85' lang='grc' dir='ltr'>ἐπιτρέ-</span> 
     </span>
     <span class='ocr_line' id='line_1_28' title="bbox 94 2379 1683 2450; baseline 0.002 -19"><span class='ocrx_word' id='word_1_237' title='bbox 94 2391 198 2432; x_wconf 90' lang='grc' dir='ltr'>πειν</span> <span class='ocrx_word' id='word_1_238' title='bbox 224 2380 443 2442; x_wconf 80' lang='grc' dir='ltr'>ἀβούλως</span> <span class='ocrx_word' id='word_1_239' title='bbox 470 2379 524 2432; x_wconf 81' lang='grc' dir='ltr'>τὸ</span> <span class='ocrx_word' id='word_1_240' title='bbox 550 2380 783 2432; x_wconf 86' lang='grc' dir='ltr'>δύνασθαι</span> <span class='ocrx_word' id='word_1_241' title='bbox 809 2380 1055 2450; x_wconf 75' lang='grc' dir='ltr'>προξενεῖν</span> <span class='ocrx_word' id='word_1_242' title='bbox 1079 2381 1250 2444; x_wconf 82' lang='grc' dir='ltr'>αὐτοῖς,</span> <span class='ocrx_word' id='word_1_243' title='bbox 1277 2382 1353 2431; x_wconf 77' lang='grc' dir='ltr'>καὶ</span> <span class='ocrx_word' id='word_1_244' title='bbox 1380 2381 1467 2448; x_wconf 82' lang='grc' dir='ltr'>οὐχ</span> <span class='ocrx_word' id='word_1_245' title='bbox 1497 2380 1683 2434; x_wconf 86' lang='grc' dir='ltr'>ἑκόντος</span> 
     </span>
     <span class='ocr_line' id='line_1_29' title="bbox 96 2461 1722 2532; baseline -0.003 -19"><span class='ocrx_word' id='word_1_246' title='bbox 96 2464 235 2525; x_wconf 79' lang='grc' dir='ltr'>Θεοῦ,</span> <span class='ocrx_word' id='word_1_247' title='bbox 261 2461 315 2514; x_wconf 81' lang='grc' dir='ltr'>τὸ</span> <span class='ocrx_word' id='word_1_248' title='bbox 351 2462 644 2530; x_wconf 85' lang='grc' dir='ltr'>προεστάναι</span> <span class='ocrx_word' id='word_1_249' title='bbox 682 2467 828 2525; x_wconf 87' lang='grc' dir='ltr'>λαῶν,</span> <span class='ocrx_word' id='word_1_250' title='bbox 855 2461 987 2514; x_wconf 78' lang='grc' dir='ltr'>ἀλλὰ</span> <span class='ocrx_word' id='word_1_251' title='bbox 1023 2462 1214 2526; x_wconf 88' lang='grc' dir='ltr'>νεύματι</span> <span class='ocrx_word' id='word_1_252' title='bbox 1246 2466 1313 2532; x_wconf 69' lang='grc' dir='ltr'>τῷ</span> <span class='ocrx_word' id='word_1_253' title='bbox 1350 2463 1456 2531; x_wconf 80' lang='grc' dir='ltr'>θείῳ</span> <span class='ocrx_word' id='word_1_254' title='bbox 1492 2461 1577 2526; x_wconf 86' lang='grc' dir='ltr'>τὴν</span> <span class='ocrx_word' id='word_1_255' title='bbox 1607 2463 1680 2529; x_wconf 84' lang='grc' dir='ltr'>ἐφ’</span> <span class='ocrx_word' id='word_1_256' title='bbox 1701 2481 1722 2508; x_wconf 82' lang='lat' dir='ltr'><strong>e</strong></span> 
     </span>
    </p>
   </div>
   <div class='ocr_carea' id='block_1_3' title="bbox 96 2623 1685 2995">
    <p class='ocr_par' dir='ltr' id='par_1_3' title="bbox 96 2623 1685 2993">
     <span class='ocr_line' id='line_1_30' title="bbox 145 2623 1683 2669; baseline -0.001 -11"><span class='ocrx_word' id='word_1_257' title='bbox 145 2634 177 2658; x_wconf 90' lang='lat'>2.</span> <span class='ocrx_word' id='word_1_258' title='bbox 203 2623 504 2668; x_wconf 77' lang='grc' dir='ltr'>ψευδοπροφητῶν</span> <span class='ocrx_word' id='word_1_259' title='bbox 522 2624 563 2657; x_wconf 88' lang='lat' dir='ltr'>B.</span> <span class='ocrx_word' id='word_1_260' title='bbox 567 2636 598 2657; x_wconf 96' lang='grc'>3.</span> <span class='ocrx_word' id='word_1_261' title='bbox 615 2625 803 2669; x_wconf 83' lang='grc' dir='ltr'>προφητῶν</span> <span class='ocrx_word' id='word_1_262' title='bbox 822 2624 942 2658; x_wconf 87' lang='lat' dir='ltr'><strong>Holst.</strong></span> <span class='ocrx_word' id='word_1_263' title='bbox 960 2623 1028 2658; x_wconf 88' lang='lat' dir='ltr'>Ed.</span> <span class='ocrx_word' id='word_1_264' title='bbox 1131 2633 1164 2666; x_wconf 90' lang='lat'>5.</span> <span class='ocrx_word' id='word_1_265' title='bbox 1192 2624 1336 2667; x_wconf 82' lang='grc' dir='ltr'>ὀνομάζῃ</span> <span class='ocrx_word' id='word_1_266' title='bbox 1355 2624 1683 2667; x_wconf 83' lang='grc' dir='ltr'><strong>3.11.παρά-</strong></span> 
     </span>
     <span class='ocr_line' id='line_1_31' title="bbox 96 2667 1685 2722; baseline -0.001 -17"><span class='ocrx_word' id='word_1_267' title='bbox 96 2684 200 2714; x_wconf 81' lang='grc' dir='ltr'>νομον</span> <span class='ocrx_word' id='word_1_268' title='bbox 216 2681 246 2704; x_wconf 87' lang='lat' dir='ltr'>a.</span> <span class='ocrx_word' id='word_1_269' title='bbox 374 2669 426 2705; x_wconf 79' lang='lat'>16.</span> <span class='ocrx_word' id='word_1_270' title='bbox 452 2670 572 2706; x_wconf 83' lang='grc' dir='ltr'>θευδὰς</span> <span class='ocrx_word' id='word_1_271' title='bbox 591 2670 620 2703; x_wconf 88' lang='grc' dir='ltr'>Β</span> <span class='ocrx_word' id='word_1_272' title='bbox 626 2682 667 2704; x_wconf 82' lang='grc'>,3.</span> <span class='ocrx_word' id='word_1_273' title='bbox 685 2671 787 2704; x_wconf 81' lang='grc' dir='ltr'>θευδᾶ</span> <span class='ocrx_word' id='word_1_274' title='bbox 806 2670 872 2704; x_wconf 89' lang='lat' dir='ltr'>Ed.</span> <span class='ocrx_word' id='word_1_275' title='bbox 891 2670 1012 2706; x_wconf 81' lang='grc' dir='ltr'>θευδᾶς</span> <span class='ocrx_word' id='word_1_276' title='bbox 1031 2670 1348 2722; x_wconf 57' lang='lat' dir='ltr'>Migne317.</span> <span class='ocrx_word' id='word_1_277' title='bbox 1374 2667 1458 2702; x_wconf 78' lang='grc' dir='ltr'>εἶναι’</span> <span class='ocrx_word' id='word_1_278' title='bbox 1473 2683 1547 2703; x_wconf 84' lang='grc' dir='ltr'>τινα</span> <span class='ocrx_word' id='word_1_279' title='bbox 1566 2670 1685 2704; x_wconf 83' lang='grc' dir='ltr'>ἑαυτὸν</span> 
     </span>
     <span class='ocr_line' id='line_1_32' title="bbox 96 2715 1683 2761; baseline 0.001 -11"><span class='ocrx_word' id='word_1_280' title='bbox 96 2716 236 2751; x_wconf 78' lang='lat' dir='ltr'><strong>inverso</strong></span> <span class='ocrx_word' id='word_1_281' title='bbox 262 2715 384 2750; x_wconf 75' lang='lat' dir='ltr'><strong>Ordine</strong></span> <span class='ocrx_word' id='word_1_282' title='bbox 409 2728 440 2751; x_wconf 82' lang='lat' dir='ltr'>a.</span> <span class='ocrx_word' id='word_1_283' title='bbox 537 2717 820 2760; x_wconf 84' lang='grc' dir='ltr'>προσεκλίθησαν</span> <span class='ocrx_word' id='word_1_284' title='bbox 844 2716 938 2750; x_wconf 85' lang='lat' dir='ltr'>edidi</span> <span class='ocrx_word' id='word_1_285' title='bbox 963 2728 1005 2750; x_wconf 85' lang='lat' dir='ltr'>ex</span> <span class='ocrx_word' id='word_1_286' title='bbox 1032 2716 1087 2756; x_wconf 67' lang='lat' dir='ltr'>B„</span> <span class='ocrx_word' id='word_1_287' title='bbox 1111 2716 1171 2761; x_wconf 86' lang='lat' dir='ltr'>qui</span> <span class='ocrx_word' id='word_1_288' title='bbox 1194 2715 1506 2759; x_wconf 85' lang='grc' dir='ltr'>προσεκκλήθησαν</span> <span class='ocrx_word' id='word_1_289' title='bbox 1531 2715 1683 2751; x_wconf 83' lang='lat' dir='ltr'><strong>exhibet.</strong></span> 
     </span>
     <span class='ocr_line' id='line_1_33' title="bbox 97 2762 1683 2809; baseline 0.001 -13"><span class='ocrx_word' id='word_1_290' title='bbox 97 2762 360 2807; x_wconf 82' lang='grc' dir='ltr'>προσεκολλήθη</span> <span class='ocrx_word' id='word_1_291' title='bbox 390 2774 420 2797; x_wconf 88' lang='lat' dir='ltr'>a.</span> <span class='ocrx_word' id='word_1_292' title='bbox 445 2762 780 2808; x_wconf 83' lang='grc' dir='ltr'>προσεκολλὴθησαν</span> <span class='ocrx_word' id='word_1_293' title='bbox 807 2762 870 2796; x_wconf 80' lang='lat' dir='ltr'>Ht.</span> <span class='ocrx_word' id='word_1_294' title='bbox 898 2762 965 2796; x_wconf 89' lang='lat' dir='ltr'>Ed.</span> <span class='ocrx_word' id='word_1_295' title='bbox 1049 2762 1175 2796; x_wconf 79' lang='lat' dir='ltr'>Statim</span> <span class='ocrx_word' id='word_1_296' title='bbox 1203 2762 1291 2809; x_wconf 75' lang='grc' dir='ltr'>αὐτῷ</span> <span class='ocrx_word' id='word_1_297' title='bbox 1319 2768 1544 2806; x_wconf 81' lang='lat' dir='ltr'>assumptum</span> <span class='ocrx_word' id='word_1_298' title='bbox 1571 2774 1612 2795; x_wconf 82' lang='lat' dir='ltr'>ex</span> <span class='ocrx_word' id='word_1_299' title='bbox 1640 2763 1683 2797; x_wconf 86' lang='lat' dir='ltr'>B.</span> 
     </span>
     <span class='ocr_line' id='line_1_34' title="bbox 102 2797 1685 2861; baseline 0 -18"><span class='ocrx_word' id='word_1_300' title='bbox 102 2810 156 2843; x_wconf 84' lang='lat'>18.</span> <span class='ocrx_word' id='word_1_301' title='bbox 184 2810 228 2844; x_wconf 83' lang='grc' dir='ltr'>ὣς</span> <span class='ocrx_word' id='word_1_302' title='bbox 244 2809 473 2854; x_wconf 83' lang='grc' dir='ltr'>τετρακοσίων</span> <span class='ocrx_word' id='word_1_303' title='bbox 490 2821 745 2861; x_wconf 77' lang='lat' dir='ltr'>a.19.</span> <span class='ocrx_word' id='word_1_304' title='bbox 771 2810 859 2855; x_wconf 75' lang='grc' dir='ltr'>αὐτῷ</span> <span class='ocrx_word' id='word_1_305' title='bbox 878 2821 908 2843; x_wconf 87' lang='lat' dir='ltr'>a.</span> <span class='ocrx_word' id='word_1_306' title='bbox 925 2823 1046 2855; x_wconf 80' lang='grc' dir='ltr'>τουτῳ,</span> <span class='ocrx_word' id='word_1_307' title='bbox 1064 2809 1154 2855; x_wconf 80' lang='grc' dir='ltr'>αὐτῷ</span> <span class='ocrx_word' id='word_1_308' title='bbox 1175 2797 1281 2853; x_wconf 83' lang='lat' dir='ltr'><strong>(forte</strong></span> <span class='ocrx_word' id='word_1_309' title='bbox 1295 2820 1357 2853; x_wconf 85' lang='lat' dir='ltr'>per</span> <span class='ocrx_word' id='word_1_310' title='bbox 1374 2808 1590 2842; x_wconf 83' lang='lat' dir='ltr'>additionem</span> <span class='ocrx_word' id='word_1_311' title='bbox 1608 2821 1685 2843; x_wconf 86' lang='lat' dir='ltr'>cor-</span> 
     </span>
     <span class='ocr_line' id='line_1_35' title="bbox 99 2845 1685 2902; baseline 0 -12"><span class='ocrx_word' id='word_1_312' title='bbox 99 2855 232 2900; x_wconf 82' lang='lat' dir='ltr'>rlgens)</span> <span class='ocrx_word' id='word_1_313' title='bbox 254 2856 296 2890; x_wconf 87' lang='grc' dir='ltr'>Β.</span> <span class='ocrx_word' id='word_1_314' title='bbox 314 2856 415 2902; x_wconf 78' lang='grc' dir='ltr'>αὐτῷ,</span> <span class='ocrx_word' id='word_1_315' title='bbox 433 2855 526 2890; x_wconf 90' lang='grc' dir='ltr'>οὑτοι</span> <span class='ocrx_word' id='word_1_316' title='bbox 544 2855 723 2890; x_wconf 81' lang='lat' dir='ltr'>ernendav</span> <span class='ocrx_word' id='word_1_317' title='bbox 716 2862 742 2889; x_wconf 82' lang='lat' dir='ltr'>lt</span> <span class='ocrx_word' id='word_1_318' title='bbox 761 2856 825 2890; x_wconf 88' lang='lat' dir='ltr'>Ht.</span> <span class='ocrx_word' id='word_1_319' title='bbox 841 2845 937 2890; x_wconf 84' lang='lat' dir='ltr'>unde</span> <span class='ocrx_word' id='word_1_320' title='bbox 956 2845 1024 2890; x_wconf 84' lang='lat' dir='ltr'>Ed.</span> <span class='ocrx_word' id='word_1_321' title='bbox 1282 2866 1337 2889; x_wconf 85' lang='lat'>20.</span> <span class='ocrx_word' id='word_1_322' title='bbox 1362 2853 1463 2900; x_wconf 87' lang='grc' dir='ltr'>μετὰ]</span> <span class='ocrx_word' id='word_1_323' title='bbox 1484 2856 1537 2889; x_wconf 86' lang='grc' dir='ltr'>καὶ</span> <span class='ocrx_word' id='word_1_324' title='bbox 1553 2857 1637 2899; x_wconf 86' lang='grc' dir='ltr'>μετὰ</span> <span class='ocrx_word' id='word_1_325' title='bbox 1654 2868 1685 2890; x_wconf 85' lang='lat' dir='ltr'>a.</span> 
     </span>
     <span class='ocr_line' id='line_1_36' title="bbox 103 2901 1684 2956; baseline 0.001 -20"><span class='ocrx_word' id='word_1_326' title='bbox 103 2912 159 2937; x_wconf 85' lang='lat'>21.</span> <span class='ocrx_word' id='word_1_327' title='bbox 184 2901 285 2956; x_wconf 82' lang='grc' dir='ltr'>λαὸν]</span> <span class='ocrx_word' id='word_1_328' title='bbox 310 2908 345 2943; x_wconf 63' lang='grc'>-1-</span> <span class='ocrx_word' id='word_1_329' title='bbox 369 2904 481 2938; x_wconf 82' lang='grc' dir='ltr'>ἱκανὸν</span> <span class='ocrx_word' id='word_1_330' title='bbox 499 2902 566 2937; x_wconf 90' lang='lat' dir='ltr'>Ed.</span> <span class='ocrx_word' id='word_1_331' title='bbox 584 2902 702 2936; x_wconf 81' lang='lat' dir='ltr'>invitis</span> <span class='ocrx_word' id='word_1_332' title='bbox 722 2902 751 2935; x_wconf 93' lang='lat' dir='ltr'><strong>B</strong></span> <span class='ocrx_word' id='word_1_333' title='bbox 757 2914 797 2936; x_wconf 91' lang='grc'>..3</span> <span class='ocrx_word' id='word_1_334' title='bbox 1050 2913 1106 2936; x_wconf 87' lang='lat'>22.</span> <span class='ocrx_word' id='word_1_335' title='bbox 1133 2901 1164 2936; x_wconf 86' lang='grc' dir='ltr'>οἳ</span> <span class='ocrx_word' id='word_1_336' title='bbox 1183 2901 1225 2936; x_wconf 90' lang='grc' dir='ltr'>Β.</span> <span class='ocrx_word' id='word_1_337' title='bbox 1247 2902 1311 2936; x_wconf 82' lang='lat' dir='ltr'>Ht.</span> <span class='ocrx_word' id='word_1_338' title='bbox 1329 2901 1409 2936; x_wconf 87' lang='grc' dir='ltr'>ὅσοι</span> <span class='ocrx_word' id='word_1_339' title='bbox 1426 2901 1521 2936; x_wconf 86' lang='lat' dir='ltr'>Aub.</span> <span class='ocrx_word' id='word_1_340' title='bbox 1540 2908 1573 2936; x_wconf 86' lang='lat' dir='ltr'>et</span> <span class='ocrx_word' id='word_1_341' title='bbox 1590 2903 1638 2937; x_wconf 84' lang='lat' dir='ltr'>ita</span> <span class='ocrx_word' id='word_1_342' title='bbox 1654 2915 1684 2937; x_wconf 88' lang='grc'>3.</span> 
     </span>
     <span class='ocr_line' id='line_1_37' title="bbox 104 2948 792 2995; baseline 0 -13"><span class='ocrx_word' id='word_1_343' title='bbox 104 2958 160 2993; x_wconf 81' lang='lat'>23.</span> <span class='ocrx_word' id='word_1_344' title='bbox 186 2948 244 2984; x_wconf 78' lang='grc' dir='ltr'>οὖν</span> <span class='ocrx_word' id='word_1_345' title='bbox 261 2961 331 2984; x_wconf 91' lang='lat' dir='ltr'>om.</span> <span class='ocrx_word' id='word_1_346' title='bbox 349 2961 379 2984; x_wconf 87' lang='grc'>3.</span> <span class='ocrx_word' id='word_1_347' title='bbox 527 2950 582 2984; x_wconf 65' lang='grc' dir='ltr'><strong>.τ.8</strong></span> <span class='ocrx_word' id='word_1_348' title='bbox 608 2952 654 2995; x_wconf 81' lang='grc' dir='ltr'>τῷ</span> <span class='ocrx_word' id='word_1_349' title='bbox 673 2960 743 2984; x_wconf 89' lang='lat' dir='ltr'>om.</span> <span class='ocrx_word' id='word_1_350' title='bbox 763 2961 792 2983; x_wconf 86' lang='lat' dir='ltr'>a.</span> 
     </span>
    </p>
   </div>
  </div>
 </body>
</html>
