2022 3272
106 142 355 199 xiv.1·z‚13.
412 146 483 186 IN
527 147 568 188 S.
602 147 944 189 JOANNEM.
1008 148 1133 189 LIB.
1170 150 1246 189 lx.
1310 151 1439 190 (JAP.
1477 151 1510 192 l.
1611 153 1693 190 -1-37

105 252 348 319 χαρακτήρ
385 256 516 306 ἐστιν
548 257 704 319 αὐτοῦ,
734 257 1024 326 φορούμενος
1059 257 1144 320 μὲν
1172 261 1233 311 ὡς
1268 261 1315 309 ἐν
1342 259 1590 328 ἀρχετύπῳ
1629 264 1695 328 τῷ

108 337 276 401 Πατρῖ,
317 337 437 404 ἔχων
476 338 624 404 γεμὴν
662 341 710 390 ἐν
748 342 897 409 ἑαυτῷ
935 340 989 390 τὸ
1029 341 1305 408 ἀρχέτυπον,
1347 344 1408 395 ὡς
1450 340 1693 408 χαρακτὴρ

105 420 320 485 φυσικῶς
358 443 406 470 τε
447 423 521 470 καὶ
558 423 811 483 οὐσιωδῶς,
845 424 920 472 καὶ
960 424 1014 472 οὐ
1053 422 1173 473 κατά
1211 446 1313 473 τινα
1351 423 1694 491 σχηματισμὸν

104 498 186 549 τὸν
213 503 260 551 ἐν
293 503 551 554 διαπλάσει
586 504 853 568 νοούμενον·
895 505 991 555 ἅνω
1031 505 1124 571 γὰρ
1158 506 1422 572 σχημάτων
1452 506 1506 556 τὸ
1545 511 1688 567 θεῖον,
1712 514 1738 554 b

60 592 82 630 5
104 583 199 632 ε’πεῖ
226 586 299 634 καὶ
328 586 598 647 ἀσώματον’
639 594 666 615 “
684 586 788 652 ἐγὼ,
817 589 982 656 φησὶν,
1009 589 1057 638 ἐν
1082 591 1148 657 τῷ
1179 590 1334 654 Πατρὶ
1365 591 1439 639 καὶ
1468 590 1492 638 ὁ
1522 588 1692 654 Πατὴρ
1755 602 1861 664 ἣυιηπ

103 670 130 692 “
158 664 205 715 δὲ
232 667 281 715 ἐν
304 668 404 730 ἐμοὶ
431 668 608 719 ἐστίν.”
649 668 762 718 ἀλλ’
790 670 864 719 ἵνα
895 672 977 733 τῆς
1009 670 1252 738 ἐμφερειάς
1277 669 1364 734 τὴν
1391 668 1589 735 ἰσότητα
1616 674 1692 721 καὶ
1755 656 1820 676 m.
1847 655 1892 676 Μ’

102 744 156 796 τὸ
187 746 478 816 σύμμορφον
505 750 888 818 ἀπαραλλάκτως
923 750 988 815 μὴ
1025 753 1130 802 καθ’
1159 750 1316 818 ἕτερόν
1342 776 1445 803 τινα
1484 753 1692 819 ζητῶμεν

101 829 276 895 τρόπον
313 829 342 894 ἢ
382 834 432 882 ἐκ
470 831 627 895 μόνων
663 837 757 883 τῶν
795 837 852 901 τῇ
892 833 1036 901 φύσει
1075 833 1359 900 προσόντων
1398 843 1687 898 πλεονεκτη-

100 909 278 973 μάτων·
329 914 540 965 ἐντεῦθεν
580 915 674 981 γὰρ
719 913 776 978 ἧν
818 916 1026 979 οὐσιώδη
1071 918 1148 966 καὶ
1194 916 1404 985 φυσικὴν
1446 918 1560 983 ὁρᾶν
1604 917 1690 980 τὴν

35 1016 82 1041 ιο
102 993 343 1056 ὁμοίωσιν·
405 1000 463 1046 Εἰ
515 995 562 1047 δὲ
612 996 690 1060 μὴ,
737 999 904 1065 φησιν,
946 997 1040 1049 ἀπὸ
1089 1003 1184 1049 τῶν
1229 998 1381 1065 ἔργων
1424 999 1684 1051 πιστεύετε.
1752 1017 1801 1047 11).

100 1073 217 1144 ᾤετο
243 1076 336 1144 γὰρ
364 1077 420 1142 δὴ
447 1079 557 1129 λίαν
583 1080 751 1146 ὀρθῶς,
782 1082 844 1133 ὡς
871 1080 998 1147 ε’ίπερ
1026 1080 1151 1134 ὅλως
1185 1079 1410 1132 θεάσαιτό
1448 1105 1515 1135 τις
1547 1082 1690 1133 αὐτὸν

99 1163 197 1213 τοῖς
223 1159 345 1215 ἰ’σοις
371 1159 678 1224 ἐκλάμποντα
715 1163 1052 1229 κατορθώμασι
1086 1167 1153 1232 τῶ
1179 1167 1287 1232 Θεῷ
1318 1166 1393 1214 καὶ
1423 1167 1598 1231 Πατρὶ,
1629 1169 1692 1218 εὶς

101 1241 309 1307 φυσικὸν
359 1242 504 1297 ὅντως
560 1245 878 1313 παραδέξαιτο
933 1249 1210 1312 χαρακτῆρα
1265 1248 1341 1296 καὶ
1397 1245 1551 1297 εἰκόνα
1607 1250 1730 1311 τῆςο

100 1325 265 1378 οὐσίας
301 1327 459 1376 αὑτοῦ·
501 1326 555 1376 οὐ
589 1326 681 1392 γὰρ
717 1327 774 1378 ἄν
800 1350 915 1378 ποτε
955 1327 1128 1393 δράσαι
1167 1327 1225 1378 τὰ
1266 1328 1349 1379 ’ίσα
1387 1333 1453 1396 τῷ
1488 1333 1596 1399 Θεῷ
1635 1329 1690 1379 τὸ

32 1422 79 1461 15
99 1405 164 1469 μὴ
190 1407 239 1457 ἐκ
267 1411 390 1458 Θεοῦ
422 1407 543 1459 κατὰ
578 1409 742 1476 φύσιν,
770 1411 880 1460 ἀλλ’
910 1411 1007 1460 οὐδ’
1037 1409 1094 1460 ἂν
1120 1409 1436 1477 προσγένοιτό
1472 1434 1561 1462 τινι
1595 1417 1690 1461 τῶν

98 1494 307 1553 γενητῶν
355 1489 408 1541 τὸ
458 1492 507 1541 ἐν
554 1491 646 1560 'logo
697 1493 851 1562 μέτρῳ
902 1496 960 1559 τῇ
1010 1493 1110 1561 θείᾳ
1161 1492 1307 1562 φύσει
1363 1499 1691 1559 τερατουργεῖν

99 1570 335 1622 δύνασθαί
355 1595 483 1623 ποτε.
539 1573 696 1634 ἄβατα
731 1573 824 1640 γὰρ
859 1575 935 1625 καὶ
969 1576 1193 1643 ἀνέπαφα
1227 1580 1474 1628 παντελῶς
1508 1581 1602 1629 τοῖς
1637 1576 1694 1645 ἐξ

98 1654 182 1704 οὐκ
216 1652 365 1704 ὄντων
397 1659 460 1708 εἰς
494 1654 548 1706 τὸ
584 1654 698 1706 εἶναι
735 1657 1036 1721 κεκλημένοις
1070 1656 1129 1707 τὰ
1164 1663 1248 1708 τοῦ
1286 1659 1356 1708 ἀεὶ
1394 1657 1529 1711 ὄντος
1568 1659 1692 1712 ἰδίως

98 1734 273 1800 ἀγαθά.
316 1739 390 1787 καὶ
418 1737 489 1787 ὅτι
522 1735 606 1800 μὲν
632 1738 939 1805 ἀλοιδόρητος
973 1744 1220 1793 παντελῶς
1255 1738 1386 1804 παρά
1421 1762 1476 1805 γε
1510 1745 1607 1793 τοῖς
1642 1740 1692 1790 εὖ

31 1838 81 1863 20
100 1821 362 1884 φρονοῦσιν
389 1820 413 1869 ὁ
441 1825 524 1870 τοῦ
552 1824 773 1886 Σωτῆρος
800 1821 934 1872 ε”σται
961 1822 1121 1886 λόγος,
1150 1820 1408 1885 οὐδαμόθεν
1434 1821 1691 1872 ἐνδοιάσειν

99 1897 217 1952 εἰκὸς
256 1899 313 1964 ἧν
351 1921 496 1954 τινας·
554 1902 751 1953 ε”σεσθαι
792 1902 941 1968 γεμὴν
982 1909 1079 1957 τοῖς
1121 1904 1345 1954 τάναντία
1390 1904 1735 1972 δοξάζουσιν,(1

99 1981 541 2047 ἑτεροδιδασκαλιάς
576 1985 770 2052 ἀφορμὴ
806 1988 880 2036 καὶ
909 1985 1155 2053 πρόφασις
1191 1987 1265 2036 καὶ
1293 1984 1347 2036 τὸ
1375 1990 1532 2040 καλῶς
1559 1990 1686 2052 εἰρη-

98 2063 253 2126 μένον,
280 2065 364 2115 οὐκ
399 2065 648 2131 ἠγνόησεν,
678 2070 738 2121 ὡς
767 2066 900 2121 Θεός.
952 2068 1027 2118 ἵνα
1061 2068 1219 2119 τοίνυν
1244 2065 1309 2132 μὴ
1345 2073 1441 2122 τοῖς
1476 2068 1536 2119 τὰ
1571 2069 1689 2135 ὀρθοὶ

99 2147 473 2215 διαστρέφουσιν
493 2149 877 2215 ἀθυρογλωττίας
903 2151 950 2200 ἐν
970 2149 1151 2203 τούτοις
1172 2150 1503 2216 παραλίπηται
1530 2150 1687 2214 τόπος,

30 2247 78 2285 25
97 2227 214 2291 μηδὲ
249 2229 433 2294 λε’γοιεν
459 2229 530 2281 ὅτι
566 2232 848 2298 δημιουργὸς
883 2237 977 2283 τῶν
1005 2232 1257 2295 θαυμάτων
1284 2233 1476 2298 γέγονεν
1504 2234 1528 2283 ὁ
1554 2233 1685 2295 Υἱὸς,

97 2310 181 2373 οὐκ
219 2311 268 2361 ἐκ
306 2314 388 2374 τῆς
427 2311 623 2377 ἐνούσης
659 2313 826 2381 ἰσχύος
862 2316 1001 2383 αὐτῷ,
1034 2314 1138 2365 οὐδὲ
1177 2314 1235 2383 ἐξ
1271 2314 1387 2368 ἰδίας
1426 2314 1684 2378 δυνάμεως,

97 2392 209 2441 ἀλλ’
236 2393 423 2458 ἐπείπερ
450 2392 571 2461 εἶχεν
597 2396 646 2446 ἐν
672 2396 819 2465 ἑαυτῷ
855 2394 937 2447 τὸν
966 2397 1157 2462 Πατέρα
1191 2402 1416 2447 ποιοῦντα
1453 2396 1511 2447 τὰ
1547 2397 1682 2463 ἔργα,
1750 2417 1799 2448 Ib.
1817 2426 1865 2449 10.

98 2471 309 2540 καθάπερ
361 2476 443 2525 οὖν
493 2476 631 2530 αὐτὸς
683 2478 774 2546 ἔφη
825 2480 901 2528 καὶ
957 2479 1304 2546 διισχυρίσατο,
1354 2478 1688 2543 τεθεράπευκεν

98 2555 362 2620 ἀναγκαίως
397 2557 421 2606 ὁ
459 2557 633 2622 Κύριος
666 2564 768 2612 ταῖς
803 2563 898 2610 τῶν
925 2559 1171 2623 νοημάτων
1197 2561 1481 2625 ἐπαγωγαῖς·
1524 2558 1725 2613 ἑαυτὸνο

30 2662 79 2698 30
98 2635 184 2699 μὲν
227 2636 319 2704 γὰρ
367 2640 416 2688 ἐν
459 2638 641 2693 τούτοις
690 2639 885 2691 ἔσεσθαι
939 2639 1146 2707 χορηγὸν
1191 2638 1540 2706 ἐπαγγέλλεται
1591 2646 1687 2694 τοῖς

97 2719 407 2770 πιστεύουσιν
442 2724 503 2773 εἷς
539 2719 694 2783 αὑτὸν,
721 2719 878 2787 ὧνπερ
917 2720 975 2771 ἂν
1007 2721 1254 2772 ἐθέλουσιν
1285 2726 1441 2783 αὶτεῖν,
1468 2724 1544 2772 καὶ
1583 2724 1687 2790 οὐχὶ

99 2800 248 2866 μόνην
288 2802 443 2855 αὐτοῖς
488 2801 835 2868 ἐπαγγέλλεται
879 2802 1119 2867 τοσαύτην
1160 2803 1450 2870 χορηγήσειν
1489 2803 1686 2868 δύναμιν

151 2915 273 2949 19—1).
290 2906 370 2947 438,
396 2916 433 2949 15
453 2906 536 2939 citat
554 2918 587 2950 p.
841 2917 895 2940 22.
923 2906 1081 2951 ἀφορμὴν
1100 2906 1152 2940 καὶ
1169 2908 1348 2952 πρόφασιν
1367 2906 1528 2941 emendat
1549 2907 1683 2953 Migne.

101 2961 156 2992 24.
182 2953 412 2995 παραλίπηται
430 2965 462 2997 p.
482 2952 712 2996 περιλείπητιιι
734 2952 799 2987 Ed.

158 3010 250 3038 vot„
275 3011 322 3038 11.
863 3013 884 3053 3
909 3012 935 3038 N
