2037 3266
333 135 417 174 554
732 133 782 173 B.
815 132 1093 173 CYRILLI
1135 132 1512 173 ALEXANDR.
1790 143 1916 185 xv.3.

293 293 314 329 3
380 295 491 337 ’ΉὸΗ
530 293 647 344 ὑμεῖς
687 296 866 353 καθαροί
903 298 998 338 ἐστε
1037 296 1104 337 διὰ
1143 296 1215 339 τὸν
1255 296 1379 343 λόγον
1417 296 1464 337 ὃν
1503 296 1722 336 λελάλΗκα
1761 291 1871 343 ὑμῖν.

295 423 317 450 0
408 409 681 479 Ἀπόδειξιν
711 408 874 476 ὥσπερ
910 413 1115 477 διαφανῆ
1154 433 1203 460 τε
1240 413 1314 460 καὶ
1353 411 1688 477 ἀναμφίλογον
1718 411 1800 472 τῆς
1838 413 1922 458 τοῦ

334 493 716 558 διακαθαίροντος
755 490 922 545 αὐτοὺς
962 491 1127 558 τέχνης
1165 497 1364 542 ποιεῖται
1407 491 1514 545 τοὺς
1554 489 1782 555 μαθητάς.
1847 486 1922 549 ἤδη

332 573 426 641 γὰρ
454 573 621 627 αὐτοὺς
648 573 1007 639 διακεκαθάρθαι
1034 575 1200 641 φησὶν,
1228 574 1315 640 οὐχ
1350 573 1507 639 ἑτέρου
1541 572 1666 626 τινὸς
1701 571 1916 623 ἀπολαύ-

332 679 528 718 σαντας,
572 654 718 719 μόνον
759 654 809 706 δὲ
851 653 927 706 διὰ
971 654 1038 706 τὶν
1080 653 1200 720 πρὸς
1244 654 1411 708 αὐτοῦς
1452 655 1720 716 λαληθέντα
1764 654 1962 718 λόγον,5

332 737 561 800 τουτέστι,
601 736 687 800 τὴν
726 737 855 788 θείαν
893 760 943 788 τε
986 738 1063 787 καὶ
1101 736 1411 803 εὐαγγελικὴν
1449 737 1707 804 ὑφήγησιν.
1777 733 1922 801 λόγος

333 818 383 870 δὲ
425 819 559 873 οῦτός
603 821 707 870 ε’στι
746 818 877 885 παρὰ
916 823 1149 884 Χριστοῦ.
1218 817 1316 869 εἶτα
1356 820 1426 872 τίς
1467 819 1559 885 ἄρα
1598 821 1700 869 ἐστὶ
1740 821 1834 869 τῶν
1872 817 1922 867 εὖ

333 901 650 970 φρονούντων,
679 900 728 955 ὃς
755 900 987 952 ἐνδοιάσει
1014 900 1198 963 λοιπὸν,
1227 900 1298 952 ὅτι
1325 900 1531 967 δρεπάνη
1558 924 1627 954 τις
1653 899 1815 964 ὥσπερ
1846 900 1922 949 καὶ

333 982 434 1051 χεῖρ
461 989 544 1035 τοῦ
573 983 777 1050 Πατρὸς,
807 985 831 1034 ὁ
867 984 921 1034 δι’
950 983 1004 1034 οῦ
1036 982 1095 1034 τὰ
1129 982 1286 1034 πάντα
1320 985 1437 1046 ἐστὶ,
1464 984 1708 1034 τουτέστιν
1735 983 1758 1032 ὁ
1783 980 1917 1044 Υἱὸς,

333 1065 419 1129 τὴν
446 1068 529 1129 τῆς
564 1070 627 1120 εἷς
662 1067 781 1130 ἡμᾶς
812 1066 1042 1132 γεωργίας
1075 1065 1308 1132 ἐνέργειαν
1335 1068 1642 1131 ἀποπληρῶν,
1668 1063 1725 1129 ἢν
1749 1067 1814 1133 τῷ
1839 1068 1921 1114 τοῦ
1943 1083 1992 1108 10

286 1151 314 1191 (1
335 1147 526 1214 Πατρὸς
551 1148 819 1212 προσάπτει
845 1148 1106 1217 προσώπῳ,
1133 1146 1371 1198 διδάσκων
1396 1148 1467 1198 ὅτι
1498 1146 1654 1198 πάντα
1685 1145 1768 1208 μὲν
1793 1144 1922 1211 παρὰ

333 1229 539 1296 Πατρὸς,
567 1229 696 1294 πλὴν
729 1233 791 1284 ὡς
830 1230 905 1280 διὰ
947 1230 1185 1293 δυνάμεως
1223 1235 1307 1280 τοῦ
1333 1233 1489 1291 Υἱοῦ;
1535 1231 1609 1279 καὶ
1645 1228 1739 1294 γὰρ
1777 1229 1802 1278 ὁ
1839 1232 1922 1278 τοῦ

334 1315 555 1379 Σωτῆρος
605 1313 725 1377 ἡμᾶς
775 1313 1060 1378 διακαθαίρει
1112 1311 1271 1377 λόγος,
1316 1312 1465 1362 καίτοι
1516 1314 1598 1374 τῆς
1648 1311 1755 1361 καθ’
1803 1310 1923 1372 ἡμᾶς

334 1394 563 1459 γεωργίας
589 1396 939 1458 ἀνατεθειμένης
966 1398 1031 1463 τῷ
1052 1397 1160 1463 Θεῷ
1191 1395 1266 1444 καὶ
1289 1394 1461 1459 Πατρί.
1510 1392 1648 1446 αὐτὸς
1673 1391 1766 1457 γάρ
1792 1393 1923 1442 ἐστιν

108 1467 198 1543 fifh.
216 1468 260 1499 iv.
336 1477 360 1526 ὁ
407 1475 496 1542 ζῶν
542 1479 617 1528 καὶ
660 1477 931 1540 τομώτατος
975 1478 1117 1526 αὑτοῦ
1162 1474 1321 1541 λόγος,
1353 1477 1377 1526 ὀ
1417 1483 1444 1505 ‘⁶
1465 1473 1775 1537 διικνούμενος
1813 1473 1992 1541 ἄχριι5

336 1565 362 1589 “
387 1565 621 1625 μερισμοῦ
648 1562 808 1626 ψυχῆς
834 1560 910 1609 καὶ
936 1558 1200 1621 πνεύματος
1227 1559 1389 1624 ἁρμῶν
1416 1580 1466 1607 τε
1502 1559 1578 1607 καὶ
1613 1560 1817 1619 μυελῶν,
1847 1557 1923 1606 καὶ

332 1648 359 1670 “
386 1641 587 1706 κριτικὸς
622 1641 925 1705 ἐνθυμήσεων
952 1642 1027 1691 καὶ
1062 1642 1251 1690 ἐννοιῶν
1283 1639 1521 1704 καρδίας.”
1563 1639 1925 1701 καθικνούμενος

332 1723 425 1790 γὰρ
470 1727 530 1777 εἷς
571 1722 630 1774 τὰ
673 1722 801 1787 βάθη
841 1726 922 1786 τῆς
962 1722 1167 1773 ἑκάστου
1204 1724 1379 1790 ψυχῆς,
1416 1723 1491 1772 καὶ
1530 1720 1614 1771 τὸν
1651 1723 1699 1771 ἐν
1737 1719 1924 1789 ἑκάστῳ

293 1829 315 1855 e
333 1806 648 1872 κεκρυμμένον
673 1804 858 1856 σκοπὸν
885 1803 1282 1855 ἀκατακάλυπτον
1310 1803 1429 1870 ε”χων
1456 1805 1518 1856 ὡς
1545 1802 1683 1865 Θεὸς,
1713 1807 1808 1855 τοῖς
1840 1803 1925 1866 μὲν

332 1889 518 1942 εἷκαίοις
542 1889 674 1952 ἡμῶν
700 1887 1049 1950 σπουδάσμασι
1074 1885 1161 1949 τὴν
1188 1885 1345 1954 ὀξεῖαν
1372 1884 1531 1950 ἐπάγει
1559 1882 1707 1948 τομὴν
1733 1884 1808 1935 διὰ
1842 1887 1924 1948 τῆς
1945 1906 1995 1932 20

331 1977 414 2022 τοῦ
455 1969 731 2033 Πνεύματος
769 1969 1015 2034 ἐνεργείας·
1079 1973 1217 2018 τοῦτο
1256 1966 1350 2032 γὰρ
1390 1964 1515 2030 οἶμαι
1555 1972 1801 2030 νομιοῦμεν
1838 1966 1925 2030 τὴν

332 2051 674 2118 ἀποκάθαρσιν·
715 2049 774 2101 τὰ
808 2050 855 2100 δὲ
892 2050 986 2101 ὅσα
1024 2048 1231 2117 πέφυκεν
1263 2051 1464 2116 ὠφελεῖν
1503 2049 1622 2112 ἡμᾶς
1661 2052 1722 2101 εἷς
1761 2047 1926 2117 ε”φεσιν

331 2137 510 2201 ἀρετῆς,
537 2138 686 2184 ταῦτα
710 2130 1191 2198 πολυπλασιάζεσθαι
1215 2136 1342 2182 ποιεῖ
1370 2129 1489 2197 πρὸς
1520 2131 1867 2198 καρποφοριάν,
1896 2128 1925 2194 ἢ

333 2221 501 2267 νοεῖται
528 2215 625 2265 κατ’
653 2214 911 2274 εὐσέβειαν.

398 2296 519 2347 ΓΌτε
553 2295 709 2346 τοίνυν
736 2297 790 2344 δι’
820 2297 938 2345 Υἱοῦ
975 2293 1104 2359 παρὰ
1140 2293 1331 2360 Πατρὸς
1367 2295 1617 2360 ἐνεργεῖται
1652 2297 1808 2346 καλῶς
1842 2296 1925 2357 τῆς
1945 2309 1995 2350 25

333 2382 395 2432 εἶς
421 2378 542 2442 ἡμᾶς
567 2376 797 2442 γεωργίας
825 2377 849 2426 ὁ
875 2375 1063 2442 τρόπος,
1084 2377 1414 2439 μεματαίωται·
1457 2380 1556 2428 πῶς
1582 2374 1675 2441 γὰρ
1701 2374 1808 2442 οὐχί
1827 2396 1838 2436 ;
1869 2374 1925 2425 τὸ

333 2458 552 2526 περιττὸν
596 2460 670 2509 καὶ
722 2457 1102 2523 κακουργότατον
1145 2462 1240 2508 τῶν
1279 2459 1333 2507 δι’
1374 2458 1583 2510 ἐναντίας
1628 2456 1922 2524 ἐπιχείρημα,

334 2543 564 2610 ἑτεροφυᾶ
602 2539 684 2591 τὸν
710 2538 828 2590 Υὶὸν
864 2539 939 2589 διὰ
977 2545 1116 2590 τοῦτο
1156 2537 1398 2604 λεγόντων
1433 2538 1670 2605 ὑπάρχειν,
1707 2541 1769 2592 ὡς
1806 2539 1925 2603 πρὸς

116 2632 201 2668 872
215 2631 263 2665 A·
298 2623 532 2689 8ιΠατέρα
570 2624 645 2673 καὶ
684 2620 825 2681 Θεὸν,
864 2620 1111 2686 ἐπειδήπερ
1150 2620 1363 2684 ἄμπελος
1403 2620 1487 2682 μὲν
1526 2619 1678 2682 αὐτὸς,
1717 2618 1923 2670 κατωνό-

335 2727 517 2767 μασται
554 2702 602 2754 δὲ
639 2702 846 2769 γεωργὸς
882 2704 906 2753 ὁ
942 2702 1128 2768 Πατήρ.
1187 2702 1548 2753 διασκεπτέσθω
1581 2701 1630 2752 δὲ
1663 2701 1822 2763 πάλιν,
1850 2702 1923 2751 καὶ
1944 2720 1993 2756 30

335 2787 639 2852 περιαθρείτω
667 2789 852 2852 σαφῶς,
882 2784 951 2834 ὅτι
979 2783 1211 2849 καθαροὺς
1238 2781 1350 2834 εἶναι
1379 2783 1619 2849 διορίζεται
1643 2782 1749 2836 τοὺς
1781 2783 1923 2833 αὑτοῦ

385 2942 416 2974 9.
443 2929 498 2974 οὗ]
520 2931 591 2963 υἱοῦ
611 2929 691 2974 (Sic)
714 2929 754 2962 E.
923 2939 978 2962 21.
1006 2926 1113 2972 οἶμαι]
1135 2926 1216 2962 εἶναι
1236 2927 1276 2961 Ε.
1441 2927 1494 2961 26.
1520 2927 1712 2971 μεμάτωται
1733 2926 1811 2970 (Sic)
1834 2926 1874 2959 E.
