2037 3266
327 121 410 159 584
730 124 778 164 B.
813 125 1088 166 CYRILLI
1131 126 1514 167 ALEXANDR.
1666 142 1734 168 xv.
1758 127 1821 177 16,
1844 136 1907 178 17.

332 228 388 280 ἂν
435 231 555 281 οὕτω
601 234 674 282 καὶ
722 235 849 285 αὐτοὶ
894 237 999 285 καθ’
1051 237 1180 299 ὑμᾶς,
1222 235 1451 298 τουτέστι,
1483 234 1791 303 προκόψουσι
1836 237 1910 285 καὶ

332 312 677 364 ἀπελεύσονται
716 320 814 369 ταῖς
855 321 915 369 εἱς
956 317 1009 367 τὸ
1038 317 1225 380 ἄμεινον
1257 317 1531 368 ἐπιδόσεσιν
1570 321 1632 371 εἰς
1659 320 1907 385 καρποφο-

332 393 436 458 ρίαν
467 393 552 458 τὴν
583 396 630 446 ἐν
659 400 780 466 Θεῷ,
810 401 871 452 ὡς
906 399 1071 466 noem-*ov
1109 398 1193 460 μὲν
1226 398 1345 464 ἔχειν
1383 397 1465 449 τὸν
1503 400 1571 449 ἀεὶ
1609 398 1799 465 μένοντα
1838 400 1913 448 καὶ

289 485 316 526 b
335 474 613 541 σωζόμενον,
641 479 913 546 προσευχὴν
939 480 986 531 δὲ
1014 482 1134 530 οὕτω
1167 479 1345 544 δεκτὴν,
1374 482 1434 534 ὡς
1466 479 1581 546 ὅπερ
1608 478 1665 530 ἂν
1690 479 1906 540 βούλων·

334 580 408 608 ται
436 564 614 621 λαβεῖν,
641 564 678 610 εἰ
703 561 846 623 μόνον
874 567 1041 612 αἰτοῖεν
1068 564 1139 613 ἐπὶ
1166 560 1226 629 Tc}
1255 564 1434 628 ὀνοματί
1456 586 1554 629 μου.
1933 580 1955 617 5

410 642 615 692 Οὐκοῦν·
670 646 835 709 χρῆναι
863 643 955 709 γὰρ
981 644 1141 705 πάλιν,
1170 645 1233 697 ὡς
1268 646 1315 694 ε”ν
1342 645 1520 708 ὀλίγοις
1546 642 1808 693 συνελόντα
1832 642 1914 694 τὸν

335 727 417 772 τοῦ
456 723 756 787 προκειμένου
795 724 992 787 σκοπὸν,
1021 728 1158 792 σαφῆ
1201 728 1499 789 καταστῆσαι
1536 730 1631 778 τοῖς
1670 724 1907 790 ἀκροωμέ·

337 822 445 856 νοις·
496 804 714 868 τοιαύτην
741 806 860 873 ἔχειν
887 811 947 860 εἰς
975 807 1153 873 ἑτέρους
1184 807 1419 858 ἀναπείθει
1451 805 1557 859 τοὺς
1592 805 1804 870 μαθητὰς
1829 807 1913 870 τὴν

336 884 538 949 ἀγάπην,
568 890 642 936 καὶ
681 889 898 952 τοιαύτην
931 889 1096 943 αὐτοὺς
1134 888 1414 951 ἐπιτηδεύειν
1452 889 1581 939 θέλει
1621 888 1706 952 τὴν
1730 892 1911 954 προθυ-

335 968 446 1028 μίαν
465 972 527 1022 εἱς
552 967 604 1019 τὸ
623 970 892 1033 μηδαμόθεν
909 975 1146 1022 κατοκνεῖν
1170 970 1252 1024 τὰς
1273 975 1366 1021 τῶν
1385 972 1513 1022 οὔπω
1535 969 1916 1022 πεπιστευκότων
1938 995 1986 1021 10

336 1048 498 1115 ψυχὰς
538 1054 809 1118 φιλοθηρεῖν
847 1056 909 1105 εἱς
944 1053 1198 1115 εὐσέβειαν,
1226 1054 1390 1104 ὁποίαν
1422 1076 1510 1118 περ
1547 1051 1740 1120 φθάσας
1779 1050 1917 1105 αὐτὸς

339 1135 398 1183 εὶς
426 1131 547 1194 ἡμᾶς
575 1131 676 1195 ἤτοι
703 1132 820 1198 πρὸς
853 1133 1020 1188 αὐτοὺς
1055 1134 1327 1203 ἐνεδείξατο.
1383 1134 1453 1184 ὅτι
1482 1133 1574 1199 γὰρ
1600 1132 1739 1186 αὐτὸς
1763 1132 1916 1184 ἐπελέ-

299 1233 319 1259 e
338 1212 450 1280 ξατο
499 1213 604 1266 τοὺς
655 1215 866 1278 μαθητὰς
918 1217 999 1266 οὐκ
1051 1217 1343 1283 ἀμφίβολον,
1398 1218 1471 1266 καὶ
1522 1214 1739 1281 περιττὸν
1790 1212 1917 1278 οἶμαι

339 1294 507 1358 λέγειν,
535 1295 660 1349 ὅπως
688 1319 735 1346 τε
772 1299 845 1347 καὶ
874 1298 975 1347 τίνα
1014 1297 1191 1362 τρόπον
1216 1299 1242 1360 ἡ
1283 1297 1485 1348 ἑκάστου
1523 1295 1685 1362 γε’γονε
1725 1299 1912 1359 κλῆσις·

337 1375 466 1438 πλὴν
525 1376 593 1427 ὅτι
642 1384 852 1429 τοιοῦτον
904 1380 1051 1429 ὠδίνει
1101 1380 1183 1430 τὸν
1237 1379 1420 1430 σκοπὸν
1480 1384 1561 1429 τοῦ
1621 1381 1839 1444 Σωτῆρος
1891 1379 1916 1428 ὁ
1940 1398 1984 1436 15

338 1456 496 1522 λόγος,
525 1460 686 1509 ὁποῖον
722 1460 841 1528 ἔφην
867 1462 1048 1526 ἀρτίως,
1075 1459 1205 1511 οὐδὲν
1240 1461 1380 1525 ἧττον
1420 1461 1538 1523 ἡμᾶς
1578 1461 1819 1510 ἀναπείσει
1859 1458 1918 1510 τὰ

337 1540 523 1607 ἐφεξῆς·
578 1543 721 1592 ταῦτα
746 1541 837 1607 γάρ
863 1547 985 1609 φησι
1021 1542 1267 1606 λελάληκα
1293 1547 1389 1608 ὑμῖν
1417 1542 1486 1593 ἰνα
1512 1547 1736 1607 ἀγαπᾶτε
1762 1544 1912 1601 ἀλλή-

338 1635 456 1676 λους.
500 1621 647 1688 ἦγᾶρ
687 1624 789 1689 οὐχὶ
828 1626 909 1686 τῆς
949 1624 1171 1674 ἀνωτάτω
1210 1629 1382 1674 πασῶν
1407 1624 1593 1689 ἀγάπης
1632 1623 1770 1689 ἔργον
1805 1621 1916 1673 εἶναι

339 1702 556 1767 δώσομεν
594 1703 648 1754 τὸ
688 1704 1004 1773 ε’πιλέξασθαί
1039 1729 1088 1755 τε
1128 1709 1202 1756 καὶ
1243 1705 1441 1755 καλέσαι
1473 1704 1590 1770 πρὸς
1619 1704 1826 1768 ὑπακοὴν
1853 1709 1918 1773 τῷ

295 1785 450 1853 (16εῴ
488 1784 594 1839 τοὺς
634 1786 863 1840 ἀπίστους
901 1787 966 1837 ε”τι
998 1790 1071 1836 καὶ
1105 1788 1472 1849 πλανωμένουςς
1527 1786 1637 1836 ἀλλ’
1666 1787 1796 1836 ε”στιν
1835 1787 1917 1836 οὐκ
1938 1813 1987 1837 20

119 1877 134 1899 2
145 1870 217 1900 Cor.
229 1880 260 1900 v.

120 1921 169 1943 20.

342 1868 634 1935 ἀμφίβολον.
685 1867 811 1918 ὃκαὶ
844 1872 958 1933 δρᾶν
998 1870 1212 1934 ἠπειγετο
1250 1869 1404 1934 λε’γων
1440 1870 1464 1918 ὁ
1489 1872 1684 1920 Παῦλος
1728 1867 1917 1933 α’Υπὲρ

342 1956 369 1977 “
396 1953 612 2015 Χριστοῦ
650 1950 730 2000 οῦν
768 1950 1106 2015 πρεσβεύομεν,
1147 1953 1207 2003 ὡς
1247 1956 1329 2000 τοῦ
1369 1954 1493 2000 Θεοῦ
1531 1955 1918 2015 παρακαλοῦντος

342 2038 367 2059 “
395 2033 447 2081 δι’
480 2033 627 2095 ἡμῶν·
682 2031 878 2095 δεόμεθα
906 2031 1018 2096 ὑπὲρ
1046 2036 1276 2097 Χριστοῦ,
1304 2031 1636 2096 καταλλάγητε
1671 2034 1736 2100 τῷ
1763 2029 1916 2099 Θεῲ·”

341 2115 416 2163 καὶ
447 2113 540 2177 μὴν
566 2115 591 2164 ὁ
623 2114 799 2179 Πέτρος
826 2118 921 2167 τοῖς
947 2114 1186 2166 Ἰουδαίοις
1215 2113 1376 2176 δήμοις
1403 2115 1450 2163 ἐν
1477 2112 1720 2180 παῤῥησίᾳ
1754 2115 1920 2162 λαλῶν

118 2189 207 2219 Aeta
220 2188 275 2220 SS.

118 2233 184 2271 Ap.
202 2232 246 2263 iii.
1423 2276 1441 2283 Α

117 2281 278 2357 igJii.38.
343 2284 370 2305 “
397 2279 473 2326 καὶ
512 2279 552 2326 οἱ
588 2276 810 2342 ἄρχοντες
849 2277 988 2337 ὑμῶν·
1036 2275 1356 2338 μετανοήσατε
1389 2284 1469 2325 οὐν
1498 2278 1569 2324 καὶ
1603 2274 1918 2337 βαπτισθήτω

343 2203 369 2224 “
400 2199 492 2245 Καὶ
521 2201 619 2257 νῦν,
643 2198 859 2263 ἀδελφοὶ,
890 2193 991 2245 οἶδα
1019 2195 1088 2245 ὅτι
1116 2194 1234 2245 κατὰ
1261 2195 1456 2259 ἄγνοιαν
1483 2193 1727 2262 ἐπράξατε,
1755 2191 1920 2259 ὥσπερ
1940 2213 1987 2250 25

301 2376 323 2402 e
343 2364 369 2386 ‘⁶
396 2358 594 2410 ἕκαστος
621 2358 749 2418 ὑμῶν
777 2359 823 2407 ἐν
843 2361 909 2425 τῷ
929 2356 1120 2418 ὀνόματι
1147 2362 1229 2407 τοῦ
1260 2358 1435 2421 Κυρίου
1462 2356 1591 2419 ἡμῶν
1614 2357 1776 2418 Ἰησοῦ
1796 2359 1915 2421 Χρι·

342 2446 367 2467 “
395 2439 558 2489 στοῦ.”
612 2439 722 2506 ὁρᾷς
750 2437 874 2490 ὅπως
902 2438 985 2499 μὲν
1013 2440 1087 2487 καὶ
1113 2442 1208 2491 τοῖς
1235 2439 1363 2487 οὔπω
1383 2437 1749 2487 πεπιστευκόσιν
1770 2438 1914 2488 ὑπαν-

339 2524 460 2570 τῶσι
487 2519 571 2582 μὲν
594 2518 943 2585 προθυμότατα,
971 2518 1053 2569 τὸν
1079 2519 1125 2569 δὲ
1153 2520 1281 2569 οὔπω
1307 2518 1558 2584 ζητηθέντα
1583 2519 1918 2584 προκομίζουσι

340 2601 502 2666 λόγον,
547 2602 600 2651 οὐ
650 2606 745 2653 τοῖς
790 2603 1044 2665 ἀγνοοῦσιν
1090 2602 1244 2654 αὐτοῖς
1288 2601 1610 2664 ἐπιτρέποντες
1653 2599 1707 2650 τὸ
1752 2602 1918 2666 χρῆναι
1938 2620 1987 2655 30

387 2750 419 2779 4.
445 2737 635 2777 βούλωνται
655 2737 695 2771 Ε.
713 2736 895 2775 βούλονται
915 2736 981 2770 Ed.
1202 2736 1253 2770 16.
1280 2736 1454 2770 ἀναπείσει
1473 2735 1529 2780 τὰ]
1549 2735 1765 2769 duan-elanus
1783 2735 1916 2779 Migne.

343 2793 397 2828 17.
426 2783 522 2817 Haec
539 2782 863 2826 ταῦτα-ἀλλήλους
881 2789 1102 2816 accesserunt
1120 2794 1159 2815 ex
1178 2782 1217 2815 E.
1262 2782 1432 2816 Scholion
1450 2782 1505 2815 hic
1530 2781 1572 2815 ad
1600 2781 1703 2814 finem
1723 2780 1820 2814 ducit
1836 2780 1917 2820 Ed.,

339 2841 479 2863 versum
513 2836 716 2874 sequentem
749 2840 941 2874 apponens,
967 2827 1018 2861 *H
1044 2829 1110 2873 γὰρ
1144 2829 1220 2868 &c.,
1254 2828 1352 2873 quasi
1387 2827 1544 2862 scholion
1580 2839 1722 2867 novum,
1758 2838 1916 2870 pergenS,

339 2887 453 2909 errore
480 2878 620 2915 ‘camen3
664 2876 699 2908 in
726 2887 866 2909 versum
892 2875 984 2908 enim
1011 2874 1105 2908 hunc
1135 2874 1450 2908 sextumdecimum
1476 2880 1527 2908 est
1561 2881 1593 2907 et
1626 2874 1661 2906 in
1692 2872 1916 2918 sequentibus

339 2922 586 2965 interpretatio.
791 2921 842 2954 18.
870 2922 939 2954 τοῖς
960 2932 1020 2965 pro
1038 2922 1094 2964 τῆς
1115 2920 1155 2954 Ε.
