2001 3231
886 642 1202 691 ΚΕΦΑΛΗ
1257 644 1321 690 Δ.

318 813 414 854 ‘'On
445 814 549 856 Θεὸς
581 816 677 854 κατὰ
708 815 830 866 φύσιν
861 815 968 854 ἐστὶν
999 815 1019 854 ὁ
1050 813 1146 856 Ύίὸς
1176 816 1242 864 τῆς
1272 813 1367 864 πρὸς
1396 812 1467 863 τὴν
1499 812 1623 852 κτίσιν
1654 812 1878 862 ὁμοιότητος

269 902 290 928 e
576 888 842 943 ἀνῳκισμένος
872 893 1084 938 παντελῶς,
1117 889 1214 929 ὅσον
1245 890 1297 932 εἰς
1328 889 1464 930 οὐσίας
1494 888 1630 941 λόγον.

382 1062 528 1113 Ὑμεῖς
567 1066 613 1105 ἐκ
653 1066 803 1106 τούτου
841 1068 914 1106 τοῦ
951 1066 1111 1113 κόσμου
1149 1065 1260 1116 ἐστὲ,
1297 1065 1384 1112 ὲΓὼ
1421 1065 1497 1106 οὐκ
1535 1062 1619 1113 εἰμί
1655 1064 1703 1104 ὲκ
1740 1065 1813 1104 τοῦ

918 1148 1076 1195 κόσμου
1114 1148 1281 1188 τούτου.

1912 1160 1935 1198 01

371 1290 703 1346 ’ΈΔΕΙΞΕΝ
742 1293 790 1341 ἐν
827 1290 1008 1345 τούτοις
1047 1292 1096 1342 εὖ
1133 1291 1268 1356 μάλα
1307 1293 1382 1342 καὶ
1422 1295 1608 1359 σαφῶς,
1642 1292 1691 1341 τί
1717 1289 1804 1354 μὲν
1835 1289 1893 1340 ἂν

307 1376 460 1422 νοοῖτο
499 1373 552 1423 τό
588 1372 738 1436 ”Ανω,
777 1374 828 1423 τί
864 1372 912 1423 δὲ
953 1373 1007 1424 τό
1046 1372 1205 1425 Κάτω.
1273 1372 1428 1437 ἐπειδὴ
1473 1373 1566 1439 γὰρ
1611 1372 1893 1436 δυναμένους

307 1453 514 1504 συνιέναι
541 1454 685 1519 μηδὲν
712 1454 830 1509 εἰκὸς
865 1455 1016 1520 δήπου
1051 1455 1155 1509 τοὺς
1186 1455 1475 1522 Φαρισαίους
1502 1454 1893 1520 σωματικώτερον

309 1540 405 1588 τοῖς
431 1537 683 1601 εἰρημένοις
708 1543 1024 1604 προσβαλεῖν,
1052 1538 1127 1588 καὶ
1153 1536 1206 1588 τὸ
1233 1538 1329 1588 ἄνω
1356 1561 1405 1588 τε
1431 1539 1506 1588 καὶ
1532 1536 1658 1587 κάτω
1689 1539 1893 1588 τοπικῶς

311 1618 543 1681 ἐκλαβεῖν,
582 1621 656 1669 καὶ
696 1622 759 1672 εἰς
795 1618 985 1673 πολλὰς
1023 1621 1233 1671 ἐντεῦθεν
1271 1620 1446 1673 ἐννοίας
1483 1622 1888 1686 περιπλανᾶσθαι,
1916 1647 1965 1672 10

87 1715 240 1750 504A.
271 1724 293 1748 a
312 1701 559 1766 χρησίμως
591 1702 615 1750 ὁ
644 1701 817 1767 Κύριος
852 1702 983 1765 ἡμῶν
1009 1702 1195 1765 Ἰησοῦς
1229 1704 1253 1752 ὁ
1280 1700 1492 1767 Χριστὸς
1529 1707 1611 1752 τοῦ
1647 1704 1893 1752 δοκοῦντος

311 1783 587 1850 ἐπεῤῥίφθαι
622 1782 979 1848 περιβλήματος
1019 1785 1093 1833 καὶ
1130 1783 1364 1852 ἀσαφείας
1399 1782 1590 1846 ἁπάσης
1628 1783 1899 1846 ἀπογυμνοῖ

310 1863 392 1913 τὸν
422 1863 585 1930 λόγον,
613 1863 888 1931 λευκότερον
919 1865 1083 1931 ὥσπερ
1122 1868 1196 1916 καὶ
1236 1869 1440 1919 εἰσαῦθις
1480 1866 1635 1918 αὐτοῖς
1671 1865 1894 1929 παραθεὶς

310 1944 424 2010 ὅπερ
454 1946 633 2011 εἴρηκεν
659 1949 1028 2012 αἰνιγματωδῶς.
1085 1947 1233 2015 εὙμεῖς
1268 1947 1361 2014 γάρ
1395 1953 1547 2014 φησιν
1575 1947 1624 1997 ἐκ
1651 1945 1796 1997 τούτου
1823 1946 1894 1996 τοῧ

313 2029 480 2094 κόσμου
506 2027 620 2085 ἐστὲ,
649 2028 866 2078 τουτέστι
904 2034 988 2078 τοῦ
1027 2028 1170 2079 κάτω·
1218 2027 1307 2094 ἐγὼ
1339 2032 1414 2080 οὐκ
1448 2031 1532 2095 εἰμὶ
1567 2029 1616 2079 ἐκ
1647 2029 1793 2078 τούτου
1823 2029 1895 2078 τσῧ
1916 2051 1963 2089 15

313 2110 494 2175 κόσμου,
523 2110 689 2159 οὐκοῦν
721 2109 859 2160 τοῦτό
899 2112 1001 2160 ἐστι
1040 2110 1094 2160 τὸ
1134 2110 1245 2161 ἄνω.
1302 2110 1568 2176 ὑπερτρέχει
1604 2108 1652 2159 δὲ
1686 2107 1813 2160 ἅπαν
1838 2107 1893 2159 τὸ

310 2191 358 2238 ἐν
395 2191 576 2254 γενέσει
617 2190 751 2253 Θεὸς,
792 2193 845 2241 οὐ
886 2197 1093 2245 τοπικοῖς
1133 2190 1368 2258 ὑπερέχων
1409 2192 1686 2259 ὑψώμασιν·
1736 2192 1894 2254 εὔηθες

310 2269 404 2336 γὰρ
442 2274 516 2322 καὶ
555 2271 753 2336 ἀνόητον
792 2275 959 2341 κομιδῇ
1002 2272 1055 2324 τὸ
1098 2275 1146 2323 ἐν
1184 2272 1315 2342 τόπῳ
1361 2277 1481 2323 νοεῖν
1521 2272 1575 2323 τὸ
1619 2272 1891 2335 ἀσώματον·

312 2352 442 2403 ἀλλὰ
481 2358 575 2407 τοῖς
613 2357 696 2418 τῆς
735 2355 927 2423 φύσεως
966 2353 1182 2421 άῤῥήτοις
1222 2352 1632 2417 πλεονεκτήμασιν
1672 2354 1890 2419 ὑπερανί-

265 2442 292 2482 b
312 2456 448 2501 σχων
482 2435 541 2486 τὰ
573 2436 760 2500 γενητά.
814 2435 986 2500 ταύτης
1023 2435 1188 2486 ἑαυτὸν
1222 2433 1336 2485 εἶναι
1374 2438 1457 2498 τῆς
1495 2436 1657 2488 οὐσίας
1691 2437 1842 2504 φησὶν
1869 2437 1894 2486 ὁ
1915 2462 1965 2486 20

313 2515 485 2582 Λόγος,
513 2518 595 2567 οὐκ
627 2517 778 2583 ἔργον,
805 2517 937 2567 ἀλλὰ
974 2515 1157 2582 καρπὸν
1183 2518 1258 2566 καὶ
1291 2516 1511 2582 γέννημα.
1562 2516 1766 2583 ἐπιτήρει
1800 2515 1893 2583 γὰρ

313 2597 437 2651 ὅπως
464 2600 549 2665 οὐχ
577 2600 824 2649 ἁλίσκεται
850 2598 1005 2664 λε’γων
1030 2597 1247 2649 ”Ανωθεν
1271 2598 1363 2663 ἐγὼ
1390 2598 1563 2664 γε’γονα
1589 2600 1664 2649 καὶ
1692 2599 1890 2662 πεποίη-

311 2701 408 2740 μαι,
447 2685 636 2742 μᾶλλον
677 2679 724 2730 δὲ
763 2679 818 2730 τό
859 2682 983 2743 Εἰμὶ,
1019 2679 1094 2730 ἵνα
1134 2680 1262 2749 δείξῃ
1302 2682 1376 2731 καὶ
1415 2680 1522 2731 ὅθεν
1555 2682 1670 2742 ἐστὶ,
1709 2682 1784 2731 καὶ
1823 2679 1893 2732 ὅτι

361 2826 392 2848 2.
420 2817 504 2851 Θεὸς
521 2824 744 2861 assumptum
763 2830 803 2852 ex
824 2819 865 2853 Β.
1047 2819 1080 2854 6.
1107 2819 1161 2853 καὶ
1178 2831 1248 2853 om.
1269 2819 1361 2853 Catt.
1530 2828 1583 2862 15.
1609 2819 1766 2854 τουτέστι
1783 2820 1843 2868 τοι]
1861 2830 1891 2853 a.

315 2860 433 2894 Holst.
452 2862 518 2895 Ed.
537 2865 637 2896 τοῦτό
655 2864 728 2898 ἐστι
746 2866 784 2898 τὸ
805 2865 845 2899 Β.
927 2867 987 2900 τοῦ
1003 2867 1134 2911 κόσμου
1151 2864 1272 2900 τούτου
1289 2866 1427 2900 inverso
1445 2865 1566 2900 ordine
1582 2877 1613 2900 a.
1727 2875 1782 2899 20.
1809 2867 1891 2900 εἶναι

313 2913 534 2952 assumptum
553 2920 593 2942 ex
612 2921 675 2943 a.c.
696 2910 801 2944 Cord.
