1971 3272
81 151 118 178 x.
144 139 203 179 16.
324 139 393 178 IN
438 138 480 178 S.
516 137 853 177 JOANNEM.
921 137 1042 177 [2113.
1069 137 1144 176 Vl.
1208 137 1342 176 (fAl‘.
1381 136 1412 174 l.
1579 135 1662 174 2537

1724 244 1778 274 ΡΒ.
1797 243 1874 273 xlvi.

78 250 495 311 πολυπραγμονεῖν
525 245 611 308 τὴν
644 246 808 307 αἰτίαν,
836 244 1023 310 εὑρήσει
1062 245 1264 309 λέγοντα
1303 247 1475 310 σαφῶς
1503 249 1528 270 “
1547 239 1661 290 ’Ότι
1725 290 1742 317 ὃ
1766 298 1785 328 9

79 334 105 355 ‘⁶
130 326 360 388 βασιλεὺς
387 327 547 390 πάσης
575 330 655 390 τῆς
684 330 770 392 γῆς
797 327 821 376 ὁ
849 326 983 388 Θεὸς,
1011 326 1229 394 ψάλλετε
1256 328 1476 385 συνετῶς,
1499 325 1663 383 ἐβασί-

78 415 105 437 “
133 418 303 460 λευσεν
331 411 355 459 ὁ
382 409 502 463 Θεὸς
529 411 603 460 ἐπὶ
635 408 791 459 πάντα
826 408 885 458 τὰ
923 409 1078 472 ἐ’θνη.”
1120 410 1195 459 καὶ
1222 407 1363 458 αὐτὸν
1390 406 1445 456 δέ
1465 429 1556 457 που
1583 404 1664 455 τὸν
1682 410 1708 449 d

83 490 259 556 Κύριον
285 493 332 541 ἐν
359 492 488 544 ἰδίοις
521 490 682 556 λόγοις
708 490 959 557 εἷσαγήοχε
986 495 1137 540 πᾶσιν
1165 491 1281 553 ὁμοῦ
1307 493 1402 541 τοῖς
1429 488 1583 538 ἔθνεσι
1610 486 1664 537 τὸ

35 586 57 624 5
79 573 385 639 εὐαγγελικὸν
411 571 825 638 περιαγγέλλοντα
854 570 1086 637 κήρυγμα·
1125 572 1173 621 ἐν
1199 570 1291 637 γὰρ
1316 574 1382 638 τῷ
1408 569 1561 638 ὀγδόῳ
1590 572 1663 619 καὶ

77 658 456 722 τεσσαρακοστῷ
495 655 623 719 λε’γει
663 657 849 722 ψαλμῷ
880 661 908 682 “
935 653 1199 704 Ἀκούσατε
1239 652 1394 704 πάντα
1433 652 1492 701 τὰ
1531 652 1660 714 ἔθνη,
1726 654 1886 738 ῙΖῙῼΧῙΨῘῘῙ·

79 743 105 764 “
130 738 421 787 ἐνωτίσασθε
457 735 629 789 πάντες
665 739 707 786 οὶ
743 742 1064 789 κατοικοῦντες
1101 735 1186 800 τὴν
1218 733 1505 798 οἰκουμένην,
1538 734 1584 783 οἵ
1617 757 1664 783 τε

79 825 104 847 “
132 823 342 883 γηγενεῖς
379 820 453 868 καὶ
482 821 523 869 οἱ
552 821 637 868 υἱοὶ
664 822 758 868 τῶν
786 818 1060 884 ἀνθρώπων,
1088 820 1161 869 ἐπὶ
1197 816 1250 868 τὸ
1287 816 1399 867 αὐτὸ
1433 815 1666 868 πλούσιος

78 907 104 929 “
131 902 206 950 καὶ
231 900 387 964 πένης.
441 899 496 950 τὸ
532 898 693 963 στόμα
725 922 816 963 μου
847 899 1055 963 λαλήσει
1091 901 1287 967 σοφίαν,
1319 901 1393 949 καὶ
1426 899 1452 961 ἡ
1492 899 1666 960 μελέτη

11 989 105 1028 Ῑο“
131 986 213 1047 τῆς
251 983 442 1049 καρδίας
481 1005 571 1044 μου
612 981 855 1033 σύνεσιν.”
897 982 945 1033 τί
979 981 1071 1048 γὰρ
1111 983 1205 1048 ἐρεῖ
1239 1005 1305 1035 τις
1345 986 1439 1031 τῶν
1473 981 1666 1046 εὐαγγε-

77 1070 223 1116 λικῶν
267 1063 594 1128 παιδευμάτων
639 1062 757 1114 εἶναί
797 1087 842 1114 τι
888 1064 1179 1132 σοφώτερον,
1227 1065 1275 1115 τί
1324 1062 1371 1113 δὲ
1419 1065 1566 1115 οὕτως
1618 1064 1665 1113 ἐν

76 1147 268 1198 συνέσει
307 1146 519 1210 λαληθὲν
558 1145 820 1212 εὑρήσομεν
858 1148 920 1200 ὡς
957 1145 1154 1210 μάθημα
1197 1145 1250 1196 τὸ
1297 1145 1371 1196 διὰ
1411 1149 1659 1211 Χριστοῦ;

77 1229 258 1279 οὐκοῦν·
301 1227 521 1297 ἐπανήξει
548 1226 641 1294 γὰρ
667 1230 691 1278 ὁ
719 1227 866 1294 λόγος
892 1232 953 1281 εἷς
980 1227 1033 1278 τὸ
1061 1229 1138 1278 ἀπ’
1168 1230 1330 1295 ἀρχῆς·
1376 1227 1445 1277 ὅτι
1480 1232 1575 1279 τοῖς
1611 1228 1702 1296 ἐξα

76 1310 278 1377 Ἰσραὴλ
304 1310 650 1379 ἐπιστρέφουσι
677 1310 1163 1376 συναγελασθήσεται
1189 1315 1284 1360 τῶν
1309 1312 1454 1360 ἐθνῶν
1482 1310 1508 1373 ἡ
1534 1316 1660 1371 πλη-

3 1402 55 1441 ‹15
77 1392 173 1456 θὺς,
199 1391 506 1459 προαγορεύει
543 1396 729 1460 σαφῶς.
784 1391 915 1442 ἀλλά
955 1398 1039 1442 τοῦ
1075 1391 1131 1455 δὴ
1167 1391 1317 1459 χάριν,
1353 1391 1469 1460 φαίη
1506 1413 1573 1443 τις
1608 1389 1666 1440 ἂν

75 1474 161 1539 τὴν
201 1477 248 1526 ἐν
291 1478 356 1544 τῷ
400 1474 689 1544 προκειμένῳ
738 1473 945 1524 διάνοιαν
989 1473 1267 1541 πικρότερον
1311 1475 1524 1539 ἐρευνῶν,
1569 1478 1666 1526 τοῖς

74 1557 314 1608 Ἰουδαίων
339 1556 613 1622 ἡγουμένοις
640 1555 1109 1622 προσδιαλεγόμενος
1138 1557 1178 1610 [ὁ
1208 1555 1408 1622 Σωτὴρ],
1435 1557 1510 1605 καὶ
1545 1554 1663 1619 πρὸς

75 1639 248 1705 ἄνδρας
273 1640 400 1703 μίσει
433 1641 508 1689 καὶ
544 1638 708 1708 φθόνῳ
747 1638 1109 1703 διακεκαυμένην
1137 1638 1329 1705 ἔχοντας
1356 1638 1442 1701 τὴν
1469 1638 1663 1703 καρδίαν

75 1726 254 1784 λαλῶν,
305 1720 633 1773 ἀποκαλύπτει
683 1721 959 1787 μυστ-ἡμας
1015 1720 1063 1770 τί
1106 1719 1214 1786 γὰρ,
1264 1720 1366 1770 εἶπέ
1411 1743 1503 1785 μοι,
1556 1718 1663 1772 τοὺς

13 1825 58 1851 20
73 1804 309 1857 τοιούτους
343 1806 485 1871 ἐχρῆν
517 1803 587 1854 ὅτι
622 1808 717 1854 τῶν
743 1805 889 1853 ἐθνῶν
919 1802 1141 1871 κατάρξει
1175 1806 1353 1865 μαθεῖν,
1381 1804 1455 1852 καὶ
1495 1801 1564 1852 ὅτι
1603 1801 1663 1851 τὰ

10 1890 11 1914 ³
74 1885 165 1954 ἔξω
196 1889 278 1949 τῆς
303 1885 533 1938 Ἰουδαίας
569 1884 792 1951 πρόβατα
826 1889 926 1938 ταῖς
966 1885 1100 1938 ἰδίαις
1134 1885 1301 1937 αὐλαῖς
1336 1885 1574 1947 ε’νσηκιεῖ;
1619 1884 1668 1934 τί
1681 1907 1702 1930 a
1732 1897 1816 1932 657
1832 1896 1885 1930 A·

75 1968 156 2018 οὖν
194 1969 387 2034 ἐροῦμεν
432 1967 550 2033 πρὸς
602 1972 753 2028 τοῦτο,
792 1968 840 2017 τί
882 1965 930 2017 δὲ
976 1967 1405 2032 ἀπολογισόμεθα;
1464 1967 1550 2033 οὐχ
1602 1968 1663 2020 ὡς

76 2049 235 2118 φίλοις
287 2051 610 2100 ἀνακοινοῦται
660 2048 914 2114 μυστήρια,
969 2049 1077 2098 ἀλλ’
1126 2047 1230 2099 οὐδὲ
1281 2049 1457 2098 εἰκαίαν
1508 2049 1663 2102 αὐτοῖς

12 2166 14 2176 ι
74 2135 269 2183 ποιεῖται
304 2130 390 2196 τὴν
415 2133 489 2182 ἐπὶ
524 2131 706 2184 τούτοις
740 2129 985 2199 ἐξήγησιν·
1026 2130 1137 2181 ἀλλ’
1167 2130 1355 2196 ἐπείπερ
1391 2128 1663 2197 ὠφελήσων

0 2227 57 2266 ¹35
75 2212 326 2277 ἠπίστατο,
353 2213 471 2264 ὅσον
497 2212 570 2281 ἐφ’
598 2214 763 2282 ἑαυτῷ·
807 2218 946 2263 τοῦτο
981 2211 1076 2279 γὰρ
1111 2210 1169 2276 ἦν
1195 2210 1248 2263 τὸ
1280 2212 1597 2278 προκείμενον,
1624 2216 1663 2262 εἰ

76 2296 150 2346 καὶ
176 2300 271 2346 τῶν
300 2294 610 2362 ἀκροωμένων
637 2294 918 2348 δυσάλωτος
944 2297 1113 2363 κομιδῇ
1144 2296 1219 2345 καὶ
1253 2293 1372 2361 πρὸς
1407 2294 1664 2345 εὐπείθειαν

76 2377 158 2427 οὐκ
182 2377 382 2445 ἐὐχερὴς
417 2377 642 2444 ὑπάρχων
672 2378 696 2428 ὁ
736 2383 843 2430 νοῦς
881 2376 1099 2441 διέμεινεν
1132 2376 1366 2440 ἀκαμπής.
1419 2375 1574 2440 ἐπειδὴ
1614 2376 1662 2427 δὲ

75 2457 161 2523 τήν
187 2482 235 2510 τε
272 2459 519 2513 Μωυσέως
559 2458 852 2528 συγγραφὴν
886 2461 961 2510 καὶ
998 2458 1058 2510 τὰ
1096 2463 1190 2510 τῶν
1222 2458 1369 2524 ἁγίων
1401 2462 1663 2526 προφητῶν

122 2599 155 2627 4.
180 2586 383 2632 εἷσηγήοχεν
403 2587 445 2621 Β.
464 2586 663 2620 emendavit
684 2586 801 2620 Holst.
945 2585 978 2620 6.
1003 2585 1128 2630 πάντα]
1149 2588 1252 2619 ταῦτα
1270 2587 1378 2620 πάντα
1396 2598 1426 2618 a.
1572 2586 1603 2619 8.
1631 2587 1662 2618 οἱ

76 2640 299 2677 assumptum
317 2645 358 2666 ex
379 2633 420 2667 B.
567 2644 691 2666 10—12.
718 2633 751 2666 τί
766 2632 918 2677 ’γὰρ-ἐν
936 2632 1074 2666 συνέσει
1092 2644 1161 2665 om.
1181 2632 1276 2665 Aub.
1440 2643 1492 2673 14.
1519 2631 1661 2675 Ἰσραὴλ

78 2677 120 2712 Β.
137 2678 364 2724 Ἰερουσαλὴμ
383 2680 446 2712 Ht.
467 2678 533 2713 Ed.
664 2688 715 2723 17.
743 2681 760 2712 ὁ
779 2679 894 2722 Σωτὴρ
912 2678 1104 2721 assumpsit
1122 2690 1138 2711 e
1159 2678 1233 2711 Cat.
1254 2684 1293 2711 ut
1312 2677 1382 2711 vid.
1403 2678 1497 2712 Aub.
1518 2684 1550 2711 et
1567 2678 1613 2711 ita
1631 2690 1661 2712 a.

78 2735 132 2759 21.
159 2726 305 2769 ε’νσηκιεῖ
323 2738 351 2759 a.
372 2731 405 2758 et
422 2725 468 2758 ita
486 2724 684 2758 emendavit
704 2725 832 2769 Heyse.
852 2724 997 2767 ἐνσικειὴ
1018 2724 1059 2758 Β.
1079 2724 1232 2757 εἷσοικιεῖ
1252 2725 1314 2757 Ht.
1332 2724 1397 2756 Ed.
1496 2735 1550 2757 22.
1577 2724 1662 2757 εἷπο-

76 2771 287 2817 λογισόμεθα
308 2772 349 2805 Β.
368 2771 657 2816 ἀπολογησόμεθα
675 2771 873 2804 emendavit
893 2770 1111 2809 Holstenius‚
1131 2777 1163 2803 et
1181 2771 1227 2803 ita
1246 2781 1274 2803 a.
1341 2768 1421 2814 οὐχ]
1442 2769 1459 2813 ἢ
1479 2770 1528 2804 ὅτι
1548 2770 1611 2815 οὐχ
1629 2783 1660 2804 a.

79 2827 134 2863 23.
152 2819 190 2852 οὐ
208 2819 339 2853 δικαίαν
359 2818 399 2851 Β.
422 2819 484 2852 Ht.
503 2818 580 2851 οὐδὲ
599 2817 725 2851 εἰκαίαν
742 2829 759 2850 e
779 2816 1073 2869 Cat.‘e)1nendavit
1086 2816 1180 2850 Aub.
1199 2820 1233 2850 εὑ
1250 2817 1297 2850 ita
1315 2828 1346 2849 a.
1444 2828 1499 2858 24.
1516 2819 1660 2850 ποιεῖται

855 2873 867 2887 Ε

80 2895 154 2930 B.a.
172 2899 261 2932 ποιεῖ
280 2898 344 2932 Ht.
364 2897 431 2931 Ed.
671 2906 726 2941 25.
754 2895 809 2941 ἐφ’
828 2864 924 2931 8.ῗῖς
943 2896 995 2935 (=
1015 2895 1087 2940 ἐφ’)
1108 2895 1150 2930 Β.
1169 2895 1214 2930 εἷς
1232 2895 1286 2940 ἐφ’
1309 2895 1389 2934 (sic)
1412 2895 1475 2929 Ht.
1494 2895 1530 2930 δέ
1548 2894 1587 2938 ἧν
1605 2895 1659 2941 ἐφ’

78 2942 170 2977 Aub.
