2011 3266
62 1084 94 1114 S.
108 1083 181 1115 Jac.
201 1083 220 1113 i.

67 1638 160 1668 Hier.

66 1681 178 1712 xxva

71 1734 120 1764 23.

278 155 363 195 276
681 154 731 195 B.
765 153 1041 195 CYRILLI
1084 152 1463 193 ALEXANDR.
1722 148 1778 189 xi.
1800 145 1865 190 26.

861 299 1080 340 Πιοτεύειε
1118 299 1258 352 τούτῳ
1277 318 1286 350 5

359 411 824 480 Προεξηγησάμενος
849 417 933 463 τοῦ
960 411 1079 462 κατὰ
1104 411 1245 462 αὑτὸν
1265 411 1529 476 μυστηρίου
1554 408 1639 473 τὴν
1661 408 1870 471 δύναμιν,

283 496 358 544 καὶ
386 494 540 562 δείξας
566 496 771 560 ἐναργῶς
799 493 868 544 ὅτι
908 494 998 560 ζωὴ
1033 492 1153 544 κατὰ
1190 494 1338 562 φύσιν
1366 494 1467 543 ἐστὶ
1495 494 1569 542 καὶ
1597 489 1718 544 Θεὸς
1744 492 1865 553 ἀλη-

244 574 425 639 Οθινὸς,
469 578 658 627 ἀπαιτεῖ
696 575 782 639 τὴν
826 577 898 626 ἐπὶ
943 579 1000 643 τῇ
1045 575 1204 626 πίστει
1248 575 1533 635 συναίνεσιν,
1578 572 1727 624 τύπον
1771 576 1870 625 ταῖς

284 658 555 722 ἐκκλησίαις
586 656 669 707 τὸν
699 659 773 708 ἐπὶ
811 657 962 726 τούτῳ
1001 658 1109 710 θείς.
1163 656 1254 724 χρὴ
1290 657 1383 722 γὰρ
1421 658 1474 707 οὐ
1510 656 1720 707 διάκενον
1751 655 1868 718 ἡμᾶς
1890 670 1912 707 5

284 744 345 793 εἰς
372 740 486 805 ἀέρα
510 741 790 806 ῥιπτοῦντας
818 738 997 807 φωνὴν,
1023 738 1077 790 τὸ
1102 738 1283 790 σεπτὸν
1309 740 1559 804 ὁμολογεῖν
1584 736 1866 802 μυστήριον,

285 823 395 872 ἀλλ’
424 824 472 872 ἐν
507 822 674 890 καρδίᾳ
714 823 788 871 καὶ
830 825 894 890 νῷ
931 820 1017 885 τὴν
1051 821 1214 873 πίστιν
1246 820 1550 888 ῥιζώσαντας,
1578 817 1759 886 καρπὸν
1788 823 1871 869 τοῦ

284 902 564 968 πράγματος
589 907 826 954 ποιεῖσθαι
851 902 938 967 τὴν
964 904 1238 969 ὁμολογίαν·
1268 902 1359 971 χρὴ
1385 902 1432 953 δὲ
1457 901 1694 954 πιστεύειν
1718 901 1868 951 ἐνδοι-

286 991 444 1049 ασμοῦ
482 1008 607 1038 τινος
645 986 753 1052 δίχα
793 988 869 1035 καὶ
907 985 1148 1054 διψυχίας.
1204 982 1434 1051 ὑβριστὴς
1472 983 1566 1050 γὰρ
1605 985 1630 1034 ό
1670 983 1873 1050 δίψυχος

287 1069 363 1117 καὶ
398 1066 622 1134 χωλεύων
647 1069 753 1134 περὶ
783 1066 870 1131 τὴν
895 1068 1076 1118 πίστιν·
1134 1066 1209 1118 διὰ
1234 1072 1372 1118 τοῦτο
1400 1069 1474 1117 καὶ
1501 1074 1528 1095 “
1545 1063 1872 1117 ἀκατάστατος
1896 1085 1944 1111 10

287 1156 312 1178 ίί

1025 1150 1090 1166 η’,

339 1151 386 1199 ἐν
411 1149 589 1202 πάσαις
622 1155 722 1204 ταῖς
753 1151 877 1203 ὁδοῖς
903 1151 1060 1200 αὐτου.
1144 1148 1304 1200 εἰδέναι
1331 1148 1479 1215 γεμὴν
1507 1151 1776 1213 ἀναγκαῖον,
1803 1147 1874 1198 ὅτι

240 1235 267 1275 d
287 1236 395 1301 Θεῷ
429 1234 512 1294 τῆς
544 1234 752 1286 πίστεως
786 1231 873 1295 τὴν
900 1233 1160 1296 ὁμολογίαν
1187 1232 1458 1295 ποιούμεθα,
1487 1231 1573 1281 κᾶν
1601 1232 1654 1281 δι’
1683 1229 1870 1295 ἀνθρώ-

285 1337 389 1365 πων
420 1314 721 1379 ἐρωτώμενοι,
748 1319 842 1365 τῶν
874 1318 1090 1380 ἱερᾶσθαι
1125 1314 1373 1381 λαχόντων
1406 1316 1541 1383 φημὶ,
1568 1312 1621 1363 τό
1652 1311 1874 1367 Πιστεύω

286 1395 486 1461 λε’γομεν
506 1397 554 1446 ἐν
574 1400 632 1463 τῇ
657 1396 938 1465 παραλήψει
964 1402 1046 1446 τοῦ
1074 1397 1209 1461 ἁγίου
1235 1397 1583 1459 βαπτίσματος.
1625 1392 1872 1445 πάνδεινον

288 1478 369 1528 οὖν
396 1478 486 1543 ἄρα
513 1476 566 1528 τὸ
599 1478 959 1546 διαψεύσασθαι
992 1480 1066 1528 καὶ
1094 1481 1455 1544 παρολισθῆσαι
1481 1476 1598 1542 πρὸς
1625 1478 1868 1539 ἀπιστίαν,
1897 1492 1943 1530 15

286 1560 362 1610 ἵνα
400 1559 466 1623 μὴ
505 1563 581 1610 καὶ
620 1559 849 1624 δικαστὴν
884 1562 959 1610 καὶ
997 1559 1213 1626 μάρτυρα
1252 1562 1473 1614 ἀπονοίας
1514 1560 1693 1626 ε”χωμεν
1731 1560 1874 1610 αὐτὸν

288 1640 371 1692 τὸν
409 1640 600 1692 πάντων
640 1642 898 1706 Δεσπότην
937 1641 1139 1707 λέγοντα
1179 1649 1204 1670 “
1229 1644 1321 1692 Καὶ
1374 1642 1465 1708 ἐγὼ
1516 1643 1707 1708 μάρτυς,
1751 1643 1875 1709 φησὶ

290 1731 319 1752 “
348 1723 568 1789 Κύριος.”
611 1722 911 1789 ἐπιτηρητεόν
938 1724 984 1774 δὲ
1018 1723 1088 1774 ὅτι
1116 1722 1334 1790 Λαζάρου
1366 1725 1576 1787 κειμένου
1601 1725 1677 1774 καὶ
1704 1727 1872 1787 τεθνη·

290 1806 438 1867 κότος,
468 1804 582 1870 ὑπὲρ
609 1806 751 1855 αὑτοῦ
776 1805 954 1871 τρόπον
979 1805 1083 1856 τινὰ
1115 1805 1168 1855 τὸ
1203 1806 1394 1871 γύναιον
1420 1807 1665 1875 ἐξαιτεῖται
1691 1804 1776 1869 τὴν
1803 1806 1876 1855 ἐπὶ

252 1910 273 1936 e
292 1892 348 1955 τῇ
374 1889 531 1938 πίστει
560 1889 852 1938 συναίνεσιν·
893 1888 969 1938 ἵνα
994 1887 1142 1938 πάλιν
1169 1888 1193 1937 ό
1224 1887 1370 1941 τύπος
1395 1890 1442 1939 ἐν
1468 1893 1569 1941 ταῖς
1605 1887 1874 1951 ἐκκλησίαις
1897 1909 1946 1934 20

292 1969 490 2037 ἰσχύσῃ·
534 1969 609 2020 ὅτε
637 1968 729 2035 γὰρ
756 1968 991 2035 ἀρτιγενές
1017 1969 1310 2036 προσάγεται
1335 1971 1528 2039 βρέφος,
1555 1969 1582 2035 ἦ
1616 1973 1698 2034 τῆς
1732 1992 1875 2032 κατη-

291 2051 477 2118 χήσεως
512 2049 565 2101 τὸ
602 2052 784 2118 χρίσμα
821 2056 1003 2114 λαβεῖν,
1037 2051 1139 2115 ἤτοι
1172 2050 1226 2102 τὸ
1261 2054 1344 2115 τῆς
1377 2052 1662 2105 τελειώσεως
1699 2053 1772 2103 ἐπὶ
1811 2055 1877 2120 τῷ

293 2134 412 2202 ἁγίῳ
450 2134 764 2196 βαπτίσματι,
794 2134 818 2182 ό
857 2132 1121 2199 προσάγων
1154 2132 1268 2199 ὑπὲρ
1307 2134 1450 2184 αὐτοῦ
1488 2133 1542 2184 τό
1577 2132 1733 2197 Ἀμὴν
1767 2135 1878 2183 ἀνα-

293 2220 455 2283 φωνεῖ.
513 2214 627 2280 ὑπὲρ
660 2214 707 2265 δὲ
742 2219 836 2265 τῶν
863 2214 1044 2282 ἐσχάτῃ
1080 2213 1209 2284 νόσῳ
1245 2215 1639 2279 κατειλημμένων,
1665 2214 1873 2279 μελλόν-

292 2319 387 2346 των
419 2319 467 2346 τε
509 2295 584 2346 διὰ
622 2301 760 2347 τοῦτο
798 2294 1129 2361 βαπτίζεσθαι,
1163 2298 1238 2346 καὶ
1274 2294 1621 2347 ἀποτάττονταί
1650 2320 1767 2350 τινες
1804 2298 1878 2347 καὶ
1899 2315 1947 2354 25

294 2377 649 2438 συντάττονται,
702 2377 786 2441 τὴν
838 2379 1009 2428 οἰκείαν
1058 2376 1220 2444 ὥσπερ
1280 2378 1338 2447 ἐξ
1391 2378 1577 2444 ἀγάπης
1630 2384 1879 2446 κιχρῶντες

344 2533 448 2566 2—p.
465 2531 542 2567 277,
561 2535 593 2565 4.
624 2522 701 2558 Hoc
726 2523 882 2558 scholion
909 2523 1075 2557 exhibent
1098 2524 1174 2558 Cat.
1195 2523 1295 2558 Harl.
1315 2536 1343 2558 c.
1365 2523 1485 2563 Cord.‚
1512 2524 1660 2558 Niketae
1685 2530 1803 2558 autem
1827 2525 1880 2558 ἕκ-

296 2569 392 2604 δοσις
410 2569 475 2602 alia
494 2570 609 2614 (cujus
628 2570 695 2603 a.k.
715 2571 938 2614 exemplaria)
958 2571 1097 2605 omittit.
1331 2582 1362 2605 2.
1389 2570 1459 2604 καθ’
1479 2572 1604 2605 ἑαυτῶν
1623 2571 1703 2616 (sic)
1724 2583 1753 2605 c.
1773 2571 1880 2606 Cord.

296 2627 329 2660 3.
355 2614 483 2660 δείξας]
505 2616 642 2659 διδάξας
660 2628 688 2650 C.
709 2616 815 2650 Cord.
991 2630 1023 2659 4.
1050 2617 1244 2651 συναίνεσιν
1262 2629 1291 2651 c.
1312 2617 1418 2651 Cord.
1439 2617 1578 2652 σύνεσιν
1596 2618 1672 2651 Cat.
1694 2618 1792 2652 Harl.
1814 2617 1881 2653 Ed.

297 2671 329 2706 5.
356 2662 459 2697 τιθείς
477 2675 505 2696 e.
525 2662 632 2697 Cord.
768 2664 800 2696 8.
827 2663 989 2707 ποιῆσθαι
1009 2664 1089 2707 (sic)
1108 2676 1136 2697 c.
1212 2664 1277 2708 χρὴ
1297 2664 1332 2697 δέ
1350 2676 1380 2698 c.
1400 2664 1504 2698 Cord.
1525 2665 1578 2698 καὶ
1597 2664 1673 2698 Cat,
1694 2665 1794 2698 Harl.
1814 2664 1881 2698 Ed.

300 2720 353 2742 11.
379 2708 500 2753 γεμὴν]
527 2724 568 2743 σε
593 2709 658 2753 μὴν
676 2709 842 2743 Codicem
869 2722 940 2744 non
967 2722 1102 2754 semper
1128 2710 1226 2744 facile
1252 2710 1439 2755 legendum
1461 2711 1518 2744 vix
1544 2712 1664 2756 legens
1690 2711 1881 2745 Aubertus.

302 2766 353 2788 12.
381 2755 440 2797 τὴν
457 2767 526 2789 om.
546 2756 641 2789 Aul).
766 2767 818 2801 13.
845 2757 934 2801 φημὶ
952 2769 982 2791 c.
1003 2756 1109 2791 Cord.
1127 2757 1240 2802 φαμὲν
1259 2757 1334 2791 Cat.
1356 2757 1454 2790 Harl.
1474 2757 1541 2791 Ed.
1658 2769 1710 2799 14.
1737 2757 1883 2802 λέγομεν

297 2808 520 2845 assumptum
539 2814 579 2835 ex
598 2814 627 2836 c.
649 2801 755 2836 Cord.
1087 2804 1139 2837 16.
1167 2804 1267 2837 αὐτὸν
1284 2804 1414 2848 ἔχωμεν
1430 2804 1568 2837 inverso
1586 2803 1706 2837 ordine
1724 2815 1753 2837 c.
1774 2803 1880 2837 Cord.

302 2848 354 2880 18.
381 2849 433 2880 καὶ
451 2852 675 2893 assumptum
694 2861 734 2882 ex
754 2861 783 2882 c.
803 2849 910 2884 Cord.
1045 2861 1097 2894 19.
1124 2850 1249 2892 ἐξαιτεῖ
1266 2861 1295 2883 c.
1316 2850 1422 2884 Cord.
1558 2861 1613 2884 20.
1641 2850 1834 2883 συναίνεσιν
1851 2861 1881 2883 c.

299 2892 405 2926 Cord.
425 2893 566 2928 σύνεσιν
584 2895 661 2929 Cat.
683 2895 782 2929 Harl.
803 2896 897 2930 Aub.
1000 2907 1054 2930 21.
1081 2895 1099 2939 ἢ
1118 2902 1339 2941 assumptum
1359 2908 1399 2930 ex
1418 2908 1447 2930 c.
1466 2895 1573 2930 Cord.
1680 2906 1736 2937 24.
1762 2897 1880 2930 νόσσω

299 2941 559 2983 κατηλημμένων
577 2953 605 2975 c.
751 2953 806 2984 25.
834 2957 867 2976 τε
887 2954 955 2976 om.
975 2954 1003 2976 c.
1025 2942 1130 2976 Cord.
