1971 3272
95 110 148 151 ix.
172 112 235 161 18,
262 126 319 166 ιι).
360 112 432 152 ΙΝ
477 112 519 151 S.
552 111 888 151 JOANNEM.
952 111 1076 151 LIB.
1105 111 1180 149 VI.
1243 110 1375 149 (JAl‘.
1411 108 1445 148 I.
1601 107 1679 147 173

93 221 220 286 ῥῆμα
259 220 617 285 διηγγελκότος,
664 221 717 269 οὐ
768 219 850 270 δύο
901 218 1046 282 μόνον
1092 220 1166 268 καὶ
1217 222 1358 283 τριῶν
1403 219 1681 280 ἀκυροῦντες

94 301 480 367 ἐπιμαρτύρησιν,
521 303 630 352 ἀλλ’
681 305 743 355 ὡς
794 300 913 354 εἰκὸς
964 302 1039 350 καὶ
1090 298 1338 361 πλειόνων,
1383 299 1455 367 ἐφ’
1501 298 1682 363 ἐτέρους

93 382 309 450 ἔρχονται
343 382 439 438 τους
470 388 609 450 γονεῖς
644 389 727 434 τοῦ
761 382 1170 449 τεθεραπευμένου,
1202 386 1402 447 πρᾶγμα
1442 385 1683 432 ποιοῦντες

94 465 369 531 παράνομόν
395 489 444 517 τε
476 468 550 517 καὶ
577 466 766 529 ἀμαθές.
824 466 934 516 ἀλλ’
964 464 1096 515 οὐδὲν
1122 465 1277 517 αὐτοῖς
1305 464 1329 513 ὁ
1355 461 1509 526 νόμος,
1538 461 1613 512 ὅτε
1639 484 1683 511 τι

54 553 191 601 5τῶν
235 550 283 598 ἐν
325 549 508 602 οἰκείαις
551 549 737 612 ἡδοναῖς
782 547 991 616 ἐξανύειν
1035 547 1314 612 ἐπείγονται.
1389 544 1545 607 ἐπειδὴ
1590 542 1684 609 γὰρ

96 630 326 681 ἐδυσώπει
352 633 427 681 καὶ
460 631 546 698 οὐχ
578 630 769 684 ἑκόντας
803 630 892 694 ἤδη
928 628 981 680 τὸ
1019 633 1175 692 θαῦμα
1201 627 1582 694 μαρτυρούμενον
1609 624 1687 676 διά

96 736 146 763 τε
190 716 271 775 τῆς
317 712 541 778 γειτόνων
588 715 663 764 καὶ
714 711 791 763 διὰ
835 715 918 775 τῆς
962 717 1046 762 τοῦ
1093 710 1458 777 θεραπευθέντος
1504 711 1681 777 φωνῆς,

96 795 463 860 προσεδόκησαν
497 796 760 846 ἀναπείθειν
792 793 1026 845 δύνασθαι
1065 792 1171 846 τοὺς
1212 791 1536 858 ἐρωτωμένους
1572 790 1682 855 παρ’
1704 798 1731 839 b

97 875 231 927 οὐδὲν
268 876 353 940 μὲν
391 875 690 942 ποιήσασθαι
727 876 813 941 τὴν
852 875 1088 940 ἀλήθειαν,
1128 878 1271 926 εἰπεῖν
1310 873 1357 925 δὲ
1395 878 1587 936 μᾶλλον
1625 871 1686 923 τὰ

3 957 217 1009 Ἰοκατά
257 959 451 1024 γνώμην
492 961 662 1013 αὐτοῖς.
733 959 819 1026 ὅρα
865 958 959 1025 γὰρ
1006 957 1133 1011 ὅπως
1179 954 1546 1023 ἐμβριθέστερον
1584 978 1687 1008 πως

97 1039 264 1094 αὐτοῦς
302 1042 608 1108 διερωτῶντες
647 1045 801 1111 φασιν
826 1040 968 1096 Οῦτές
1009 1041 1121 1091 ἐστιν
1157 1046 1174 1091 ὁ
1215 1039 1302 1094 usos·
1341 1037 1456 1107 ὑμῶν
1488 1040 1528 1089 ἓν
1564 1039 1687 1105 ὑμεῖς

98 1122 255 1189 λέγετε
281 1123 342 1174 ’ὄτι
368 1124 541 1193 τυφλὶς
569 1123 784 1190 ἐγεννήθης
818 1123 963 1188 μόνον
989 1122 1083 1190 γὰρ
1110 1123 1214 1190 οὐχὶ
1240 1120 1299 1173 τὰ
1323 1120 1546 1173 πάνδεινα
1571 1121 1688 1186 δρᾶν

99 1208 162 1258 εἰς
200 1203 368 1259 αὐτοῦς
402 1206 781 1274 διισχυρίζονται,
814 1208 888 1257 καὶ
928 1205 1113 1275 ἀμέτρῳ
1153 1209 1476 1256 καταπτοοῦσι
1507 1202 1688 1264 δείματι

99 1287 218 1354 πρὸς
251 1290 395 1339 ἐκεῖνο
432 1295 687 1342 καλοῦντες
721 1291 782 1342 ὡς
808 1288 865 1357 ἐξ
888 1287 1096 1354 ἀνάγκης
1124 1291 1198 1337 καὶ
1228 1287 1336 1347 βίας
1363 1285 1478 1351 ὅπερ
1505 1283 1688 1335 ἀκούειν

35 1384 82 1423 15
101 1370 288 1434 ἤθελον.
340 1377 478 1422 τοῦτο
515 1370 563 1422 δὲ
598 1370 656 1435 ἧν
681 1371 734 1423 τό
762 1372 867 1422 Οὐκ
898 1369 1122 1436 ἐγεννήθη
1151 1367 1349 1438 τυφλός.
1405 1366 1468 1420 εἷς
1501 1365 1596 1433 γὰρ
1632 1364 1690 1430 ἧν

101 1454 150 1504 ἐν
187 1454 343 1506 αὐτοῖς
388 1456 463 1504 καὶ
509 1453 753 1519 δυσσεβὴς
798 1455 824 1505 ὁ
868 1452 1066 1516 σκοπὸς,
1105 1450 1191 1516 τὴν
1228 1453 1303 1502 ἐπὶ
1347 1453 1549 1519 Χριστῷ
1592 1453 1687 1499 τῶν
1708 1473 1730 1500 c

101 1535 262 1603 ὄχλων
288 1542 566 1602 παραλῦσαι
604 1535 856 1605 διάληψιν,
886 1537 962 1586 καὶ
989 1535 1253 1602 ἀνατρέψαι
1279 1537 1374 1587 τῶν
1399 1531 1489 1596 ἤδη
1515 1535 1686 1582 τεθαυ-

102 1617 320 1681 μακότων
346 1617 432 1682 τὴν
462 1618 714 1684 ἀγνώμονα
751 1620 932 1670 πίστιν.
988 1616 1131 1683 ὅνπερ
1170 1616 1218 1667 δὲ
1256 1613 1433 1682 τρόπον
1463 1617 1506 1665 οἱ
1543 1612 1690 1665 πόλιν

103 1699 208 1750 τινὰ
252 1705 346 1751 τῶν
386 1700 742 1768 εὐτυχεστάτων
781 1701 961 1770 ἐξελεῖν
1002 1697 1360 1764 σπουδάζοντες,
1399 1696 1559 1765 κύκλῳ
1607 1694 1691 1759 μὲν

36 1803 84 1828 20
105 1780 300 1834 ἅπασαν
342 1783 625 1849 περιθέουσι,
669 1784 986 1835 παντοδαποῖς
1039 1779 1088 1832 δὲ
1140 1779 1284 1845 αὐτὴν
1326 1781 1692 1845 ἐκπολιορκοῦσι

104 1863 309 1930 τρόποις,
335 1864 449 1916 ποτὲ
476 1864 559 1927 μὲν
587 1865 840 1931 διορύττειν
865 1863 950 1917 τὰς
974 1861 1249 1929 ὑποβάθρας
1275 1862 1550 1927 ἐπείγονται,
1576 1858 1691 1911 ποτὲ

105 1945 154 1997 δὲ
193 1951 288 2000 τοῖς
326 1947 525 2012 πύργοις
563 1946 646 2000 τὰς
681 1948 730 1997 ἐκ
769 1950 864 1997 τῶν
901 1944 1166 1996 ἑλεπόλεων
1204 1945 1434 2012 ἐφιστᾶσι
1477 1940 1686 2007 πληγάς·

105 2029 227 2079 οὕτω
255 2030 329 2079 καὶ
356 2032 397 2078 οἱ
424 2028 688 2092 πάντολμοι
717 2032 972 2093 Φαρισαῖοι
997 2032 1097 2080 ταῖς
1128 2030 1273 2095 σφῶν
1299 2026 1454 2075 αὐτῶν
1480 2026 1686 2090 δύστρο-

104 2110 231 2163 πιάις
267 2116 581 2177 πολιορκοῦσι
614 2110 668 2161 τὸ
707 2114 877 2174 θαῦμα,
906 2111 980 2160 καὶ
1012 2109 1191 2175 τρόπον
1217 2106 1381 2158 οὐδένα
1405 2104 1692 2166 δυσσεβείας

37 2206 86 2246 25
106 2190 565 2255 καταλιμπάνουσιν.
632 2193 742 2243 ἀλλ’
776 2193 858 2243 οὐκ
897 2191 955 2256 ἦν
993 2190 1046 2242 τὸ
1085 2195 1207 2242 πᾶσι
1246 2187 1591 2255 διεγνωσμένον
1630 2189 1740 2242 ὡςᾶ

106 2272 256 2324 ἕωλον
287 2273 697 2341 ἀποκρούσασθαι,
730 2276 806 2325 καὶ
845 2273 898 2325 τὸ
936 2277 1139 2326 πολλοῖς
1177 2272 1267 2337 ἤδη
1305 2268 1695 2335 τεθαυμασμένον

109 2359 171 2409 εἰς
198 2357 527 2425 ἀφανεστέραν
551 2356 883 2425 καταστρέψαι
909 2354 1158 2424 διάληψιν.

162 2527 191 2549 1.
217 2514 256 2549 οὗ
274 2514 333 2549 δύο
351 2513 471 2560 μόνον]
491 2514 586 2548 αὐτοὶ
603 2514 641 2548 οὗ
659 2513 719 2548 δύο
736 2514 846 2557 μόνων
863 2525 893 2547 a.
997 2523 1028 2546 2.
1053 2509 1237 2556 πλειόνων]
1261 2514 1299 2552 -1-
1320 2514 1385 2545 τῶν
1402 2509 1697 2554 παραστησάντων

111 2562 224 2597 αὐτοῖς
246 2563 304 2595 τὸν
329 2563 463 2605 τυφλὸν
482 2562 537 2605 (ex
565 2560 631 2595 612
650 2572 668 2594 e
694 2560 814 2604 supra)
835 2572 852 2594 e
880 2559 956 2594 Cat.
979 2559 1079 2593 Harl.
1097 2564 1136 2592 ut
1162 2558 1305 2592 adnotat
1329 2557 1404 2602 ipse
1423 2556 1516 2590 Aub.
1536 2562 1569 2589 et
1594 2556 1641 2588 ita
1665 2566 1696 2588 a.

112 2619 145 2652 3.
172 2607 344 2653 ἔρχονται]
364 2608 524 2652 ἄρχονται
544 2607 587 2641 Β.
659 2608 770 2651 γονεῖς
789 2607 865 2640 B.a.
884 2608 1062 2650 συγγενεῖς
1080 2605 1146 2639 Ed.
1300 2613 1331 2647 7.
1357 2605 1416 2647 τῆς
1433 2601 1547 2647 prius]
1573 2605 1609 2642 -Ι-
1630 2604 1697 2634 τῶν

114 2655 233 2689 Holst.
251 2654 319 2688 Ed.
418 2665 471 2687 11.
498 2653 618 2688 αὐτοὺς
634 2660 858 2698 assumptum
876 2664 917 2685 ex
936 2652 979 2685 B.
1052 2652 1278 2696 διερωτῶντας
1299 2650 1339 2683 B.
1444 2658 1496 2693 15.
1524 2647 1562 2690 ἧν
1580 2645 1694 2692 prius]

112 2701 187 2736 ἐστι
205 2713 235 2735 a.
351 2700 403 2734 16.
431 2700 503 2745 ἐπὶ]
527 2704 564 2740 -Ι-
585 2702 631 2746 τῴ
649 2712 680 2733 a.
796 2709 849 2743 17.
874 2700 1071 2741 παραλῦσαι
1089 2696 1272 2742 διάληψιν]
1293 2696 1453 2730 διαλῦσαι
1471 2695 1648 2739 ὑπόληψιν
1665 2705 1696 2727 a.

116 2758 170 2792 19,
196 2748 460 2792 εὐτειχεστάτων
477 2746 639 2780 emendat
658 2745 788 2790 Heyse.
806 2745 933 2778 desunt
951 2745 1035 2778 haec
1052 2744 1088 2777 in
1107 2755 1137 2777 a.
1296 2752 1351 2788 ²5·
1377 2742 1698 2786 καταλαμβάνουσιν

115 2793 179 2829 Ht.
198 2794 266 2829 Ed.
285 2794 594 2839 καταλιμπάνουσιν
611 2791 808 2826 emendavit
826 2797 865 2825 ut
882 2790 1025 2825 adnotat
1043 2791 1116 2835 ipse
1135 2789 1230 2824 Aub.
