1971 3272
130 120 352 178 xi.12,13.
402 123 470 164 IN
503 124 545 165 S.
569 123 742 165 JOAN.
803 123 1040 165 LIB.VII.
1103 124 1490 166 FRAGMENTA.
1634 125 1718 166 269

130 232 426 297 ἀνθρωπίνης
451 236 612 302 ψυχῆς
638 231 725 296 τὴν
744 232 838 284 ἀπὸ
864 238 948 284 τοῦ
973 232 1198 297 σώματος
1224 233 1388 302 ἔξοδον
1415 236 1492 285 καὶ
1523 232 1719 302 σφόδρα

129 311 331 368 εἰκότως·
374 314 578 366 θάνατον
605 313 698 381 γὰρ
726 315 809 365 οὐκ
841 315 1048 383 ἠξίωσεν
1075 319 1216 366 εἰπεῖν
1243 318 1268 366 ὁ
1303 317 1471 369 κτίσας
1505 317 1580 366 ἐπὶ
1615 318 1714 383 ἀφ-

129 395 306 464 θαρσίᾳ
332 395 415 447 τὸν
441 396 705 462 ἄνθρωπον,
733 396 854 447 κατὰ
888 395 943 447 τὸ
977 396 1321 463 γεγραμμένον,
1349 399 1425 448 καὶ
1456 397 1718 463 σωτηρίους
1779 414 1943 454 Sa1›.i.14.

129 478 375 546 ἀναδείξας
406 477 490 532 τὰς
521 478 730 544 γενέσεις
765 484 849 529 τοῦ
885 478 1083 542 κόσμου.
1135 479 1266 543 πλὴν
1292 479 1396 530 ἔστι
1431 483 1506 529 καὶ
1537 478 1719 543 ἀληθὴς

87 560 155 612 5ὁ
194 560 358 625 λόγος·
408 561 550 614 ὕπνος
589 559 683 626 γὰρ
722 560 868 615 ὅντως
907 560 1038 627 παρὰ
1077 565 1187 631 Θεῷ
1226 563 1301 612 καὶ
1340 562 1497 627 ἕτερον
1528 561 1660 611 οὐδὲν
1694 561 1758 610 ὁο

128 640 420 709 πρόσκαιρος
466 643 600 706 ἡμῶν
644 648 727 693 τοῦ
771 643 995 706 σώματος
1037 643 1251 707 θάνατος,
1294 647 1431 714 ψιλῷ
1476 645 1550 694 καὶ
1590 642 1719 712 μόνῳ

128 725 509 790 καταργούμενος
560 724 751 788 νεύματι
801 727 885 789 τῆς
940 724 1060 776 κατὰ
1120 725 1271 794 φύσιν
1318 726 1450 792 ζωῆς,
1501 725 1720 776 τουτέστι

128 810 361 872 Χριστοῦ.
414 806 501 872 ὅρα
537 806 585 857 δὲ
619 806 690 857 ὅτι
726 807 810 857 οὐκ
844 805 943 858 εἶπε
970 805 1185 874 Λάζαρος
1211 808 1413 859 ἀπέθανε
1439 809 1515 859 καὶ
1540 806 1716 873 πορεύ-

128 910 239 951 ομαι
277 890 550 952 ἀναστῆσαι
588 887 744 951 αὐτὸν,
777 888 911 939 ἀλλά
949 894 1074 958 φησι
1111 891 1399 958 Κεκοῖμητοιι,
1430 888 1485 942 τὸ
1526 912 1716 953 κομπα-

62 996 112 1022 10
128 969 294 1021 στικὸν
331 970 534 1040 φεύγων,
562 970 682 1038 πρὸς
723 971 951 1038 ἡμετέραν
989 973 1307 1023 διδασκαλίαν
1344 975 1422 1023 καὶ
1460 971 1714 1039 ὠφέλειαν·

128 1054 182 1103 οὐ
208 1052 302 1119 γὰρ
330 1052 388 1104 ἂν
414 1054 562 1107 οὕτως
588 1052 803 1120 ἀμυδρὰν
827 1055 925 1118 μετ’
955 1054 1253 1122 ἐπικρύψεως
1288 1054 1414 1123 ἠφίει
1450 1053 1628 1124 φωνὴν,
1657 1056 1720 1107 ὡς

126 1136 237 1199 μηδ’
267 1134 436 1189 αὐτοὺς
467 1136 675 1187 συνιέναι
709 1135 818 1190 τοὺς
849 1135 1064 1201 μαθητὰς
1090 1136 1174 1187 τὸν
1199 1136 1364 1202 λόγον.
1416 1137 1471 1187 οὐ
1500 1135 1595 1202 γὰρ
1627 1136 1718 1204 ἔφη

130 1217 399 1283 Πορεύομαι
445 1218 652 1284 ζωώσων
690 1217 718 1283 ἢ
765 1218 1058 1283 ἀναστήσων
1098 1217 1242 1270 αὑτὸν
1279 1220 1330 1269 ἐκ
1374 1223 1563 1286 νεκρῶν,
1605 1219 1763 1269 ἀλλ’(1

127 1300 385 1370 ἐξυπνίσων·
436 1300 551 1368 ὅπερ
589 1299 649 1365 ἧν
680 1298 828 1368 ἀργὸν
858 1300 971 1355 τέως
1009 1305 1073 1354 εἰς
1112 1301 1342 1369 ὑποψίαν.

59 1497 107 1536 15
131 1490 261 1536 Εἶπον
302 1492 376 1536 οὖν
415 1492 453 1536 οἱ
496 1495 684 1544 μαΘΗταί
728 1495 858 1538 αὐτοῦ
901 1494 1038 1553 Κύριε,
1076 1492 1112 1536 εἰ
1156 1494 1420 1547 κεκοίμΗται,
1457 1495 1785 1538 σωθήσεται.η

195 1575 343 1635 εἷ’ρΗκε
388 1577 434 1619 δὲ
477 1578 499 1620 ὁ
540 1578 709 1620 ἸΗσοῦε
752 1577 849 1635 Περὶ
898 1582 972 1620 τοῦ
1023 1578 1212 1620 θανάτου
1261 1579 1408 1620 αὐτοῦ·
1465 1576 1623 1621 ἐκεῖνοι
1671 1578 1717 1620 δὲ
1742 1591 1788 1627 13

194 1661 350 1705 ἔδοξαν
387 1663 454 1704 ὅτι
491 1661 589 1719 Περὶ
626 1664 704 1703 τῆς
743 1663 986 1710 κοιμήσεως
1023 1665 1097 1703 τοῦ
1136 1663 1270 1703 ὕπνου
1307 1662 1436 1709 λέγει.

199 1787 397 1837 Ἐκεῖνοι
425 1785 473 1838 δὲ
498 1785 563 1851 μὴ
592 1786 850 1852 νοήσαντες
876 1793 959 1838 τοῦ
986 1786 1135 1852 λόγου
1159 1786 1246 1851 τὴν
1266 1786 1475 1851 δύναμιν,
1493 1786 1720 1856 ᾠήθησαν

127 1867 210 1919 τὸν
235 1869 428 1933 Ἰησοῦν
453 1869 608 1935 λέγειν
635 1874 728 1938 περὶ
759 1871 1002 1937 κοιμήσεως
1029 1870 1172 1931 ὕπνου,
1202 1867 1252 1922 ὃς
1277 1871 1350 1920 ἐπὶ
1378 1868 1432 1920 τὸ
1466 1867 1594 1920 πολὺ
1624 1874 1720 1922 τοῖς

56 1972 108 1998 20
127 1951 389 2018 ἀῤῥώστοις
416 1952 709 2014 συμβαίνων,
727 1951 998 2002 ἀνάπαυσιν
1016 1955 1152 2002 ποιεῖ’
1192 1949 1263 2001 διό
1284 1955 1437 2019 φασιν
1460 1952 1564 2001 Οὐκ
1591 1949 1721 2019 ἀξιό-

126 2039 273 2098 λογος
305 2033 332 2096 ἡ
368 2032 531 2102 ἄφιξις
568 2038 651 2083 τοῦ
688 2033 909 2101 ἄφυπνον
934 2035 1133 2097 ποιῆσαι
1159 2031 1242 2083 τὸν
1269 2031 1504 2099 Λάζαρον·
1546 2034 1600 2083 οὐ
1626 2032 1720 2099 γὰρ

126 2114 368 2182 ἐπωφελὲς
395 2114 449 2164 τὸ
475 2115 724 2183 ἐξυπνίσαι
750 2115 1012 2182 ἀῤῥωστον.
1052 2120 1201 2166 ταῦτα
1228 2114 1276 2166 δὲ
1303 2113 1486 2180 ἐ’λεγον,
1514 2114 1719 2183 ἐγκόψαι

127 2195 270 2247 αὐτὸν
295 2195 581 2261 βουλόμενοι
614 2199 698 2261 τῆς
734 2198 858 2259 ὁδοῦ,
885 2198 1107 2263 λέγοντες
1143 2196 1214 2248 ὅτι
1240 2198 1323 2248 οὐκ
1350 2197 1484 2265 ἄξιον
1510 2198 1558 2247 ἐν
1583 2197 1717 2267 με’σῳ
1735 2220 1757 2247 e

178 2377 207 2400 Ι.
232 2367 292 2399 τοῦ
310 2377 379 2399 om.
398 2377 429 2399 c.
449 2365 556 2400 Cord.
577 2366 635 2400 Cr.
656 2365 716 2400 Sed
733 2365 839 2400 habet
855 2366 878 2400 l.
954 2366 1008 2400 καὶ
1026 2366 1165 2410 σφόδρα
1183 2365 1317 2401 εἷκότως
1337 2364 1481 2411 [εἰκότος
1497 2365 1577 2408 (Sic)
1593 2363 1642 2410 c.]
1663 2377 1718 2400 as-

128 2418 309 2456 sumptum
329 2425 369 2446 ex
388 2412 482 2447 b.c.1.
502 2413 609 2447 Cord.
626 2412 685 2447 Cr.
788 2424 820 2447 2.
847 2412 898 2447 ἐπ’
916 2412 1096 2458 ἀφθαρσίᾳ
1114 2425 1143 2446 a.
1164 2413 1218 2447 ἐπὶ
1236 2413 1437 2458 ἀφθαρσίαν
1453 2424 1500 2445 m.
1519 2412 1566 2447 εἷς
1582 2412 1718 2456 ἀφθαρ·

128 2461 207 2493 <ricus
226 2459 317 2493 b.c.l.
338 2458 445 2493 Cord.
464 2459 524 2494 Cr.
632 2471 665 2504 3.
692 2460 732 2493 τὰ
750 2461 858 2493 πάντα
875 2471 939 2504 pro
956 2460 1014 2493 τὸν
1030 2459 1208 2503 ἄνθρωπον
1223 2459 1259 2493 1).
1262 2460 1317 2493 ε..1
1338 2458 1445 2493 Cord.
1466 2458 1523 2492 Cr.
1591 2458 1717 2493 Statim

127 2506 270 2539 θάνατον
285 2506 352 2550 γὰρ
375 2507 392 2539 ὁ
417 2506 502 2541 Θεὸς
526 2506 585 2540 οὐκ
611 2506 751 2549 ἐποίησε
771 2506 852 2540 add.
871 2518 932 2546 m.,
951 2506 1010 2551 qui
1020 2507 1169 2563 wpaullo
1175 2512 1255 2550 post
1275 2507 1329 2539 καὶ
1347 2505 1716 2549 σωτηρίους-κόσμου

127 2552 269 2585 omittit.
374 2565 406 2594 4.
432 2553 522 2596 πλὴν
539 2551 661 2598 ἕστι]’
651 2554 726 2586 ε’στι
742 2553 808 2597 γὰρ
827 2552 862 2586 b.
866 2553 920 2586 c.].
940 2552 999 2586 Cr.
1018 2553 1114 2586 ἔστιν
1131 2551 1189 2586 οὐν
1208 2552 1315 2586 Cord.
1424 2561 1457 2596 5.
1485 2551 1617 2585 ουδέν”
1599 2565 1716 2595 ετερον

127 2598 267 2632 inverso
285 2597 406 2631 ordine
423 2599 446 2632 1.
678 2600 711 2632 8.
737 2602 890 2642 Χριστοῦ
908 2599 980 2632 des.
1000 2598 1033 2632 1)
1039 2611 1068 2632 c.
1072 2599 1107 2653 k.
1111 2599 1135 2633 1.
1153 2598 1259 2632 Cord.
1280 2597 1338 2632 Cr.
1390 2597 1585 2631 Praemittit
1601 2600 1661 2630 τοῦ
1680 2597 1714 2631 b.

129 2645 213 2679 Post
233 2645 364 2678 scholia
380 2645 456 2684 alia,
474 2645 596 2689 incipit
615 2645 757 2679 ἐνταῦθα
773 2645 887 2687 μέντοι
905 2659 958 2679 και
976 2644 1016 2678 δι’
1035 2645 1152 2688 ἑτεραν
1169 2645 1277 2678 αἰτίαν
1294 2645 1353 2678 οὐκ
1371 2642 1441 2678 εἶπε
1459 2656 1507 2678 m.
1602 2655 1635 2687 9.
1661 2658 1713 2677 κε-

127 2692 281 2735 κοίμηται
306 2691 396 2736 φησὶ
422 2703 452 2724 a.
471 2693 562 2736 φησι
587 2703 656 2725 om.
675 2703 723 2725 m.
797 2691 922 2725 Statim
948 2691 966 2734 ἡ
993 2691 1031 2725 δέ
1055 2692 1150 2725 ἐστιν
1165 2690 1218 2724 ἵνα
1242 2691 1280 2724 τὸ
1306 2691 1537 2735 κομπαστικὸν
1553 2689 1646 2735 φύγῃ
1665 2702 1714 2725 tn.

131 2749 145 2772 1
156 2749 184 2772 1.
211 2736 300 2783 μετ’]
320 2738 403 2780 μετὰ
420 2738 515 2771 Aub.
639 2748 692 2781 15.
719 2735 964 2781 εἷπον-Κύριε
982 2743 1204 2781 assumptum
1222 2748 1264 2770 ex
1281 2748 1311 2770 a.
1316 2737 1351 2770 k.
1474 2736 1527 2776 16,
1551 2745 1589 2769 1·
1577 2755 1603 2781 l·
1631 2736 1663 2769 V
1665 2748 1713 2771 er.

110 2825 112 2827 v
132 2796 173 2830 13
196 2784 316 2818 addidi
334 2796 351 2817 e
369 2785 416 2824 k„
435 2784 492 2818 fav
494 2790 573 2818 ente
590 2796 620 2818 a.
765 2795 818 2829 19.
843 2784 957 2828 λέγειν
975 2790 1053 2828 post
1070 2783 1175 2818 ὕπνου
1192 2783 1390 2827 transponit
1406 2794 1455 2816 m.
1520 2783 1558 2817 τὸ
1576 2795 1645 2817 orn.
1664 2795 1713 2819 m.

131 2843 186 2866 20.
210 2831 430 2876 ἀρρωστουσι
449 2842 496 2865 m.
789 2841 845 2864 21.
869 2829 1004 2875 ἄφιξις]
1030 2834 1065 2871 -1-
1086 2830 1163 2863 οὐδὲ
1180 2830 1361 2865 λυσιτελὲς
1378 2827 1448 2863 οὐδ’
1466 2829 1646 2875 ἀναγκαῖον
1664 2841 1712 2865 m.

129 2879 168 2912 οὐ
184 2879 250 2923 γὰρ
230 2890 315 2922 ρ.ῑΥ1
333 2878 411 2911 οὐδὲ
430 2877 515 2913 Nik.
534 2876 601 2912 Ed.
714 2887 770 2912 22.
795 2879 900 2911 ταῦτα
917 2876 971 2923 δέ]
991 2877 1045 2911 καὶ
1062 2879 1167 2911 ταῦτα
1183 2888 1231 2911 m.
1295 2876 1445 2922 ἐγκόψαι
1462 2875 1497 2911 k.
1500 2887 1548 2911 m.
1567 2876 1713 2922 ἐκκόψαι

131 2924 206 2959 Cat.
229 2925 328 2960 Harl.
348 2923 416 2959 Ed.
541 2935 596 2970 23.
621 2926 779 2970 λέγοντες
795 2935 866 2959 om.
884 2924 971 2958 k.m.
