2037 3266
282 301 303 339 5

282 461 304 495 6

284 753 306 780 θ

105 1415 189 1450 876
204 1413 253 1447 Α.
286 1422 308 1446 a

282 2069 309 2110 b

321 136 405 175 560
724 135 774 175 Β.
808 134 1086 175 CYRILLI
1128 133 1509 174 ALEXANDR.
1728 145 1796 169 xv.
1816 140 1853 181 5,
1873 127 1911 165 6-

319 296 435 344 ἘΓώ
469 295 551 345 εἰμι
589 296 611 338 ἡ
648 297 854 349 ἄμπελος,
880 295 997 346 ὑμεῖς
1033 298 1082 338 τα
1119 298 1329 345 κλήματα·
1367 297 1389 337 ὁ
1424 296 1565 344 μενων
1592 295 1635 335 ἐν
1662 293 1758 341 ἐμοὶ
1795 291 1912 338 και-ὼ

389 379 435 420 ἐν
480 379 609 433 αὐτῷ,
653 377 777 421 οὗτος
827 380 950 437 φέρει
1000 379 1163 435 καρπὸν
1213 379 1358 419 Πολύν·
1416 379 1481 419 ὅτι
1530 376 1659 433 χωρὶς
1708 376 1812 424 ἐμοῦ
1863 373 1910 414 οὐ

391 461 571 504 δύνασθε
604 460 742 504 Ποιεῖν
774 462 913 503 οὐδὲν.
961 462 1035 503 ἐὰν
1063 462 1118 510 μή
1158 478 1220 502 τις
1258 460 1379 518 μείνῌ
1416 461 1460 501 ἐν
1492 460 1599 510 ἐμοὶ,
1625 458 1786 508 ἐβλύΘΗ
1824 457 1912 499 ἔξω

391 546 451 586 ὡς
482 546 529 587 τὸ
559 549 700 594 κλιῖμα
736 546 804 586 καί
835 546 1068 602 ἐΞΗράνθΗ,
1103 544 1171 585 καὶ
1210 545 1460 591 συναΓουσιν
1488 544 1593 584 αὐτὰ
1633 542 1700 583 καί
1734 539 1794 582 εἷς
1828 543 1911 597 Πῦρ

391 629 609 679 βάλλουσι,
645 629 715 669 καὶ
754 628 930 672 καίεται.

396 741 700 811 Ἀναφανδὸν
727 742 751 792 ὁ
782 741 954 808 Κύριος
980 741 1112 804 ἡμῶν
1138 742 1325 804 Ἰησοῦς
1353 741 1377 790 ὁ
1405 738 1618 806 Χριστὸς
1644 737 1817 802 ταύτης
1844 759 1915 788 τοι

323 826 397 874 καὶ
439 823 583 888 μόνης
625 825 757 874 ἕνεκα
797 826 880 886 τῆς
924 823 1087 885 αἰτίας,
1127 821 1344 890 ἄμπελον
1382 821 1466 886 μὲν
1505 820 1669 872 ἑαυτὸν
1708 842 1915 871 κατωνο-

322 905 508 970 μάσθαι
544 907 710 973 φησὶν,
739 904 854 971 ὑπὲρ
889 910 973 955 τοῦ
1008 903 1215 955 συνιέναι
1251 908 1436 972 σαφῶς,
1464 903 1609 965 μόνον
1635 901 1682 952 δὲ
1709 902 1810 968 οὐχὶ
1838 902 1914 951 καὶ

323 993 419 1042 τοῖς
457 994 541 1039 τοῦ
578 988 801 1051 σώματος
839 989 1110 1056 ὀφθαλμοῖς
1149 989 1364 1049 κατιδεῖν,
1400 989 1462 1040 ὡς
1495 988 1543 1036 ἐν
1576 988 1724 1052 παχεῖ
1752 1006 1802 1034 τε
1838 984 1914 1034 καὶ

324 1073 537 1139 αἰσθητῷ
565 1072 640 1121 καὶ
668 1069 921 1139 φανοτάτῳ
950 1070 1059 1120 λίαν
1084 1069 1444 1135 παραδείγματι,
1472 1071 1534 1122 ὡς
1559 1073 1655 1121 τοῖς
1680 1064 1764 1130 μὲν
1791 1066 1915 1135 αὐτῷ

324 1157 677 1218 προσηλῶσθαι
711 1150 1034 1217 σπουδάζουσι
1066 1153 1141 1202 καὶ
1175 1151 1325 1219 ἀπρὶξ
1354 1150 1590 1214 ἑλομένοις
1623 1151 1911 1214 προσπεφυ-

324 1237 463 1297 κέναι,
490 1234 731 1301 περιέσται
759 1237 917 1286 καλῶς
942 1232 996 1284 τὸ
1034 1232 1272 1284 δύνασθαί
1301 1256 1351 1284 τε
1387 1235 1461 1284 καὶ
1497 1232 1761 1295 ἐπιτηδείως
1795 1229 1915 1297 ἔχειν

324 1315 442 1383 πρὸς
480 1315 566 1380 τὴν
599 1319 682 1379 τῆς
721 1317 885 1381 ἀρετῆς
924 1314 1192 1379 ἀποκύησιν
1231 1318 1306 1365 καὶ
1346 1314 1671 1383 καρποφοριάς
1709 1335 1915 1375 πνευμα-

325 1402 468 1461 τικῆς,
519 1398 894 1466 χορηγουμένους
946 1395 1179 1460 δηλονότι,
1233 1396 1445 1463 καθάπερ
1499 1399 1547 1446 ἐκ
1603 1393 1778 1460 μητρὸς
1833 1396 1916 1457 τῆς

326 1479 558 1544 ἀμπέλου,
585 1480 671 1544 τὴν
697 1480 753 1549 ἐξ
776 1481 916 1543 αὐτῆς
944 1479 1141 1542 δύναμιν
1168 1484 1229 1533 εἷς
1255 1478 1309 1530 τὸ
1337 1480 1569 1530 δύνασθαι
1596 1480 1670 1528 καὶ
1697 1479 1911 1542 ἐνεργεῖν·

326 1568 422 1616 τοῖς
461 1562 611 1628 γεμὴν
650 1562 1013 1624 ἀποσπωμένοις
1052 1560 1231 1628 ὥσπερ,
1262 1561 1364 1625 ἤτοι
1403 1559 1803 1624 διακεκομμένοις,
1835 1563 1917 1623 τῆς

327 1649 389 1698 εἷς
420 1645 560 1695 αὐτὸν
587 1644 802 1711 σχέσεως
838 1643 913 1694 διὰ
948 1649 1030 1694 τοῦ
1060 1686 1068 1695 .
1099 1687 1108 1695 .
1139 1686 1149 1695 .
1180 1687 1188 1695 .
1218 1647 1451 1709 τραπῆναι
1481 1686 1490 1694 .
1521 1684 1531 1694 .
1561 1686 1570 1694 .
1600 1686 1609 1694 .
1635 1640 1754 1708 πρὸς
1789 1641 1820 1692 ἃ
1853 1640 1918 1705 μὴ

327 1727 423 1777 δεῖν
449 1729 524 1776 καὶ
559 1730 619 1779 εἷς
654 1724 844 1794 ἀπῳδὸν
869 1727 935 1794 τῷ
962 1728 1071 1795 Θεῷ
1105 1727 1363 1787 πολιτείαν,
1390 1725 1580 1787 οὐδεμία
1612 1723 1697 1786 μὲν
1723 1722 1919 1787 δύναμις

327 1808 651 1876 ἐποφθήσεται
690 1810 771 1871 τῆς
811 1811 874 1861 εἷς
912 1807 1080 1873 ἀρετὴν
1120 1805 1501 1872 ἐπιτηδειότητος,
1540 1806 1651 1856 ἀλλ’
1694 1804 1797 1856 οὐδὲ
1836 1810 1919 1856 τοῦ

328 1890 562 1941 δύνασθαι
590 1895 686 1944 τοῖς
714 1893 763 1941 ἐκ
789 1893 871 1954 τῆς
898 1891 1219 1957 ἀγαθουργίας
1251 1890 1520 1956 διαπρέπειν
1547 1894 1756 1955 καρποῖς,
1783 1889 1918 1939 ε”σται

328 1973 377 2024 δὲ
413 1978 617 2037 μᾶλλον,
652 1974 714 2026 ὡς
749 1974 805 2041 ἐξ
839 1972 1046 2038 ἀνάγκης
1085 1971 1407 2038 ἀπαραιτήτου
1446 1970 1630 2033 λοιπὸν,
1657 1970 1712 2021 τὸ
1751 1973 1919 2038 χρῆναι

328 2053 578 2124 παμφάγῳ
606 2058 909 2106 δαπανᾶσθαι
937 2055 1063 2120 πυρί.
1106 2053 1160 2105 τὸ
1187 2053 1280 2119 γὰρ
1307 2053 1552 2120 ἄχρηστον
1573 2056 1635 2107 εἷς
1661 2053 1920 2121 εὐσέβειαν,

329 2136 587 2201 ἐπιτήδειόν
624 2161 726 2191 πως
765 2141 826 2190 εἷς
866 2136 920 2186 τὸ
960 2137 1090 2190 δίκας
1129 2133 1422 2187 ἀποτιννύειν
1461 2138 1597 2194 δοκεῖ,
1636 2133 1799 2201 ὥσπερ
1838 2135 1920 2186 οὖν

1936 1083 1985 1108 10

1938 1913 1986 1937 20

329 2219 494 2283 ἀμέλει
538 2221 612 2271 καὶ
656 2218 710 2270 τὸ
750 2217 949 2269 αὐανθέν
990 2220 1037 2268 ἐν
1076 2216 1292 2281 κλήμασι
1332 2215 1462 2286 μόνῳ
1505 2215 1745 2283 χρήσιμον
1783 2216 1919 2267 ἔσται
1976 2248 1979 2250 -

330 2302 459 2367 πυρί.

407 2383 589 2443 Λάβοις
628 2384 671 2433 δ’
699 2381 757 2433 ἀν
788 2386 883 2432 τῶν
915 2381 1167 2447 εἰρημένων
1199 2378 1534 2448 ἀναμφίλογόν
1560 2402 1610 2430 τε
1649 2380 1724 2429 καὶ
1762 2380 1918 2443 ἀληθῆ

331 2465 416 2529 τὴν
448 2463 702 2533 ἀπόδειξιν,
730 2465 783 2514 οὐ
821 2462 906 2517 τὰς
941 2467 1036 2513 τῶν
1071 2463 1278 2529 ἀρχαίων
1310 2461 1457 2527 ἁγίων
1488 2460 1920 2527 περισκοπούμενος

332 2547 559 2617 κεφαλὰς,
585 2547 695 2596 ἀλλ’
725 2547 880 2598 αὐτοῖς
910 2546 1106 2613 ἐπαφεὶς
1136 2543 1221 2608 τὴν
1248 2542 1454 2594 διάνοιαν
1480 2547 1576 2595 τοῖς
1612 2542 1760 2607 ἁγίοις
1793 2543 1916 2592 ἀπο-

333 2629 545 2683 στόλοις.
600 2632 641 2679 οὶ
679 2627 766 2692 μὲν
801 2627 895 2693 γὰρ
933 2629 1016 2690 τῆς
1055 2630 1117 2679 εἷς
1154 2624 1371 2691 Χριστὸν
1404 2623 1591 2689 ἀγάπης
1630 2625 1728 2674 κατ’
1758 2622 1920 2673 οὐδένα

380 2766 413 2795 4.
440 2752 523 2785 αὐτὰ
543 2751 584 2784 Ε.
603 2751 682 2784 αὐτὸ
703 2750 769 2784 Ed.
959 2748 992 2783 6.
1019 2748 1110 2792 ἡμῶν
1127 2753 1350 2791 assumptum
1370 2759 1410 2780 ex
1431 2747 1472 2781 E.
1672 2756 1724 2779 10.
1750 2745 1859 2779 αὐτῶν
1877 2745 1918 2779 E.

337 2811 389 2841 14.
418 2797 669 2841 Legendumne.
686 2795 973 2841 χορηγουμένοιςὲ
1155 2806 1206 2839 17.
1234 2796 1254 2813 “
1269 2794 1364 2827 Inter
1381 2795 1440 2826 τοῦ
1459 2798 1490 2826 et
1508 2793 1593 2837 πρὸς
1611 2792 1761 2836 spatium
1780 2792 1859 2826 circ.
1878 2792 1919 2825 16

332 2846 526 2879 litterarum
549 2855 701 2878 vacuum
722 2843 918 2876 1·elictum.’'
938 2842 979 2875 E.
1023 2841 1179 2875 Verbum
1207 2842 1370 2884 τραπῆναι
1394 2839 1553 2884 supplevi
1578 2851 1618 2872 ex
1642 2850 1671 2880 a,
1691 2849 1801 2883 quum
1825 2837 1917 2871 enim

333 2891 433 2924 valde
451 2890 639 2928 abbreviat,
659 2889 799 2922 nonnisi
818 2890 917 2923 vacui
937 2895 1069 2933 partem
1091 2888 1251 2932 supplere
1269 2886 1525 2921 arbitrandum.
1578 2885 1736 2919 Fortasse
1753 2885 1917 2928 τραπῆναι

332 2937 533 2977 βούλεσθαι,
553 2937 604 2970 vel
625 2936 781 2980 ἡρῆσθιιι.
