2037 3266
114 1973 222 2023 Supra

114 2028 134 2048 1.
155 2027 185 2057 3.

115 2225 223 2265 Supra

116 2279 184 2299 ver.
205 2278 216 2299 1
227 2278 238 2299 1
247 2293 253 2300 .

336 139 416 178 7141
737 139 787 180 B.
819 138 1091 179 CYRILLI
1132 138 1512 178 ALEXANDR.
1643 135 1742 177 xvii.
1765 135 1830 185 16,
1852 142 1916 183 17.

336 250 571 314 τηρηθῆναι
614 247 784 299 λοιπὸν
822 250 896 298 καὶ
941 247 1070 314 παρὰ
1112 249 1300 313 Πατρὸς
1339 248 1502 315 ἐρωτᾷ,
1543 246 1792 313 μονονουχὶ
1833 244 1914 294 λε’-

288 338 314 379 b
335 352 434 394 γων
459 327 526 380 ςΩ
561 327 762 395 πανάγιε
792 329 966 396 Πάτερ,
1000 333 1038 380 εἰ
1070 328 1157 394 μὲν
1194 328 1321 393 ἦσαν
1356 331 1403 380 ε”ν
1441 327 1622 398 κόσμῳ,
1661 325 1920 388 τουτέστιν,
2032 350 2037 401 3

335 414 372 462 εὶ
411 411 493 462 τὸν
531 413 579 462 ἐν
614 413 733 480 τῷδε
771 416 837 481 τῷ
876 411 1043 480 κόσμῳ
1079 411 1382 475 τετιμημένον
1413 410 1569 476 διέζων
1599 410 1717 471 βίον,
1745 411 1782 459 εἰ
1821 411 1921 460 ταῖς
2033 403 2035 411 ⁴

333 494 546 558 ἐπιγείοις
587 495 662 544 καὶ
701 493 1011 559 προσκαίροις
1050 493 1234 555 ἡδοναῖς
1274 490 1357 543 τὸν
1401 495 1565 542 οἰκεῖον
1603 489 1917 556 ἐγκατασπεί-

334 598 494 640 ροντες
537 581 660 637 νοῦν,
702 574 787 639 τὴν
832 573 1199 638 ἀκαλλεστάτην
1243 579 1327 624 τοῦ
1371 579 1578 639 πονηροῦ
1623 571 1921 640 κατέγραφον
1942 589 1964 627 5

336 655 499 724 ὥσπερ
541 656 663 708 ἶδεάν
703 658 751 707 ἐν
789 658 979 717 ἑαυτοῖς,
1022 657 1105 706 οὐκ
1150 654 1208 706 ἂν
1250 656 1429 723 ἐπεφύη
1469 655 1698 721 πειράζων
1738 656 1920 715 ἐκεῖνος,

337 739 448 789 ἀλλ’
478 740 575 789 οὐδ’
603 738 660 789 ἂν
686 743 781 792 τοῖς
817 739 945 791 ἰδίοις
981 737 1119 792 αὐτὸς
1153 738 1434 806 ἐξωπλίσθη
1460 738 1648 798 τέκνοις,
1675 739 1758 799 τῆς
1789 735 1918 786 ἐνού-

335 843 426 884 σης
466 821 591 889 αὐτῷ
631 818 931 888 φαυλότητος
970 821 1017 869 ἐν
1050 819 1204 872 αὐτοῖς
1242 818 1360 886 ἔχων
1392 818 1476 883 τὴν
1501 819 1713 882 μίμησιν·
1767 816 1921 881 ἐπειδὴ

336 902 383 952 δὲ
435 903 540 952 καθ’
582 902 834 966 ὁμοιότητα
879 904 954 952 καὶ
999 902 1129 952 αὐτοὶ
1176 900 1261 965 τὴν
1306 900 1434 965 ἐμὴν,
1473 900 1559 965 τὴν
1603 903 1651 951 ἐν
1695 904 1810 969 τῷδε
1855 904 1922 969 τῷ

296 1012 316 1036 c
337 983 501 1053 κόσμῳ
538 987 845 1049 διαγελῶντες
879 983 1078 1047 ἀπάτην,
1105 983 1197 1051 ἔξω
1227 1006 1275 1034 τε
1306 982 1472 1051 κόσμου
1498 982 1741 1049 γεγόνασι,
1768 983 1843 1033 καὶ
1867 981 1921 1033 τὸ
1946 1006 1994 1032 10

335 1069 417 1129 τῆς
470 1067 579 1130 ἐμῆς
625 1066 914 1131 ἀσυγκρίτου
966 1064 1278 1134 φαιδρότητος
1330 1064 1707 1133 διαφανέστατον
1754 1067 1923 1132 σχῆμα

336 1147 506 1198 λοιπὸν
549 1149 597 1198 ἐν
646 1148 824 1200 οἰκείοις
870 1147 1217 1210 ἀναμάττονται
1261 1146 1466 1212 τρόποις,
1511 1145 1707 1215 ἔφεδρόν
1752 1169 1802 1197 τε
1847 1145 1923 1196 διὰ

335 1234 474 1279 τοῦτο
511 1231 588 1279 καὶ
626 1229 983 1292 πολεμιώτατον
1011 1229 1173 1295 ἔχουσι
1212 1228 1293 1279 τὸν
1326 1230 1395 1279 ἀεὶ
1430 1233 1525 1282 τοῖς
1560 1228 1707 1294 ἁγίοις
1746 1229 1920 1293 ἐπιτρί-

336 1311 474 1376 ζοντα
518 1315 746 1373 σατανᾶν,
793 1314 1113 1376 διατηρεῖσθαι
1155 1311 1325 1361 λοιπὸν
1364 1312 1627 1376 ἀναγκαίως
1667 1310 1920 1373 βούλομαι·

335 1396 656 1459 διατηρεῖσθαι
696 1393 749 1444 δέ
780 1416 881 1446 πως
918 1394 1000 1443 οὐκ
1040 1392 1142 1443 ἐστι
1183 1394 1291 1460 διχα
1326 1416 1409 1456 της
1452 1393 1662 1453 ἀληθειας
1696 1396 1778 1457 τῆς
1818 1396 1922 1457 σῆς,
1947 1413 1993 1451 15

335 1497 579 1525 τουτεστιν
619 1476 744 1538 ἐμοῦ.
803 1477 893 1537 ειμὶ
934 1497 1028 1541 γαρ
1069 1474 1162 1540 ἐγὼ
1203 1474 1322 1525 κατὰ
1363 1474 1511 1570 φύσιν
1552 1473 1736 1534 &afflata
1775 1472 1924 1539 σὴ,ωώ

338 1555 557 1622 Πάτερ,
539 1580 563 1608 ο
590 1557 822 1619 ουσιώδης
848 1580 896 1607 τε
925 1560 999 1607 καὶ
1026 1556 1115 1622 ζῶν
1142 1579 1218 1606 και
1244 1557 1563 1610 ἐνυπόστατος
1591 1556 1760 1622 Λόγος

414 1640 510 1689 Καὶ
547 1640 679 1690 ταυτὶ
724 1638 808 1701 μὲν
847 1638 1003 1703 λέγειν
1047 1638 1228 1689 οἴεσθαι
1275 1642 1369 1689 δεῖν
1410 1639 1728 1703 ὑποτοπητεόν
1771 1637 1924 1689 αὐτόν·

293 1720 487 1782 (Ῑβλέπε
535 1719 584 1771 δὲ
625 1720 751 1773 ὅπως
798 1719 873 1771 διὰ
916 1719 1120 1782 πάντων,
1168 1723 1229 1773 ὡς
1280 1720 1388 1774 ε”πος
1438 1724 1595 1781 εἰπεῖν,
1640 1725 1734 1771 τῶν
1784 1721 1927 1771 αὐτοῦ

338 1801 498 1867 λόγων
524 1806 582 1869 τῇ
620 1808 703 1852 τοῦ
731 1802 921 1868 Πατρός
960 1802 1178 1870 ἐνεργείᾳ,
1204 1805 1261 1869 τῇ
1300 1801 1418 1852 κατά
1453 1825 1496 1852 τι
1529 1807 1644 1867 γοῦν
1677 1801 1921 1870 νοουμένῃ,
1947 1829 1996 1854 20

337 1883 391 1934 τὸ
455 1888 619 1934 οἰκεῖον
681 1884 1008 1949 παρεισδύσας
1067 1883 1343 1949 πρόσωπον,
1395 1882 1667 1950 συνεισάγει
1724 1884 1926 1946 πάντως,

337 1964 480 2016 ἐκεῖνό
518 1989 611 2017 που
649 1964 772 2033 τάχα
810 1965 1119 2032 παραδεικνυς
1153 1967 1326 2030 ἀληθὲς
1362 1965 1432 2016 ὅτι
1471 1973 1498 1994 “
1513 1965 1668 2017 πάντα
1700 1967 1754 2016 δι’
1784 1967 1926 2018 αὑτοῦ

339 2055 366 2078 “
391 2048 584 2114 ἐγένετο,
611 2050 685 2099 καὶ
717 2050 859 2116 χωρὶς
891 2049 1033 2099 αὐτοῦ
1059 2047 1240 2113 ἐγένετο
1267 2047 1370 2099 οὐδὲ
1399 2048 1491 2099 ἕν.”
1539 2050 1587 2098 ἐν
1613 2048 1698 2112 μὲν
1724 2049 1806 2099 οὖν
1831 2053 1928 2102 τοῖς

340 2131 496 2181 ὀπίσω
534 2128 692 2197 βραχὺ
718 2134 960 2196 τηρεῖσθαι
977 2130 1084 2183 τοὺς
1123 2130 1336 2194 μαθητὰς
1359 2129 1488 2196 παρὰ
1515 2136 1597 2181 τοῦ
1624 2132 1738 2181 ἰδίου
1763 2128 1928 2195 γεννή-

339 2235 475 2278 τορος
520 2213 567 2262 ἐν
611 2210 805 2275 ὀνόματι
845 2212 1099 2278 παρεκάλει
1142 2213 1208 2281 τῷ
1254 2211 1436 2263 δοθέντι
1482 2212 1624 2281 αὐτῷ·
1692 2214 1740 2262 ἐν
1779 2210 1833 2263 δέ
1875 2234 1928 2277 γε
1949 2228 1997 2266 25

341 2293 535 2355 τούτοις,
564 2294 600 2344 ἐν
633 2300 682 2366 τῇ
720 2292 906 2363 ἀληθείᾳ
938 2299 1020 2343 τοῦ
1050 2293 1242 2359 Πατρὸς
1277 2293 1363 2356 τὴν
1395 2292 1510 2360 ὑπὲρ
1548 2295 1702 2344 αὐτῶν
1740 2293 1929 2358 α’ίτησιν

341 2378 646 2441 πληροῦσθαι
679 2373 920 2434 βούλεται.
975 2375 1025 2424 τί
1054 2375 1135 2425 οὖν
1161 2374 1252 2440 ἄρα
1285 2376 1361 2426 καὶ
1395 2373 1532 2425 τοῦτό
1566 2376 1714 2437 ἐστιν,
1743 2374 1771 2440 ἢ
1796 2375 1844 2426 τί
1872 2374 1927 2426 τὸ

303 2456 562 2507 οποικίλον
594 2460 689 2507 τῶν
720 2456 880 2521 λόγων
914 2454 1172 2517 βούλεται;
1213 2457 1267 2506 οὐ
1305 2456 1416 2519 μίαν
1449 2457 1600 2508 οὖσαν
1631 2456 1929 2509 ἐπιδεικνύειν

342 2537 429 2602 τὴν
454 2537 585 2604 παρὰ
613 2537 805 2603 Πατρὸς
831 2537 1064 2604 ἐνέργειαν
1090 2539 1142 2588 δι’
1173 2539 1316 2589 αὑτοῦ
1343 2538 1627 2603 τελουμένην
1652 2540 1725 2590 ἐπὶ
1751 2543 1810 2607 τῇ
1836 2543 1931 2590 τῶν

344 2620 492 2685 ἁγίων
515 2622 701 2687 φειδοῖ;
746 2620 794 2669 ἐν
820 2618 904 2682 μὲν
939 2618 1032 2685 γὰρ
1067 2619 1269 2682 ἐκείνοις,
1308 2621 1356 2670 ἐν
1388 2619 1584 2682 ὀνόματι
1622 2626 1705 2671 τοῦ
1740 2619 1931 2687 Πατρὸς
1951 2638 2001 2674 30

344 2703 511 2767 χρῆναι
545 2700 701 2766 λέγων
727 2704 969 2766 τηρεῖσθαι
1002 2701 1109 2754 τοὺς
1142 2700 1370 2765 μαθητὰς,
1397 2705 1532 2752 οἱονεὶ
1558 2700 1611 2752 τὸ
1638 2704 1687 2753 ἐν
1712 2701 1829 2771 δόξῃ
1855 2705 1931 2754 καὶ

345 2782 535 2845 δυνάμει
573 2781 804 2846 θεότητος,
839 2785 922 2845 τῆς
963 2788 1045 2833 τοῦ
1084 2788 1256 2834 κακοῦν
1295 2781 1542 2836 ἐθέλοντος
1580 2783 1672 2851 ἔξω
1711 2784 1930 2849 γενέσθαι

396 2894 426 2916 1.
452 2880 560 2926 παρὰ]
581 2886 614 2921 -Ι-
636 2884 697 2916 τοῦ
715 2882 807 2917 Catt.
1002 2894 1054 2917 10.
1080 2883 1345 2927 διαγελάσαντες
1365 2882 1458 2916 Catt.
1652 2893 1703 2927 15.
1730 2884 1788 2917 οὐκ
1806 2885 1880 2918 ἔστι
1898 2896 1928 2918 a.

346 2928 423 2973 οὐχὶ
442 2928 547 2963 Cord.
565 2929 604 2962 οὐ
623 2928 688 2963 Ed.
898 2940 950 2973 19.
977 2930 1097 2963 ἑαυτοῦ
1116 2929 1208 2963 Catt.
1414 2940 1471 2974 32.
1499 2931 1619 2963 κακοῦν
1637 2930 1678 2963 E.
1698 2932 1798 2964 κακοῦ
1816 2930 1882 2964 Ed.
