2022 3272
112 145 194 185 xiv.
217 159 254 197 2,
275 161 312 201 3.
489 147 556 187 IN
600 147 642 186 S.
677 145 1016 186 JOANNEM.
1082 146 1144 184 Ll
1165 147 1207 184 13.
1244 145 1321 184 lx.
1613 146 1694 183 «105

668 263 694 285 ‘⁴
716 258 790 305 καὶ
821 255 1098 320 συνήγειρεν
1124 255 1244 318 ἡμᾶς
1280 256 1354 303 καὶ
1389 252 1699 303 συνεκάθισεν
1764 264 1897 304 1·:1‚}1.ii.

113 255 351 306 διδάσκων
379 259 545 325 φησὶν,
571 256 640 307 ὅτι
1762 308 1781 337 6

115 344 141 367 “
167 339 215 388 ἐν
245 343 340 391 τοῖς
379 338 666 404 ἐπουρανίοις
706 339 754 387 ἐν
786 338 1033 406 Χριστῴ.”
1088 337 1205 386 ἴδιον
1243 334 1328 399 μὲν
1367 335 1460 401 γὰρ
1499 337 1560 388 ὡς
1599 338 1700 403 Υἱῷ

113 420 233 470 κατὰ
261 420 410 488 φύσιν
438 419 635 487 ὑπάρχει
662 423 862 488 Χριστῷ
887 419 941 469 τὸ
977 421 1059 482 τῆς
1093 419 1362 484 συνεδρείας
1394 418 1596 485 ἀξίωμα,
1626 419 1699 466 καὶ
1719 442 1740 465 a
1775 432 1858 467 765
1873 430 1923 464 A.

113 501 200 566 τὴν
231 509 312 554 τοῦ
348 506 688 568 συγκαθῆσθαι
725 502 870 570 δόξαν
903 502 1028 570 αὐτῷ
1064 524 1112 551 τε
1151 500 1427 567 πρεπόντως
1464 502 1537 550 καὶ
1574 499 1703 568 μόνῳ

71 604 93 641 »2'1

115 586 305 648 ἀληθῶς
333 588 607 635 ἀνακεῖσθαι
636 584 875 653 φήσομεν.
930 583 984 634 τὸ
1019 582 1065 634 δὲ
1102 582 1226 637 ὅλως
1260 584 1367 633 καθ’
1397 583 1516 645 ἡμᾶς
1549 580 1701 646 ὑπάρ-

113 690 213 735 χειν
251 667 333 717 τὸν
373 667 715 733 συνεδρεύοντα
755 665 871 717 καθὸ
916 666 1126 734 πέφηνεν
1165 665 1415 732 ἄνθρωπος
1460 663 1578 727 μετὰ
1622 668 1705 713 τοῦ

115 754 325 801 νοεῖσθαι
362 751 436 800 καὶ
473 747 598 800 Θεὸν
632 751 681 799 ἐκ
715 752 856 810 Θεοῦ,
888 747 1191 813 παραπέμπει
1229 770 1330 800 πως
1369 749 1444 798 καὶ
1484 750 1546 800 εἱς
1585 746 1706 809 ἡμᾶς

114 832 200 895 τὴν
226 833 274 882 ἐκ
302 837 382 882 τοῦ
407 831 675 899 ἀξιώματος
701 830 855 897 χάριν.
912 833 948 880 εὶ
975 828 1068 895 γὰρ
1095 831 1171 879 καὶ
1196 828 1261 893 μὴ
1293 830 1417 897 αὐτῷ
1449 827 1700 894 συνεδρεύ-

113 937 265 978 σομεν
304 918 369 983 τῷ
414 914 586 979 Πατρί·
647 918 749 966 πῶς
795 911 890 978 γὰρ
935 910 989 961 τὸ
1035 914 1210 962 δοῦλον
1250 915 1313 964 εἷς
1358 910 1441 974 τὴν
1491 911 1602 974 ἴσην
1640 913 1707 979 τῷ

47 1023 94 1048 10
114 995 326 1064 δεσπότῃ
366 995 504 1060 τιμὴν
541 995 657 1046 ἀνίοι
698 996 849 1056 ποτέ,
907 994 1020 1044 ἀλλ’
1059 994 1140 1044 οὖν
1178 1016 1245 1058 γε,
1282 991 1368 1056 τὴν
1409 993 1483 1043 ἐπὶ
1523 991 1705 1058 θρόνων

114 1078 305 1129 κάθισιν
346 1082 442 1132 τοῖς
488 1078 638 1142 ἁγίοις
683 1076 1001 1142 ἐπηγγείλατο
1046 1079 1290 1138 μαθηταῖς.
1345 1076 1400 1103 “
1400 1073 1549 1125 Οταν
1590 1073 1702 1140 γὰρ,
1725 1087 1750 1128 b
1769 1081 1932 1156 {³122}st

115 1168 142 1191 “
167 1163 332 1229 φησὶν,
376 1162 400 1211 ὁ
448 1159 543 1213 υἱὸς
586 1165 669 1210 τοῦ
713 1158 966 1225 ἀνθρώπου
1011 1159 1187 1225 καθίσῃ
1227 1159 1301 1208 ἐπὶ
1348 1157 1517 1223 θρόνου
1564 1155 1707 1224 δόξης

115 1251 141 1273 “
170 1244 328 1306 αὑτοῦ,
355 1244 430 1293 καὶ
466 1243 592 1306 ὑμεῖς
627 1242 884 1292 καθίσεσθε
918 1242 992 1291 ἐπὶ
1029 1240 1209 1290 δώδεκα
1244 1238 1438 1305 θρόνους
1474 1238 1708 1304 κρίνοντες

115 1332 142 1355 “
169 1324 252 1378 τὰς
299 1324 479 1375 δώδεκα
523 1322 682 1392 φυλὰς
727 1328 809 1374 τοῦ
849 1321 1097 1388 Ἰσραήλ.”
1159 1323 1325 1372 οὐκοῦν
1366 1319 1703 1388 ἀνοιχήσομαι,

48 1427 94 1466 15
116 1409 280 1476 φησὶν,
308 1407 361 1457 οὐ
386 1405 534 1471 μονὰς
558 1407 665 1469 ὑμῖν
692 1404 976 1469 ἑτοιμάσων·
1023 1406 1115 1454 εἶσὶ
1152 1403 1247 1470 γὰρ
1282 1404 1372 1467 ἤδη
1407 1404 1602 1465 πολλαὶ,
1631 1403 1707 1453 καὶ

114 1489 168 1540 τὸ
199 1491 655 1552 ἐπικαινοτομεῖσθαι
691 1492 748 1555 τῇ
785 1488 931 1538 κτίσει
962 1485 1196 1553 περιττόν·
1242 1486 1629 1551 προευτρεπίσων
1656 1483 1705 1534 δὲ

113 1570 261 1622 τόπον
300 1572 406 1635 ὑμῖν
446 1576 530 1621 τοῦ
569 1568 683 1620 εἶναι
722 1568 956 1620 δύνασθαι
996 1567 1167 1620 λοιπὸν
1205 1567 1385 1636 ἀναμὶξ
1419 1572 1516 1621 τοῖς
1557 1567 1706 1632 ἁγίοις

114 1652 338 1719 ἀγγέλοις
376 1652 483 1706 τοὺς
521 1651 658 1706 ὄντας
697 1653 771 1703 ἐπὶ
809 1654 892 1715 τῆς
925 1653 1025 1716 γῆς,
1053 1650 1129 1700 διὰ
1163 1649 1249 1714 τὴν
1282 1649 1705 1713 μεσολαβήσασαν

114 1736 360 1802 ἁμαρτίαν·
413 1735 467 1785 οὐ
490 1733 585 1800 γὰρ
611 1732 671 1785 ἂν
695 1734 865 1802 ἐμίχθη
891 1738 986 1786 τοῖς
1012 1733 1132 1783 οὕτω
1159 1731 1388 1795 βεβήλοις
1414 1732 1441 1795 ἡ
1470 1733 1583 1797 ἁγία
1609 1735 1703 1782 τῶν

47 1841 95 1865 20
116 1817 212 1868 ἄνω
247 1817 452 1882 πληθύς·
494 1816 805 1883 κατορθώσας
842 1818 890 1866 δέ
923 1821 1077 1877 τοῦτο,
1104 1817 1179 1865 καὶ
1214 1814 1442 1883 συνάψας
1477 1818 1573 1866 τοῖς
1606 1813 1741 1865 ἄνωο

115 1922 198 1950 τον
222 1897 363 1961 κάτω,
389 1897 537 1949 τόπον
564 1897 612 1947 δε
639 1896 746 1952 δοὺς
772 1896 941 1947 ἀνόδου
967 1899 1049 1960 τῆς
1076 1900 1138 1950 εἷς
1162 1895 1249 1959 τὴν
1275 1896 1371 1946 ἄνω
1405 1893 1548 1946 πόλιν
1576 1895 1700 1957 ὑμῖν,

117 1981 261 2032 πάλιν
278 1979 498 2048 ἐπανήξω
524 2002 643 2030 κατα
668 2002 752 2029 τον
767 1981 849 2042 τῆς
874 1978 1245 2043 παλιγγενεσίας
1271 2000 1432 2042 καιρον
1454 2001 1530 2028 >wc
1552 1999 1706 2044 παροι-

117 2059 384 2131 λήψομαι
366 2063 485 2129 υμᾶς
511 2059 616 2124 μεθ’
645 2061 823 2121 ἑαυτου,
847 2060 919 2110 ίνοι
948 2059 1053 2110 ’σπου
1092 2064 1179 2128 εἰμι
1217 2058 1305 2125 ἐγω
1343 2082 1420 2110 και
1459 2061 1580 2125 υιιεῖς
1616 2063 1702 2117 ἦτε.

118 2143 143 2195 ὃ
182 2167 258 2195 και
297 2166 453 2197 συνεις
491 2143 515 2193 ὁ
557 2146 754 2196 Παῦλος
792 2143 840 2192 ἐν
879 2142 1064 2194 οἰκείαις
1103 2143 1378 2194 ἐπιστολαῖς
1418 2142 1538 2191 οὕτω
1583 2139 1714 2209 φησί

49 2233 146 2282 25·“
173 2230 329 2277 Τοῦτο
367 2224 460 2291 γὰρ
500 2225 607 2287 ὑμῖν
645 2223 849 2288 λε’γομεν
888 2225 936 2274 ἐν
975 2222 1108 2292 λόγῳ
1150 2223 1341 2290 Κυρίου,
1382 2221 1453 2273 ὅτι
1494 2222 1623 2286 ἡμεῖς
1666 2224 1708 2272 οἱ
1766 2224 1932 2308 ἰῙῩΊζῙξῖΞῙΞὲ·

117 2314 145 2337 “
174 2306 340 2373 ζῶντες
380 2311 423 2358 οἱ
458 2305 837 2371 περιλειπόμενοι
873 2308 936 2359 εἷς
974 2304 1061 2369 τὴν
1100 2304 1370 2371 παρουσίαν
1405 2309 1489 2355 τοῦ
1532 2303 1708 2368 Κυρίου
1803 2288 1852 2309 ⁰³

118 2396 146 2418 ‘⁶
171 2390 225 2439 οὐ
251 2388 315 2453 μὴ
344 2387 609 2456 φθάσωμεν
634 2386 742 2442 τοὺς
777 2387 1096 2452 κοιμηθέντας,
1125 2387 1196 2438 ὅτι
1223 2386 1364 2440 αὐτὸς
1396 2387 1421 2437 ὁ
1451 2385 1627 2452 Κύριος
1661 2386 1710 2435 ἐν

120 2477 147 2500 “
173 2469 472 2533 κελεύσματι,
505 2471 554 2520 ἐν
589 2471 726 2537 φωνῇ
765 2468 1074 2537 ἀρχαγγέλου
1113 2471 1189 2520 καὶ
1228 2470 1276 2519 ἐν
1309 2467 1551 2533 σάλπιγγι
1585 2471 1755 2519 Θεοῦᾶ

121 2557 148 2580 “
173 2551 497 2615 καταβήσεται
535 2550 614 2601 ἀπ’
644 2551 859 2616 οὐρανοῦ,
890 2553 965 2601 καὶ
1004 2553 1047 2600 οἱ
1087 2552 1238 2616 νεκροὶ
1278 2552 1325 2600 ἐν
1352 2553 1553 2617 Χριστῷ
1588 2551 1707 2599 ἀνα-

52 2653 102 2689 30
122 2640 148 2663 “
175 2631 442 2697 στήσονται
479 2636 682 2697 πρῶτον,
709 2632 868 2682 ε”πειτα
906 2632 1036 2695 ἡμεῖς
1076 2635 1117 2682 οὶ
1156 2632 1322 2697 ζῶντες
1361 2634 1402 2680 οἱ
1441 2628 1705 2695 περιλειπό-

122 2722 149 2744 “
174 2738 306 2779 μενοι
356 2713 454 2777 ἅμα
503 2712 594 2764 σὺν
639 2714 793 2766 αὐτοῖς
845 2712 1225 2778 ἁρπαγησόμεθα
1273 2714 1321 2762 ἐν
1373 2710 1595 2779 νεφέλαις
1647 2714 1709 2765 εἷς

176 2872 230 2905 13.
257 2860 450 2904 καθήσεσθε
469 2859 511 2894 Ε.
585 2859 714 2903 θρόνων
732 2859 773 2892 Ε.
937 2857 989 2892 16.
1016 2856 1069 2903 δέ]
1090 2858 1143 2891 καὶ
1162 2858 1202 2891 Ε.
1366 2868 1420 2890 21.
1447 2858 1504 2890 τὸν
1523 2856 1564 2890 Ε.
1583 2857 1623 2890 τὰ
1643 2856 1710 2891 Ed.

127 2918 182 2952 23.
208 2907 247 2941 ἵν’
267 2907 309 2940 Ε.
454 2917 509 2948 24.
536 2904 691 2950 Παῦλος]
717 2910 751 2946 4-
774 2904 882 2950 ὀρθῶς
901 2905 941 2939 Ε.
1093 2914 1148 2948 27.
1173 2904 1363 2949 φθάσωμεν
1382 2903 1423 2937 Ε.
1442 2903 1625 2949 φθάσομεν
1644 2902 1711 2937 Ed,

129 2965 184 2998 29.
210 2953 265 2988 ἀπ’
285 2953 364 2987 Ε.’
345 2954 411 2987 απὸ
430 2952 496 2987 Ed.
