2022 3272
114 146 180 174 xv.
204 146 236 173 1.
358 134 432 174 IN
474 134 518 175 S.
551 133 890 176 JOANNEM.
953 135 1081 176 LIB.
1115 136 1166 177 X.
1229 136 1364 177 CAP.
1400 135 1461 176 ΙΙ.
1617 134 1698 173 535

116 240 199 270 αθ

115 323 271 390 ἕτερον
303 325 358 375 δέ
389 348 491 376 τινα
529 325 706 393 τρόπον
742 329 1088 389 οἰκοδομεῖσθαι
1127 326 1245 392 πρὸς
1284 331 1422 378 τοῦτο
1460 323 1524 388 μὴ
1564 322 1703 374 δυνά-

115 428 258 469 μενοι,
286 411 321 457 εὶ
349 407 413 471 μὴ
441 408 634 474 γέγονεν
660 410 770 473 ἡμῖν
797 409 1011 472 θεμέλιος
1038 410 1062 459 ὁ
1090 407 1316 475 Χριστός·
1359 409 1479 458 οὕτω
1507 405 1706 457 κάνθάδε

116 487 236 538 κατὰ
277 488 363 553 τὴν
407 491 518 554 ἴσην
563 497 645 542 τοῦ
690 491 920 556 νοήματος
963 491 1236 556 ἀναλογιάν,
1283 491 1498 553 ἄμπελον
1544 486 1708 538 ἑαυτὸν

74 581 96 619 5
117 567 236 621 εἶναί
263 576 386 640 φησι
419 578 513 623 τῶν
538 574 595 642 ἐξ
626 575 768 638 αὐτῆς
804 572 1060 638 κλημάτων
1088 575 1149 626 ὡς
1185 573 1363 639 μητέρα
1398 574 1473 622 καὶ
1509 568 1705 638 τροφόν.

116 653 486 719 ἀνεγεννήθημεν
524 655 617 722 γὰρ
656 656 711 725 ἐξ
746 658 888 707 αὐτοῦ
925 679 971 707 τε
1009 658 1083 706 καὶ
1125 657 1173 706 ἐν
1213 656 1339 724 αὐτῷ
1379 656 1426 705 ἐν
1468 653 1709 715 Πνεύματι

115 733 234 800 πρὸς
260 739 587 806 καρποφορίαν
615 738 744 804 ζωῆς,
767 739 871 805 οὐχὶ
898 741 979 802 τῆς
1006 739 1205 804 ἀρχαίας
1233 738 1307 787 καὶ
1334 740 1558 797 παλαιᾶς,
1579 733 1711 785 ἀλλά

116 819 199 880 τῆς
247 819 296 868 ἐν
341 818 576 884 καινότητι
619 821 826 874 πίστεώς
870 844 918 871 τε
966 823 1042 871 καὶ
1087 818 1276 885 ἀγάπης
1317 822 1398 883 τῆς
1443 823 1504 872 εἷς
1545 815 1704 867 αὐτόν.

118 901 458 966 διατηρούμεθα
510 902 558 953 δὲ
609 901 728 968 πρὸς
771 901 825 953 τὸ
873 902 994 970 ἔχειν
1041 901 1094 952 τὸ
1143 899 1270 964 εἶναι,
1314 897 1709 968 προσπεφυκότες·

51 1001 99 1025 10
118 981 280 1049 ὥσπερ
331 984 456 1053 αὐτῷ
508 987 584 1035 καὶ
630 985 780 1053 ἀπρὶξ
821 983 1032 1052 ἐχόμενοι
1077 987 1159 1048 τῆς
1205 982 1553 1050 παραδοθείσης
1597 982 1748 1045 ἡμῖνο

119 1064 256 1130 ἁγίας
297 1066 491 1130 ἐντολῆς
536 1068 611 1117 καὶ
655 1066 731 1117 διὰ
774 1072 857 1117 τοῦ
903 1066 1071 1133 σώζειν
1116 1066 1387 1131 ἐπείγεσθαι
1431 1064 1485 1115 τὸ
1530 1065 1579 1114 ἐκ
1624 1066 1706 1126 τῆς

119 1147 344 1213 εὐγενείας
386 1147 580 1214 ἀγαθὸν,
619 1149 847 1210 τουτέστι,
888 1148 963 1199 διὰ
1014 1154 1095 1199 τοῦ
1147 1147 1211 1212 μὴ
1254 1147 1504 1214 ἀνέχεσθαι
1545 1150 1709 1197 λυπεῖν

119 1229 239 1279 κατά
263 1253 307 1280 τι
333 1235 448 1295 γοῦν
475 1230 598 1284 ὅλως
634 1230 688 1282 τὸ
722 1229 980 1281 ἐνοικισθὲν
1007 1231 1116 1294 ἡμῖν
1131 1229 1306 1295 ”Αγιον
1336 1234 1542 1293 Πνεῦμα,
1571 1229 1626 1278 δι’
1655 1227 1709 1278 οὗ

120 1317 348 1363 κατοικεῖν
390 1313 438 1362 ἐν
483 1313 592 1376 ἡμῖν
634 1317 804 1363 νοεῖται
850 1311 988 1366 Θεός.
1066 1311 1186 1362 κατὰ
1236 1312 1338 1362 τίνα
1389 1310 1482 1377 γὰρ
1532 1309 1709 1376 τρόπον

53 1407 100 1444 15
120 1392 264 1456 ἐσμὲν
299 1396 347 1445 ἐν
380 1399 581 1464 Χριστῷ
626 1398 700 1446 καὶ
741 1393 879 1448 αὐτὸς
917 1396 965 1445 ἐν
1004 1395 1126 1458 ἡμῖν,
1161 1393 1299 1447 αὐτὸς
1338 1393 1447 1457 ἡμῖν
1488 1394 1512 1444 ὁ
1551 1391 1708 1460 σοφὸς

119 1473 339 1540 Ἰωάννης
366 1478 581 1546 ἐπιδείξει
613 1477 767 1543 λέγων
794 1484 822 1506 “
840 1478 926 1528 Ἐν
951 1477 1101 1546 τούτῳ
1136 1476 1431 1542 γινώσκομεν
1458 1475 1528 1526 ὅτι
1563 1473 1707 1537 ἐσμὲν

121 1564 148 1586 “
173 1558 221 1608 ἐν
252 1559 377 1628 αὐτῷ
415 1562 490 1610 καὶ
529 1560 668 1614 αὐτὸς
706 1562 754 1611 ἐν
788 1560 914 1624 ἡμῖν,
945 1561 994 1610 ἐκ
1029 1565 1112 1610 τοῦ
1142 1559 1415 1623 Πνεύματος
1451 1559 1503 1609 οῦ
1539 1559 1708 1609 ε”δωκεν

121 1647 150 1670 “
175 1640 327 1704 ἡμῖν,”
367 1645 442 1693 καὶ
486 1642 635 1694 πάλιν
674 1649 701 1672 “
727 1643 812 1693 Ἐν
850 1641 1000 1712 τούτῳ
1044 1641 1342 1708 γινώσκομεν
1382 1641 1452 1692 ὅτι
1496 1643 1545 1692 ἐν
1583 1641 1747 1709 ath-(5321

122 1729 150 1752 ‘⁶
173 1724 334 1788 ἐσμεν·
393 1726 417 1775 ὀ
466 1725 621 1790 λέγων
665 1727 713 1776 ἐν
757 1726 883 1795 αὐτῷ
925 1725 1076 1788 μένειν
1120 1726 1301 1793 ὀφείλει
1345 1724 1498 1778 καθὼς
1543 1725 1710 1777 ἐκεῖνος

52 1824 103 1849 20
123 1813 150 1835 “
174 1806 490 1873 περιεπάτησε
535 1810 610 1858 καὶ
653 1807 791 1861 αὐτὸς
834 1808 1144 1873 περιπατεῖν·”
1203 1805 1228 1857 ὃ
1276 1809 1351 1857 καὶ
1390 1812 1487 1860 τοῖς
1532 1809 1710 1872 ἀκροω-

121 1888 276 1952 μένοις
315 1890 618 1958 σαφέστερον
653 1889 882 1942 καθιστὰς
920 1890 1042 1939 οὕτω
1083 1890 1205 1957 φησὶ
1245 1888 1393 1940 πάλιν
1420 1895 1447 1917 “
1466 1890 1528 1939 Ὁ
1555 1892 1710 1954 τηρῶν

123 1977 151 2000 “
177 1970 261 2024 τὰς
295 1969 490 2024 ἐντολὰς
527 1971 669 2021 αὑτοῦ
703 1972 750 2020 ἐν
782 1971 906 2039 αὐτῷ
941 1970 1077 2033 με’νει,
1104 1973 1178 2021 καὶ
1215 1969 1353 2023 αὐτὸς
1387 1971 1436 2020 ἐν
1463 1971 1629 2039 αὐτῲ.”
1673 1973 1710 2020 εἷ

123 2052 218 2120 γὰρ
255 2054 283 2117 ἡ
321 2052 520 2118 τήρησις
557 2057 652 2103 τῶν
691 2054 898 2103 ἐντολῶν
937 2053 1022 2116 τὴν
1061 2057 1122 2105 εἷς
1161 2052 1303 2102 αὐτὸν
1337 2051 1530 2117 ἀγάπην
1563 2052 1707 2118 ἐργά-

123 2136 259 2203 ζεται,
286 2135 570 2199 κολλώμεθα
598 2134 646 2186 δὲ
678 2134 752 2186 διὰ
786 2138 868 2198 τῆς
903 2135 1089 2200 ἀγοίπης
1123 2136 1262 2203 αὐτῷ,
1288 2139 1389 2188 πῶς
1421 2135 1502 2185 οὐκ
1537 2133 1712 2198 ἀληθὲς

55 2233 104 2272 25
124 2221 172 2270 ἐν
209 2218 390 2272 τούτοις
432 2219 646 2286 φαίνεται
683 2217 737 2269 τὸ
779 2217 1046 2282 εἰρημένον,
1103 2217 1244 2283 ὅνπερ
1283 2216 1376 2282 γὰρ
1415 2215 1591 2283 τρόπον
1628 2219 1712 2280 τῆς

125 2301 340 2364 ἀμπέλου
373 2299 428 2352 τὸ
459 2301 666 2366 πρέμνον
691 2303 773 2364 τῆς
808 2301 925 2353 ἰδίας
959 2302 1034 2350 καὶ
1070 2298 1267 2363 ἐνούσης
1302 2300 1427 2368 αὐτῷ
1462 2298 1710 2363 ποιότητος

125 2386 332 2452 φυσικῆς
376 2386 580 2434 διακονεῖ
617 2405 667 2433 τε
708 2384 783 2433 καὶ
825 2382 1025 2446 διανέμει
1065 2386 1161 2435 τοῖς
1202 2380 1418 2445 κλήμασι
1461 2380 1548 2445 τὴν
1585 2381 1703 2433 ἀπό·
1727 2394 1753 2434 b

124 2472 312 2527 λαυσιν,
351 2466 498 2518 οὕτως
536 2465 561 2515 ὁ
603 2463 880 2530 Μονογενὴς
921 2470 1004 2515 τοῦ
1045 2468 1169 2515 Θεοῦ
1209 2463 1378 2530 Λόγος,
1417 2467 1500 2528 τῆς
1538 2487 1588 2515 τε
1627 2469 1710 2514 τοῦ

125 2551 251 2598 Θεοῦ
278 2548 353 2597 καὶ
381 2544 572 2611 Πατρὸς
607 2548 682 2596 καὶ
719 2549 801 2609 τῆς
835 2546 999 2596 ἑαυτοῦ
1031 2544 1223 2613 φύσεως
1254 2545 1339 2608 τὴν
1364 2547 1499 2596 οἱονεὶ
1526 2545 1705 2610 συγγέ-

55 2651 106 2687 30
126 2651 250 2680 νειαν
287 2633 383 2681 τοῖς
422 2627 570 2693 ἁγίοις
607 2628 817 2690 ἐντίθησι
857 2625 911 2677 τὸ
956 2631 1151 2689 Πνεῦμα
1196 2625 1368 2689 διδοῦς’,
1412 2625 1491 2677 ἅτε
1533 2626 1589 2690 δὴ
1635 2630 1710 2677 καὶ

126 2713 458 2762 συνενωθεῖσιν
503 2709 628 2778 αὐτῷ
673 2707 749 2759 διά
793 2731 842 2759 τε
888 2711 970 2771 τῆς
1013 2709 1221 2762 πίστεως
1263 2710 1338 2758 καὶ
1380 2710 1462 2772 τῆς
1508 2708 1711 2760 εἶσοίπαν

175 2852 207 2886 6.
236 2852 269 2886 ἐν
286 2851 375 2897 αὐτῷ
393 2865 428 2883 τε
448 2849 499 2883 καὶ
521 2849 557 2893 ἐξ
575 2849 677 2882 αὐτοῦ
695 2849 835 2882 inverso
853 2848 975 2883 ordine
995 2848 1086 2883 Catt.
1324 2861 1334 2881 Ι
1346 2860 1374 2882 2.
1403 2849 1601 2894 συγγενείας
1620 2849 1712 2883 Catt.

133 2912 186 2941 14.
214 2896 393 2941 κατοικεῖν]
419 2900 454 2937 -Ι-
475 2897 535 2939 μὲν
554 2895 618 2929 Ed.
638 2896 747 2930 invito
766 2895 807 2930 E.
1155 2894 1208 2929 16.
1236 2894 1394 2939 ἐπιδείξει
1414 2895 1455 2929 Ε.
1475 2896 1624 2940 ἐπιδείξῃ
1644 2896 1712 2930 Ed.

134 2946 187 2981 18.
213 2946 316 2980 πάλιν
335 2944 376 2978 Ε.
395 2944 540 2986 ἔμπαλιν
560 2942 625 2976 Ed.

169 264 318 308 αγιον,
364 246 426 297 εἷς
477 244 831 311 κατοικητήριον
874 250 957 296 τοῦ
1002 248 1128 295 Θεοῦ
1177 246 1225 295 ἐν
1267 243 1550 307 Πνεύματι,”
1596 240 1851 316 καθ’ἀξὲζῑῑ·
1872 250 1904 269 ¹¹·

1772 1484 1785 1506 1
1794 1476 1930 1507 S.J‹,an.

1769 1530 1813 1551 111.
1830 1530 1879 1561 24.

1777 1653 1864 1686 858
1879 1651 1931 1686 A.

1775 1702 1929 1733 stoan.

1769 1745 1803 1776 ii.
1823 1754 1852 1786 5,
1868 1746 1897 1777 6.

1771 1889 1823 1921 Ib.
1840 1889 1884 1920 iii.

1774 1941 1825 1971 24.
