2022 3272
109 137 287 189 xv.5‚6.
366 140 440 181 IN
482 143 523 183 S.
558 145 896 189 JOANNEM.
964 152 1085 192 Llss.
1123 154 1171 194 X.
1236 157 1370 197 CAP.
1405 158 1465 199 II.
1613 163 1689 201 561

107 243 284 306 τρόπον
335 248 733 317 ὀλιγωρήσαντες,
785 260 1170 324 διαμεμενηκότες
1227 264 1274 315 δε
1331 268 1378 315 ἐν
1429 269 1565 336 αὐτῶ,
1619 271 1695 319 καὶ

105 324 251 387 μηδεν
283 328 406 383 ὅλως
442 334 793 397 προτάττεσθαι
830 363 913 403 τ77ς
948 346 1010 395 εἰς
1047 343 1189 395 αὐτὸν
1219 347 1458 407 εὐσεβείας
1494 351 1693 412 οἰόμενοι

105 408 212 468 δεῖν,
253 410 476 475 γεγόνασι
514 419 831 482 παναοιδιμοι·
886 423 1069 489 καρπὸν
1107 426 1155 476 δε
1194 450 1277 490 της
1316 430 1493 480 ἑαυτῶν
1528 434 1731 497 ἁρετῆςο

103 487 283 556 εδειξαν
309 515 394 556 την
421 499 705 563 οἱκουμενην,
733 504 808 552 καὶ
844 506 1071 571 φιλοθεου
1105 511 1346 564 πολιτειας
1380 512 1692 578 ὑπογραμμὸν

60 584 82 622 5
102 591 160 619 τα
196 575 302 623 καθ’
332 575 522 632 ἑαυτοὺς
549 582 810 645 ἀναθεντες,
839 586 1052 654 καθαπερ
1080 590 1233 641 εἰκόνα
1260 596 1317 659 τῇ
1346 595 1535 663 ὑφηλίω
1562 603 1687 658 λαμ-

100 674 238 718 πραν,
281 655 364 706 τὸν
411 660 683 726 ἀμάραντον
728 689 810 729 της
861 668 991 734 παρὰ
1044 674 1153 740 Θεῷ
1206 673 1348 742 δόξης
1399 676 1690 739 ἁνεδήσαντο

99 735 357 804 στεφανον
403 743 427 791 ὁ
456 742 503 793 δε
529 751 710 811 μικροῖς
736 750 974 815 ἀργυριοις
1005 759 1312 817 σαγηνευθεις
1337 760 1400 811 εἷς
1426 759 1685 822 ἀπώλειαν,

98 819 221 884 φημι
260 818 307 869 δε
345 822 428 873 τὸν
457 826 621 893 εὐχερῆ
660 852 708 880 τε
747 853 821 881 και
862 832 1150 886 εὐωνότατον
1176 835 1375 901 Ἰούδαν,
1403 841 1690 905 ἀποτμηθεὶς

95 900 178 961 τῆς
229 902 446 963 ἀμπελου
496 930 577 971 της
630 914 812 975 νοητῆς,
861 937 1079 967 τουτεστι
1126 921 1358 984 Χριστοῦ,
1402 923 1687 992 κατεξηραίυθη

30 1000 77 1025 10
96 979 271 1045 τρόπον
302 985 419 1048 τινὰ,
451 993 515 1058 τῷ
552 1014 634 1055 της
670 998 922 1058 μαθητείας
960 998 1193 1067 ἀξιώματι
1228 1005 1302 1052 καὶ
1339 1001 1425 1067 τὴν
1459 1005 1685 1070 ζωοποιὸν

93 1068 176 1113 τοῦ
204 1067 482 1130 Πνευματος
514 1073 742 1139 ποιότητα
777 1083 1153 1141 συναποβαλών.
1205 1084 1433 1145 βεβληται
1461 1109 1553 1152 γαρ
1579 1088 1728 1156 ἐξω,(1

92 1145 213 1195 κατὰ
239 1169 325 1210 την
350 1157 433 1202 τοῦ
462 1156 682 1221 Σωτῆρος
710 1159 892 1226 φωνήν
937 1164 1324 1231 ἀπηλλοτρίωται
1351 1167 1445 1233 γὰρ
1470 1191 1545 1219 και
1571 1193 1682 1268 πρρι

90 1229 157 1295 τῷ
184 1229 431 1297 κολαζοντι
458 1243 702 1305 συρφετοῦ
728 1243 967 1308 παρεδόθη
995 1246 1141 1310 δίκην.
1198 1251 1447 1315 χρησίμως
1483 1252 1565 1301 οῦν
1592 1252 1683 1318 ὀίρα

89 1313 185 1362 τοῖς
221 1313 530 1378 ακροωμένοις
561 1321 585 1370 ὁ
618 1321 791 1388 Κυριος
826 1325 958 1388 ἡμῶν
984 1326 1171 1390 Ἰησοῦς
1208 1331 1232 1379 6
1265 1331 1493 1396 Χριστὸς,
1520 1333 1607 1397 τήν
1633 1357 1682 1385 τε

23 1408 70 1447 15
90 1390 139 1440 ἐκ
173 1398 255 1443 τοῦ
287 1405 641 1463 προσηλῶσθαι
676 1406 958 1473 σπουδάζειν
989 1410 1114 1479 αὐτῳ
1152 1412 1425 1482 παρεδειξεν
1460 1417 1682 1479 εὐθυμίαν

87 1495 162 1523 και
197 1474 283 1538 τὴν
309 1479 359 1528 ἐκ
395 1487 477 1531 τοῦ
507 1490 840 1550 παρακοπῆναι
876 1489 1094 1585 ζημιαν’
1069 1516 1455 1560 αντιπαριστησι,
1482 1501 1682 1549 διπλοῦν

85 1556 339 1621 ἐπινοήσας
366 1584 448 1625 της
473 1568 711 1632 σωτηρίας
733 1568 817 1620 τὸν
843 1570 1033 1637 τρόπον
1074 1599 1102 1639 77
1140 1575 1234 1643 γὰρ
1270 1578 1432 1646 ἐφεσει
1467 1584 1525 1647 τῇ
1561 1580 1680 1647 πρὸς

85 1636 277 1705 δόξαν“
258 1642 420 1711 ορώσῃ
446 1668 522 1697 και
549 1646 733 1713 ζωὴν,’
709 1674 857 1716 ηγουν
883 1653 936 1704 τὸ
963 1678 1075 1722 πυρι
1103 1659 1389 1725 κολαζεσθαι
1412 1685 1675 1728 παραιτου-

83 1741 228 1783 μενοι,
255 1726 337 1787 τῆς
363 1725 483 1792 πρὸς
509 1729 651 1781 αὐτὸν
677 1737 940 1803 συναφείας
975 1739 1228 1809 ὁλοκλήρω
1255 1745 1321 1791 τῶ
1356 1746 1439 1805 τῆς
1472 1747 1716 1803 διανοιαςθ

17 1823 66 1849 20
84 1799 204 1871 τόνῳ
229 1808 597 1876 σπουδαιότερον
624 1815 900 1884 ἀνεξόμεθα.

159 1887 381 1952 Γεωργὸν
407 1890 463 1941 δε
492 1897 616 1960 φησι
642 1895 724 1947 τὸν
753 1899 960 1965 Πατε’[α,
989 1903 1047 1969 τῇ
1081 1904 1184 1953 θεία
1215 1905 1359 1973 φύσει
1394 1907 1546 1962 διδοῦς’
1580 1914 1676 1961 τῶν

83 1967 189 2015 καθ’
231 1969 351 2032 ημᾶς
395 1996 480 2036 την
518 1977 790 2047 ἐπίσκεψιν,
830 1982 952 2032 καθὰ
993 2006 1070 2034 και
1112 1987 1159 2036 ἐν
1197 1991 1292 2040 τοῖς
1337 1990 1553 2055 άνωτερω
1600 1993 1676 2042 διὰ

81 2054 282 2100 πολλῶν
314 2053 423 2116 ἡμῖν
457 2059 708 2126 ἀπεδείχθη
743 2061 919 2128 λόγων.
975 2066 1277 2131 εὑρεθησεται
1316 2069 1415 2168 γὰρ
1449 2071 1675 2141 ὑπαρχων

81 2128 219 2183 αὐτὸς
254 2139 337 2184 τοῦ
371 2146 693 2204 γεωργοῦντος
729 2167 757 2207 77
791 2147 891 2213 χεὶρ
928 2148 1015 2214 οὐχ
1051 2149 1185 2245 ἑτέρα
1222 2174 1321 2218 παρ
1361 2153 1503 2204 αὐτὸν
1533 2177 1667 2207 νοου-

11 2232 60 2271 25
79 2233 207 2276 μενη,
236 2216 356 2266 κατά
393 2241 447 2282 γε
488 2221 542 2271 τὸ
582 2224 837 2285 ὁμοουσιον
869 2231 945 2279 καὶ
983 2230 1041 2298 ἐξ
1076 2232 1220 2283 αὐτοῦ
1255 2256 1303 2283 τε
1340 2257 1415 2285 και
1451 2237 1499 2285 ἐν
1525 2237 1667 2306 αὐτῷ,

611 2306 623 2320 Χ
665 2306 674 2320 5
714 2307 724 2322 9
768 2308 778 2321 C

78 2294 290 2361 καθάπερ
317 2299 398 2348 οῦν
423 2302 524 2352 ε’στι
551 2326 626 2354 και
652 2317 712 2372 εφ
753 2313 885 2372 ημῶν
911 2312 1058 2364 οὕτως
1085 2312 1193 2380 ἔχον
1220 2318 1348 2365 ἰδεῖν.
1398 2316 1468 2367 ὅτι
1493 2340 1585 2383 γαρ
1612 2284 1668 2370 δι’

77 2378 196 2427 Υἱοῦ
241 2377 299 2428 τὰ
345 2381 514 2446 πάντα,
559 2387 771 2454 καθάπερ
819 2391 895 2441 διὰ
940 2393 1094 2459 χειρὸς
1141 2401 1225 2446 τοῦ
1273 2396 1479 2464 Πατρὸς,
1525 2401 1707 2455 αὐτοῦιι
1742 2422 1892 2458 877Α.

77 2458 352 2522 λε”γοντος
329 2466 536 2515 α’κουσον
555 2490 659 2533 περι
685 2474 779 2520 τῶν
801 2494 1076 2536 κτισματων
1094 2483 1121 2505 “
1140 2477 1204 2527 H
1231 2479 1333 2545 χείρ
1357 2502 1448 2542 μου
1475 2481 1667 2544 ε”ποιησε
1727 2489 1816 2518 Aeta
1832 2489 1888 2520 SS·

93 2544 280 2591 ‘rafim
317 2544 520 2608 πάντα,”
562 2550 710 2600 καίτοι
754 2557 850 2604 τῶν
887 2578 1080 2607 παντων
1119 2558 1388 2623 γεγονότων
1427 2562 1483 2612 δι’
1524 2566 1661 2626 Υἱοῦ,

7 2643 58 2678 30
76 2620 195 2671 κατὰ
220 2623 303 2677 τὰς
329 2626 466 2690 ἁγιας
496 2629 701 2696 γραφας.

149 2706 440 2767 Σημειωτεόν
476 2708 590 2771 δε,“’
566 2733 636 2760 οτι
676 2735 751 2762 και
791 2715 815 2763 6
855 2718 1112 2772 θεσπέσιος
1146 2723 1342 2775 Παῦλος
1380 2722 1466 2786 τὴν
1499 2725 1662 2778 ἐνθάδε

122 2903 156 2933 4.
180 2894 356 2928 πολιτείαν
374 2895 415 2930 Ε.
660 2909 695 2944 5.
720 2901 898 2958 λαμπρὰν]
923 2907 960 2943 -i-
982 2904 1116 2948 ἔδειξαν
1133 2906 1192 2950 τὴν
1211 2907 1408 2952 οἷκουμενην
1426 2910 1458 2952 (e
1476 2912 1598 2957 supra)
1618 2913 1660 2949 E.

75 2936 107 2970 6.
132 2937 339 2982 ἀνεδήσαντο
359 2942 399 2975 Ε.
417 2942 624 2978 ἀνεδιισιιντο
643 2946 737 2981 Aub.
756 2947 958 2984 ἐνεδύσαντο
978 2950 1113 2996 ΝῙίἕΠε.
1258 2965 1313 2998 23.
1339 2955 1526 3002 ἀποδείχθη
1546 2959 1588 2994 Ε.

132 3005 298 3034 VOL.11.
815 3015 844 3054 4
865 3015 887 3042 c

1726 2532 1865 2571 Ap.vi1'.
