2037 3266
139 431 151 452 Ι
173 421 248 452 Cor.

136 465 169 496 ii,
189 465 219 495 8.

355 146 439 186 570
757 148 807 187 Β.
841 146 1120 187 CYRILLI
1160 147 1544 188 ALEXANDR.
1724 162 1791 188 XV.
1812 161 1852 203 9,
1874 159 1937 186 10.

318 274 340 301 e
356 257 431 305 καὶ
457 254 680 323 ὑπάρχων
706 257 792 323 οὐχ
817 255 881 310 εἷς
905 260 1000 307 τῶν
1025 256 1310 319 κτισμοῖτων,
1338 257 1462 307 κατοί
1484 279 1536 323 γε
1563 255 1648 320 τὴν
1673 255 1937 320 ταυτότητα

354 335 442 400 τὴν
485 339 535 388 ἐκ
570 340 654 402 τῆς
698 338 860 392 οὐσίας
899 339 1053 399 αὑτοῦ,
1093 336 1169 387 διὰ
1210 343 1349 389 τοῦτο
1393 338 1638 401 νοούμενός
1675 360 1725 388 τε
1763 339 1839 388 καὶ
1873 335 1939 387 ὧν

357 419 548 482 ἀληθῶς
585 417 761 473 παντὸς
801 419 1059 487 ὑψώματος
1099 419 1307 469 ἐπέκεινα
1349 425 1529 484 νοητοῦ,
1569 419 1701 470 ἀλλὰ
1742 420 1818 470 καὶ
1857 421 1941 482 τῆς

359 499 503 568 δόξης
532 500 707 567 Κύριος
750 500 871 551 κατὰ
910 500 993 554 τὰς
1036 501 1172 566 ἁγίας
1212 501 1419 568 γραφάς.
1489 499 1620 552 ἀλλὰ
1660 503 1748 563 ναὶ,
1776 500 1941 569 φησὶν,

360 583 565 649 ὑψοῦται
592 585 666 633 καὶ
694 581 952 650 δοξάζεται,
977 586 1077 636 πῶς
1108 581 1155 632 δὲ
1182 580 1210 646 ἢ
1236 581 1352 634 πότε
1379 585 1454 634 καὶ
1480 583 1585 633 τίνα
1618 581 1823 649 τρόπον;
1865 581 1940 632 ὅτε
1960 599 1982 637 5

360 664 580 727 δηλονότι
619 664 813 730 γέγονεν
844 665 892 714 ἐν
921 667 979 731 τῇ
1019 669 1102 714 τοῦ
1142 664 1313 715 δούλου
1352 669 1530 732 μορφῇ,
1557 666 1631 714 καὶ
1671 666 1718 714 ἐν
1756 667 1823 733 τῷ
1860 665 1942 726 τῆς

357 744 683 799 ταπεινώσεως
709 744 935 812 σχήματι,
962 745 1219 808 τουτέστιν,
1247 745 1494 811 ἄνθρωπος
1521 746 1626 797 καθ’
1657 746 1791 810 ἡμᾶς.
1822 747 1936 795 ἀνα-

140 843 228 878 883
242 843 293 878 A.
321 852 342 877 a
359 827 510 894 τρέχει
548 826 642 893 γὰρ
670 829 746 877 καὶ
783 826 899 890 μετὰ
934 825 1113 894 σαρκὸς
1147 831 1208 881 εἰς
1247 826 1301 878 τὸ
1328 831 1667 895 συνυψοῦσθαι
1694 827 1841 879 πάλιν
1866 828 1942 876 καὶ

138 2304 234 2334 va.

139 2347 205 2377 viii.
226 2357 255 2387 9.

359 908 736 977 συνδοξάζεσθαι
766 913 832 978 τῷ
861 910 1034 975 Πατρί·
1091 908 1315 974 ἠγαπήθη
1342 933 1391 960 τε
1417 909 1528 976 παρ’
1556 911 1711 973 αὐτοῦ,
1739 911 1813 960 καὶ
1839 909 1942 975 οὐχὶ

358 988 465 1040 τότε
502 994 704 1056 πρῶτον,
732 990 808 1041 ὅτε
847 990 932 1054 τὴν
963 990 1178 1041 ἑκούσιον
1219 990 1460 1056 ὑποταγὴν
1498 992 1797 1058 πεπλήρωκε,
1828 990 1938 1054 νοή-
1965 1016 2015 1041 10

359 1094 459 1125 σεις
480 1071 528 1122 δὲ
555 1077 746 1135 μᾶλλον
771 1073 966 1125 ἐκείνως.
1017 1072 1159 1138 ὅνπερ
1187 1071 1279 1138 γὰρ
1306 1073 1482 1139 τρόπον
1509 1072 1695 1142 ὑψηλὸς
1719 1072 1945 1140 ὑπάρχων

360 1154 429 1203 ἀεὶ
467 1156 543 1204 καὶ
577 1154 936 1222 δεδοξασμένος,
972 1153 1090 1205 ὅσον
1121 1158 1182 1209 εἷς
1218 1156 1338 1205 ἰδίαν
1371 1155 1534 1224 φύσιν,
1569 1154 1857 1223 δεδοξάσθαι
1893 1176 1944 1205 τε

360 1237 436 1285 καὶ
476 1237 704 1303 ὑψῶσθαι
743 1235 944 1301 λέγεται,
973 1236 1048 1286 ὅτε
1076 1236 1272 1302 γέγονεν
1297 1236 1558 1302 ἅνθρωπος,
1586 1238 1610 1287 ὁ
1637 1239 1719 1300 τῆς
1745 1240 1939 1301 θεοπρε-

358 1321 477 1370 ποῦς
504 1317 645 1386 δόξης
680 1317 848 1383 ἔρημος
876 1316 953 1380 ὧν,
981 1318 1099 1368 ὅσον
1127 1323 1188 1372 εἷς
1216 1318 1577 1385 ἀνθρωπότητος
1603 1317 1765 1383 λόγον·
1822 1319 1943 1368 οὕτω

360 1401 435 1449 καὶ
462 1399 519 1467 ἐξ
541 1401 700 1466 ἀρχῆς,
730 1400 800 1450 ἀεί
823 1422 872 1450 τε
899 1403 974 1450 καὶ
1001 1399 1076 1450 διὰ
1103 1401 1281 1455 παντὸς
1308 1401 1636 1466 ἀγαπώμενος,
1666 1402 1944 1466 ἠγαπῆσθαι
1967 1422 2014 1461 15

316 1488 342 1527 b
361 1481 547 1546 λέγεται
574 1485 648 1531 καὶ
675 1481 793 1545 μετὰ
820 1481 1012 1548 σαρκός.
1067 1483 1247 1552 πέφηνε
1273 1482 1367 1549 γὰρ
1396 1483 1471 1534 διὰ
1497 1489 1635 1533 τοῦτο
1663 1483 1769 1533 καθ’
1799 1483 1940 1546 ἡμᾶς,

359 1563 588 1624 τουτέστι,
617 1563 923 1630 κεχρημάτικε
955 1567 1030 1614 καὶ
1056 1564 1247 1629 γέγονεν
1282 1566 1546 1631 ἄνθρωπος,
1575 1565 1651 1615 ἵνα
1684 1563 1768 1615 τὸν
1792 1564 1944 1615 πάλαι

359 1645 679 1708 μεμισημένον
719 1645 793 1695 διὰ
831 1646 917 1709 τὴν
961 1647 1009 1696 ἐν
1055 1648 1178 1714 α’ρχῇ
1223 1645 1503 1713 παράβασιν
1547 1649 1623 1697 καὶ
1665 1644 1751 1710 τὴν
1791 1647 1840 1696 ἐν
1879 1649 1946 1715 τῷ

358 1725 535 1794 μεταξὺ
585 1726 1030 1794 παρεισφρήσασαν
1081 1729 1326 1794 ἁμαρτίαν,
1379 1727 1625 1795 ἀγαπητὸν
1675 1728 1945 1795 ἀποτελέσῃ

358 1811 425 1876 τῷ
453 1812 575 1876 Θεῷ.
630 1809 750 1874 θύρα
788 1809 881 1874 γὰρ
912 1809 987 1860 διὰ
1019 1816 1158 1860 τοῦτο
1193 1813 1267 1861 καὶ
1301 1811 1423 1877 ἀρχὴ
1463 1813 1538 1861 καὶ
1578 1810 1685 1864 ὁδὸς
1724 1808 1945 1861 ἁπάντων
1966 1833 2015 1857 20

358 1890 468 1953 ἡμῖν
492 1894 586 1940 τῶν
617 1892 809 1955 ἀγαθῶν
840 1892 1099 1959 πεφηνέναι
1139 1893 1326 1958 λέγεται
1352 1891 1581 1959 Χριστός.
1638 1890 1729 1958 ἆρα
1768 1891 1824 1956 δή
1864 1914 1945 1942 σοι

360 1970 530 2022 λοιπὸν
569 1972 869 2037 ἀνεγκλήτως
907 1973 1072 2024 ἑαυτὸν
1108 1975 1394 2038 ἠγαπῆσθαί
1434 1979 1559 2043 φησι
1598 1973 1675 2025 διὰ
1713 1973 1766 2024 τὸ
1805 1996 1940 2038 τετη-

359 2055 535 2118 ρῆσθαι
578 2056 686 2119 παρ’
732 2056 874 2105 αὐτοῦ
914 2055 998 2110 τέις
1038 2058 1108 2106 τοῦ
1149 2057 1324 2124 Πατρὶς
1363 2055 1572 2117 ἐντολάς,
1627 2056 1717 2121 ἄρα
1758 2054 1822 2119 μή
1864 2078 1945 2106 σοι

321 2134 533 2202 οτραχῦς
561 2136 585 2185 ὁ
611 2142 693 2186 τοῦ
728 2137 991 2202 μυστηρίου
1030 2137 1272 2205 κατεφάνη
1312 2137 1470 2204 λόγος,
1507 2141 1582 2188 καὶ
1621 2141 1703 2201 τῆς
1742 2136 1797 2187 δι’
1825 2138 1945 2201 ἡμᾶς·

359 2217 696 2281 τετελεσμένης
735 2219 998 2281 οἰκονομίας
1036 2219 1090 2270 τὸ
1129 2220 1280 2280 βάθος
1317 2220 1381 2283 μὴ
1414 2219 1702 2287 δυσέφικτόν
1740 2241 1840 2272 πως
1878 2222 1944 2287 τῷ
1965 2238 2014 2276 25

360 2301 434 2366 σῷ
460 2298 622 2363 γέγονε
651 2303 748 2366 νῴς
793 2301 903 2349 ἀλλ’
933 2300 1064 2351 ε”στιν
1092 2308 1119 2330 “
1138 2302 1312 2352 ἐνώπια
1338 2307 1433 2354 τοῖς
1461 2307 1679 2351 συνιοῦσι
1718 2302 1793 2351 καὶ
1826 2299 1945 2366 ὀρθὰ

360 2386 388 2408 “
413 2379 569 2429 πάντα
596 2384 690 2432 τοῖς
718 2380 882 2447 ἔχουσι
909 2384 1134 2446 γνῶσιν,”
1165 2383 1284 2433 κατὰ
1309 2381 1363 2434 τὸ
1390 2383 1731 2449 γεγραμμένον.

436 2460 626 2512 Μείνατε
664 2462 820 2512 τοίνυν
859 2465 1010 2530 φησὶν
1049 2465 1086 2514 ἐν
1119 2465 1171 2535 τῇ
1199 2464 1363 2539 αγοίπῃ
1391 2467 1441 2534 τῇ
1467 2467 1559 2536 ἑμῇ,
1599 2463 1828 2521 τουτέστι,
1869 2462 1944 2513 διὰ

359 2544 573 2606 σπουδῆς
612 2543 804 2608 ἁπάσης
844 2546 920 2595 καὶ
958 2547 1221 2611 προθυμίας
1264 2545 1519 2613 ἐρχόμενοι,
1559 2544 1938 2612 διαπραγματεύ-

359 2623 522 2675 σασθέ
558 2648 607 2676 τε
649 2628 725 2676 καὶ
766 2627 1138 2690 ε’πιτηδεύσασθε
1181 2628 1235 2679 τὸ
1277 2628 1493 2692 τοιαύτης
1533 2629 1786 2696 ἀξιοῦσθαι
1830 2627 1939 2693 παρ’
1963 2649 2011 2687 30

361 2706 473 2767 ἐμοῦ
498 2709 580 2770 τῆς
607 2707 808 2773 ἀγάπης,
830 2709 995 2760 ὁποίαν
1022 2709 1113 2776 ἔχω
1140 2709 1270 2774 κάγὼ
1296 2709 1426 2776 παρὰ
1453 2712 1518 2779 τῷ
1539 2713 1647 2779 Θεῷ
1673 2711 1747 2760 καὶ
1771 2709 1940 2774 Πατρί.

361 2787 535 2852 γέγονα
572 2788 657 2853 μὲν
695 2789 788 2857 γὰρ
819 2790 1021 2855 ὑπήκοος
1046 2789 1138 2856 ἐγώ
1165 2793 1239 2841 καὶ
1265 2796 1359 2842 τῶν
1386 2797 1468 2843 τοῦ
1497 2790 1686 2858 Πατρὸς
1726 2788 1936 2855 θελημοῖ-

968 2960 1019 2992 19.
1048 2948 1253 2983 ἀποτελέσαι
1275 2948 1315 2983 E.
