2037 3266
314 113 397 153 662
729 115 778 155 Β.
812 114 1084 156 CYRILLI
1125 116 1508 157 ALEXANDR.
1745 115 1843 156 xvii.
1867 128 1901 155 1.

311 220 600 287 γεννήματος
644 223 774 292 δόξῃ,
813 223 1027 291 καθάπερ
1072 223 1240 291 ἐ’λεγον
1278 225 1461 290 ἀρτίως,
1501 223 1653 278 διδοὺς
1691 223 1778 287 μὲν
1815 223 1900 287 τὴν

313 302 460 372 δόξαν
498 306 545 356 ἐν
582 308 648 375 τῷ
686 311 896 358 νοεῖσθαι
938 305 1013 358 διὰ
1055 307 1350 374 πραγμάτων
1392 308 1527 358 ποίου
1567 330 1616 358 τε
1660 309 1737 358 καὶ
1780 307 1904 359 τίνος

313 385 457 454 ἐξέφυ
497 387 689 454 Πατρὸς
728 389 752 439 ὃ
794 389 1087 454 Μονογενὴς,
1127 389 1530 456 ἀντικομιζόμενος
1568 388 1617 440 δὲ
1655 388 1818 454 ὥσπερ
1856 389 1904 439 ἐν
2031 398 2037 472 Ξ

313 472 380 537 τῷ
419 472 628 521 νοεῖσθαι
665 470 814 522 πάλιν
848 471 971 525 τίνος
1008 494 1059 522 τε
1100 473 1176 522 καὶ
1210 472 1309 522 οἵου
1342 470 1512 538 Πατὴρ
1551 470 1747 539 ὑπάρχει
1785 469 1905 521 κατὰ
2036 531 2037 534 ¹

314 549 552 615 ἀλήθειαν.
620 553 845 607 οὐσιῶδες
890 553 971 604 οὖν
1017 554 1110 620 ἄρα
1153 556 1228 604 καὶ
1272 551 1478 623 φυσικὸν
1518 552 1649 619 παρὰ
1692 553 1777 617 μὲν
1820 558 1903 603 τοῦ
1924 573 1946 610 5
2034 545 2037 609 Ξ

271 630 297 672 d
317 631 508 700 Πατρὸς
547 637 610 689 εἷς
635 633 767 698 Υἱὸν,
792 634 922 701 παρὰ
958 633 1009 685 δὲ
1040 641 1123 687 τοῦ
1150 639 1268 688 Υὶοῦ
1306 634 1426 703 πρὸς
1456 634 1538 687 τὸν
1567 636 1760 703 Πατέρα
1798 639 1901 686 δια-
2026 624 2037 708 Ξ

314 714 517 779 βήσεται
543 718 626 779 τῆς
653 716 795 785 δόξης
821 716 875 768 τὸ
901 716 1137 784 καύχημα.
2030 711 2037 768 ,Ξ

391 801 449 847 Ei
483 797 537 848 δέ
562 821 631 851 τις
667 800 767 862 δοίη
794 797 938 866 τυχὸν
966 801 1041 850 καὶ
1077 799 1151 850 διὰ
1186 798 1240 850 τὸ
1272 802 1355 864 τῆς
1386 798 1783 866 ε’νανθρωπήσεως
1816 822 1900 850 τα-
2030 810 2031 816 ’

315 879 488 942 πεινὸν,
527 879 758 931 ἐλάττονά
802 905 903 936 πως
946 880 974 946 ἢ
1015 882 1123 933 καθ’
1165 880 1330 933 ἑαυτὸν
1371 881 1569 932 κάνθάδε
1615 886 1781 932 λαλεῖν
1823 880 1907 932 τὸν

319 963 510 1028 Κύριον·
575 964 865 1014 κατείθισται
904 964 997 1030 γὰρ
1044 966 1119 1014 καὶ
1163 969 1303 1015 τοῦτο
1349 965 1490 1033 αὐτῷ·
1544 969 1783 1030 λογισμοῦ
1824 969 1906 1015 τοῦ
1931 988 1977 1013 10

315 1043 573 1109 πρέποντος
612 1046 860 1112 ἀμοιρήσει
898 1045 982 1109 μὲν
1009 1047 1236 1109 οὐδαμῶς,
1269 1050 1363 1096 τῶν
1394 1045 1542 1111 γεμὴν
1580 1046 1636 1114 ἐξ
1671 1046 1908 1112 ἀκριβείας

317 1126 631 1191 θεωρημάτων
669 1128 722 1178 οὐ
761 1129 871 1178 λίαν
909 1127 1160 1196 ἐφάψεται.
1220 1132 1257 1178 εἰ
1302 1128 1386 1191 μὲν
1432 1127 1525 1193 γὰρ
1567 1127 1719 1196 ἐξῄτει
1762 1127 1907 1191 μόνον

317 1207 455 1261 αὐτὸς
493 1208 579 1272 τὴν
606 1209 736 1275 παρὰ
761 1216 843 1261 τοῦ
881 1208 1076 1275 Πατρος
1104 1209 1263 1278 δόξαν,
1301 1208 1433 1260 οὐδὲν
1468 1209 1653 1263 ἀπεικὸς
1691 1215 1787 1264 τοῖς
1825 1213 1908 1274 τῆς

318 1289 680 1355 ἀνθρωπότητος
707 1291 891 1358 μέτροις
929 1291 1014 1356 τὴν
1040 1291 1228 1356 α’ίτησιν
1254 1293 1485 1358 ἐγκαλεῖν·
1544 1292 1699 1357 ἐπειδὴ
1739 1292 1788 1343 δὲ
1831 1294 1909 1343 καὶ

318 1372 629 1442 ἀντιδοξάζειν
660 1374 1009 1440 ἐπαγγέλλεται
1046 1374 1128 1425 τὸν
1155 1374 1362 1441 Πατέρα,
1394 1379 1494 1428 πῶς
1533 1376 1614 1425 οὐκ
1654 1377 1908 1441 ἀναγκαῖον
1931 1397 1978 1436 15

281 1454 407 1518 θῆδη
450 1455 665 1523 φαίνεται
709 1460 804 1509 τοῖς
849 1456 1017 1522 ἀρτίως
1068 1457 1178 1520 ἡμῖν
1220 1459 1591 1523 προαποδοθεῖσι
1636 1458 1908 1524 θεωρήμασι

318 1537 672 1604 προθυμότερον
703 1540 932 1603 ἐπιπηδᾶν
949 1560 962 1600 ;

366 1689 398 1724 6.
424 1688 487 1734 εἷς]
512 1694 548 1731 -f-
569 1690 627 1724 τὸν
646 1688 736 1724 Catt.
918 1703 970 1724 10.
997 1692 1056 1724 τοῦ
1076 1690 1117 1725 E.
1136 1705 1170 1724 τε
1191 1690 1257 1724 Ed.
1446 1702 1498 1736 13.
1525 1691 1616 1735 παρὰ
1636 1690 1677 1724 E.
1696 1691 1774 1735 περὶ
1793 1691 1860 1726 Ed.
