2022 3272
96 117 162 142 xv.
189 117 249 157 19.
340 104 411 143 IN
454 104 497 143 S.
531 102 867 143 JOANNEM.
932 101 1054 142 LIB.
1092 103 1142 143 X.
1204 102 1337 142 CAl'.
1374 101 1432 141 11.
1595 101 1678 141 589

95 212 166 263 ὅτι
204 212 254 263 δὲ
291 213 359 263 ἐπ’
386 213 568 282 ὀλέθρῳ
605 215 688 275 τῆς
726 213 902 263 ἑαυτῶν
940 214 1152 281 κεφαλῆς
1191 214 1266 261 καὶ
1305 209 1445 261 αὑτὸν
1474 208 1676 273 μεμισή-

95 317 210 345 κασι
249 293 331 345 τὸν
358 294 587 360 Χριστὸν,
626 298 668 344 οἱ
706 293 765 345 τὰ
803 296 851 344 ἐν
890 293 1056 362 κόσμῳ
1101 297 1290 362 φρονεῖν
1329 292 1561 358 ᾑρημένοι,
1601 293 1677 341 καὶ

94 380 191 426 τῶν
239 376 465 442 οὐρανίων
510 375 953 444 ὑπερφρονήσαντες
996 377 1203 440 ἀγαθῶν,
1244 375 1326 424 οὐκ
1372 375 1510 439 ἔργον
1551 371 1678 435 οἶμαι

95 458 327 510 δεικνύειν.
397 459 488 527 ε”φη
527 458 620 524 γὰρ
661 457 800 511 αὐτὸς
843 460 891 508 ἐν
927 463 1023 512 τοῖς
1064 457 1352 522 εὐαγγελίοις
1392 455 1509 521 πρός
1549 477 1676 507 τινας

52 554 75 593 5
96 545 123 568 “
148 540 225 590 Οὐ
258 540 449 591 δύναται
483 541 508 590 ὁ
543 541 724 604 κόσμος
757 545 911 604 μισεῖν
943 542 1073 604 ὑμᾶς,
1106 538 1182 602 ἐμὲ
1223 537 1272 589 δὲ
1310 542 1451 601 μισεῖ,
1480 536 1551 587 ὅτι
1585 536 1717 601 ἐγὼο
1739 540 1846 613 ῗξξῐπῗ

95 628 123 650 “
148 626 370 688 μαρτυρῶ
414 624 519 688 περὶ
564 623 707 673 αὐτοῦ
751 622 821 673 ὅτι
864 621 924 673 τὰ
967 621 1083 687 ἔργα
1120 622 1263 672 αὐτοῦ
1304 618 1489 685 πονηρά
1528 620 1675 670 ἐστι.”
1821 605 1828 622 Ι

93 702 242 754 τύπον
273 704 354 754 οὖν
384 704 476 770 ἄρα
513 709 610 758 τοῖς
648 705 796 769 ἁγίοις
835 704 1126 757 ἀποστόλοις
1164 702 1223 754 τὰ
1257 702 1364 753 καθ’
1393 700 1558 753 ἑαυτὸν
1591 703 1679 751 κάν

93 785 244 855 τούτῳ
283 785 339 850 δὴ
377 785 526 837 πάλιν
563 788 801 852 παραθεὶς,
841 790 1109 853 ἱχνηλατεῖν
1147 784 1322 836 κελεύει
1363 787 1438 835 καὶ
1479 782 1564 847 τὴν
1604 785 1679 834 ἐπὶ

92 867 272 921 τούτοις
310 868 433 931 ὁδὸν,
468 868 543 918 ὅτε
583 870 658 918 καὶ
696 868 947 935 διαῤῥήδην
984 866 1147 933 ἐ’λεγεν
1181 867 1373 933 ἑτέρωθί
1407 889 1488 917 ποι
1526 863 1677 916 πάλιν

27 970 75 994 10
95 956 122 979 ‘⁶
152 949 396 1016 Μακάριοί
435 952 543 1001 ε’στε
588 949 702 1000 ὅταν
739 950 976 1019 διώξωσιν
1015 951 1131 1013 ὑμᾶς
1175 951 1250 999 καὶ
1290 949 1560 999 ὀνειδίσωσι
1599 949 1675 998 καὶ
1741 943 1905 1025 3³:132}

95 1038 122 1065 ‘⁴
147 1033 315 1084 εἴπωσι
352 1036 447 1083 πᾶν
483 1031 692 1098 πονηρὸν
729 1033 835 1083 καθ’
875 1034 1003 1095 ὑμῶν
1037 1029 1318 1101 ψευδόμενοι
1355 1030 1506 1081 ἕνεκεν
1544 1031 1674 1094 ἐμοῦ·

95 1121 122 1145 “
146 1115 329 1183 χαίρετε
374 1116 450 1164 καὶ
499 1115 817 1180 ἀγαλλιᾶσθε,
857 1113 928 1165 ὅτι
973 1116 998 1164 ὁ
1044 1113 1216 1176 μισθὸς
1264 1115 1393 1175 ὑμῶν
1436 1113 1588 1167 πολὺς
1631 1113 1680 1163 ἐν

94 1203 122 1226 “
147 1202 244 1250 τοῖς
293 1197 520 1262 οὐρανοῖς·
581 1196 703 1247 οὕτω
747 1195 841 1262 γὰρ
885 1195 1082 1265 ἐδίωξαν
1126 1194 1234 1248 τοὺς
1276 1193 1528 1263 προφήτας
1571 1192 1681 1248 τοὺς

96 1285 123 1308 “
148 1278 242 1346 πρὸ
282 1277 456 1343 ὑμῶν.”

1699 1360 1722 1385 a
1752 1352 1838 1387 897
1853 1349 1908 1388 Α.

30 1424 76 1463 15
99 1421 144 1464 Εἰ
183 1423 229 1464 ὲκ
266 1425 340 1465 τοῦ
376 1422 535 1472 κόσμου
571 1420 658 1475 ἦτε,
687 1423 709 1466 ὁ
745 1423 901 1472 κόσμος
939 1421 989 1464 ἂν
1023 1422 1071 1464 τὸ
1108 1418 1216 1463 ἴδιον
1246 1420 1403 1477 ἐφίλει·
1445 1421 1509 1462 ὅτι
1549 1420 1595 1462 δὲ
1631 1421 1679 1462 ἐκ
1704 1431 1750 1467 19

161 1509 236 1548 τοῦ
287 1507 445 1555 κόσμου
493 1507 569 1548 οὐκ
617 1507 727 1558 ἐστὲ,
767 1506 857 1548 ἀλλ’
906 1507 993 1555 &nh
1040 1505 1306 1554 ὲὲελεὲάμΗν
1356 1505 1463 1553 ὑμᾶς
1511 1504 1558 1545 ὲκ
1606 1507 1679 1546 τοῦ

164 1590 335 1641 κόσμου,
373 1589 442 1631 διὰ
479 1594 607 1632 τοῦτο
642 1588 754 1639 μισεῖ
791 1592 899 1640 ὑμᾶς
937 1592 960 1634 ὁ
998 1591 1167 1639 κόσμος.

169 1703 420 1774 Ἐλαφρὸν
446 1705 494 1755 ἐκ
521 1704 689 1772 τέχνης
714 1706 790 1756 καὶ
815 1703 870 1755 τὸ
895 1703 1087 1756 πάντων
1113 1702 1184 1754 ὅτι
1209 1701 1426 1766 μάλιστα
1450 1701 1686 1768 δυσαχθέ-

97 1810 292 1850 στατον,
330 1788 408 1837 καὶ
447 1788 518 1855 ἐφ’
561 1785 687 1856 ᾧπερ
731 1786 789 1851 ἦν
834 1785 955 1840 εἶκὸς
998 1787 1052 1837 οὐ
1098 1785 1295 1851 μετρίως
1341 1783 1681 1850 δυσχεραίνειν,

28 1885 79 1910 20
95 1867 378 1937 παραδόξως
428 1870 623 1934 ἥδεσθαι
672 1873 807 1920 ποιεῖ.
882 1866 1108 1936 φορτικὸν
1157 1865 1242 1930 μὲν
1287 1865 1381 1931 γὰρ
1433 1865 1578 1917 ὅντως
1630 1863 1685 1915 τὸ

96 1955 343 2014 μισεῖσθαι
372 1949 492 2016 πρός
516 1973 669 2011 τινων,
697 1949 771 2001 διὰ
796 1949 855 2000 τὰ
880 1951 1088 2000 ἐντεῦθεν
1114 1948 1219 1999 ἔσθ’
1248 1947 1325 1999 ὅτε
1351 1947 1728 2001 διεκκύπτονταῐ)

96 2031 264 2097 βλάβη
309 2034 384 2084 καὶ
429 2031 683 2097 ἀδοκήτους
728 2030 1000 2094 ἐπιβουλὰς,
1035 2031 1145 2081 ἀλλ’
1183 2029 1270 2094 ἡδὺ
1310 2031 1386 2081 καὶ
1428 2035 1568 2080 τοῦτο
1610 2028 1687 2080 διὰ

99 2113 239 2177 Θεὸν,
277 2117 354 2166 καὶ
392 2114 506 2166 ὅταν
543 2114 785 2182 συμβαίνῃ
829 2112 884 2164 δι’
924 2112 1181 2175 εὐσέβειαν,
1221 2111 1461 2181 ἀπόδειξιν
1498 2113 1687 2179 ἐναργε-

98 2196 283 2261 στάτην
320 2195 527 2266 εἰσφέρει
563 2201 646 2248 τοῦ
683 2195 749 2260 μὴ
788 2193 902 2247 εἶναι
943 2193 1185 2259 κοσμικὸν,
1226 2193 1310 2245 τὸν
1348 2195 1421 2262 ἐφ’
1463 2192 1590 2263 ᾧπερ
1629 2191 1689 2244 ἂν

32 2277 352 2349 25πράττοιτο
388 2277 520 2346 παρά
556 2301 708 2330 τινων.
761 2275 923 2343 ὥσπερ
960 2276 1056 2344 γὰρ
1093 2275 1346 2340 σωμάτων,
1373 2277 1522 2330 οὕτως
1560 2273 1689 2340 οἶμαι

100 2363 175 2412 καὶ
201 2359 390 2426 τρόπων
415 2361 691 2427 συγγενείας
717 2359 994 2426 εὑρήσομεν,
1021 2362 1096 2410 καὶ
1122 2363 1216 2410 τῶν
1241 2359 1362 2409 ἐθῶν
1388 2358 1416 2421 ἡ
1444 2357 1688 2422 ταυτότης,

101 2444 176 2493 καὶ
207 2443 235 2506 ἡ
271 2441 391 2493 κατὰ
423 2446 518 2493 πᾶν
545 2443 697 2492 ὁτιοῦν
725 2440 954 2505 ὁμοιότης,
981 2440 1069 2505 τὴν
1094 2441 1152 2510 ἐξ
1184 2440 1378 2504 αἵματος
1409 2439 1689 2507 ἀγχιστείαν

102 2525 387 2590 ὑποδραμεῖν
410 2522 559 2587 ἱκανή·
590 2530 615 2552 “
634 2526 741 2573 Πᾶν
768 2522 862 2589 γὰρ
886 2523 1002 2592 ζῷον
1027 2525 1227 2588 ἀγαπῶν
1253 2521 1308 2572 τὸ
1335 2521 1497 2584 ὅμοιον
1518 2521 1684 2589 αὐτῲ,”
1746 2521 1892 2606 {r'ffgli'

102 2603 222 2656 κατὰ
252 2605 306 2656 τὸ
337 2604 674 2671 γεγραμμένον,
701 2610 729 2633 “
748 2606 823 2655 καὶ
858 2608 925 2673 τῷ
960 2605 1104 2673 ὁμοίῳ
1137 2604 1280 2654 αὐτοῦ
1314 2601 1687 2669 προσκολληθή-
1789 2589 1797 2604 '

33 2713 85 2750 30
104 2694 130 2717 ‘⁶
156 2709 291 2738 σεται
340 2686 504 2752 ἀνήρ·”
571 2688 653 2750 τῆς
704 2685 751 2736 δὲ
803 2686 1048 2750 ὁμοηθείας
1098 2683 1319 2749 δηλονότι
1370 2682 1454 2735 τὸν
1497 2686 1580 2747 τῆς
1623 2687 1726 2741 εἶςρ

103 2768 348 2833 ἀλλήλους
386 2766 573 2834 ἀγάπης
610 2766 898 2831 ἀνανεούσης
938 2765 1094 2831 νόμον,
1125 2765 1258 2832 ἅγιος
1295 2764 1379 2829 μὲν
1414 2766 1532 2836 ἁγίῳ
1570 2788 1687 2817 συν-

598 2913 650 2947 19.
675 2899 766 2948 ᾦπερ
785 2901 826 2936 Ε.
847 2900 912 2936 Ed.
934 2912 1005 2947 mg.
1024 2900 1107 2946 ὅπερ
1127 2900 1193 2935 Ed.
