2001 3231
304 111 360 150 48
709 113 757 154 B.
793 113 1072 155 CYRILLI
1113 115 1493 156 ALEXANDR.
1722 113 1808 155 viii.
1830 126 1894 168 29.

305 221 381 272 ἐπὶ
414 219 469 273 τὸ
501 225 702 275 τοιῶσδε
736 223 880 292 τυχὸν
905 229 1071 275 λαλεῖν
1097 224 1384 290 ὁρμώμενος·
1427 226 1549 276 οὕτω
1581 223 1729 276 πάλιν
1759 225 1894 274 εὐσε-

305 308 500 364 βοῦντες
554 304 935 370 ὑποτοπήσωμεν
988 305 1075 370 τὴν
1125 311 1209 356 τοῦ
1263 306 1645 373 παραδείγματος
1700 306 1898 369 δύναμιν

305 386 624 447 ἀναβαίνοντα
661 387 744 438 τὸν
770 387 901 449 Υἱὸν,
935 388 1121 454 ἐπείπερ
1159 389 1289 438 ἐστὶν
1327 388 1466 442 αὐτὸς
1506 391 1582 440 καὶ
1622 387 1782 454 Λόγος
1820 389 1897 438 καὶ

305 468 460 536 σοφία
492 474 576 519 τοῦ
604 472 730 520 Θεοῦ
763 471 839 519 καὶ
867 468 1073 534 Πατρὸς,
1100 468 1159 520 τὰ
1195 471 1243 520 ἐν
1279 470 1405 539 αὐτῷ
1444 470 1764 535 διαλέγεσθαι.
1820 470 1897 519 καὶ

305 550 493 616 ἐπείπερ
531 552 663 602 ἐστὶν
694 552 778 601 οὐκ
810 550 1140 605 ἀνυπόστατος
1181 550 1346 617 ὥσπερ
1384 553 1409 602 ὁ
1449 552 1754 618 ἀνθρώπινος,
1782 551 1893 602 ἀλλ’
1915 567 1938 605 5

304 631 515 686 ἐνούσιός
565 655 613 683 τε
666 635 742 683 καὶ
789 633 880 699 ζῶν
927 635 989 687 ὡς
1039 633 1159 684 ἰδίαν
1199 633 1319 701 ἔχων
1363 635 1412 684 ἐν
1452 636 1609 700 Πατρὶ
1659 635 1734 684 καὶ
1777 633 1896 697 μετὰ

306 712 499 780 Πατρός
530 713 616 778 τὴν
644 715 861 784 ὕπαρξιν,
889 716 971 766 οὐκ
1008 713 1122 766 εἶναι
1147 717 1274 783 μόνος
1307 714 1470 766 ἐνθάδε
1506 717 1671 781 φησὶν,
1698 713 1811 766 εἶναι
1847 715 1896 766 δὲ

303 799 398 863 μετ’
427 796 569 847 αὐτοῦ
599 802 675 848 καὶ
703 796 786 848 τὸν
812 793 1088 866 πέμψαντα
1114 796 1270 848 αὐτόν.
1325 796 1439 848 ὅταν
1465 797 1514 847 δὲ
1547 798 1667 865 λε’γῃ
1700 796 1753 847 τό
1783 801 1893 848 Μετ’

263 896 285 923 e
305 879 420 945 ἐμοῦ,
447 879 666 943 σημαίνει
692 902 736 930 τι
760 878 909 930 πάλιν
935 879 1191 946 θεοπρεπές
1227 902 1277 930 τε
1313 882 1387 930 καὶ
1426 877 1673 942 μυστικόν·
1716 879 1769 929 οὐ
1800 878 1895 945 γὰρ

302 958 455 1023 δήπου
480 966 729 1023 νομιοῦμεν
754 963 897 1012 ἐκεῖνο
924 960 1080 1028 λέγειν
1107 959 1262 1024 αὐτὸν,
1284 961 1356 1012 ὅτι
1383 960 1548 1027 ὥσπερ
1575 959 1633 1011 ἂν
1656 960 1724 1024 εἰἠ
1750 960 1894 1028 τυχὸν
1917 987 1965 1011 10

298 1040 417 1101 μετὰ
442 1042 694 1109 προφήτου
721 1041 856 1105 Θεὸς,
885 1044 1194 1110 συνασπίζων
1222 1043 1443 1108 δηλονότι
1474 1047 1532 1110 τῇ
1570 1042 1712 1111 οἰκείᾳ
1748 1041 1888 1093 δυνά-

298 1145 386 1185 μει,
414 1125 489 1174 καὶ
524 1129 625 1178 ταῖς
659 1126 908 1188 εὐμενειάις
944 1126 1202 1191 ἐπικουρῶν
1227 1125 1330 1189 ἦτοι
1363 1129 1464 1178 ταῖς
1502 1124 1579 1175 διὰ
1612 1129 1696 1175 τοῦ
1733 1125 1890 1175 Πνεύ-

297 1228 445 1268 ματος
483 1205 793 1274 ἐλλάμψεσιν
832 1210 895 1260 εἷς
933 1207 1228 1274 προφητείαν
1265 1208 1471 1273 ἐγείρων,
1510 1208 1633 1258 οὕτω
1675 1208 1751 1257 καὶ
1792 1208 1891 1269 μετ’

299 1288 442 1339 αὑτοῦ
469 1287 552 1339 τὸν
579 1288 896 1354 γεννήσαντα·
940 1288 1072 1340 ἀλλὰ
1108 1292 1183 1340 καὶ
1213 1290 1262 1340 ἐν
1289 1289 1471 1342 τούτοις
1503 1290 1666 1353 τίθησι
1699 1287 1753 1339 τό
1784 1293 1893 1340 Μετ’

299 1370 404 1437 ἐμοῦ
431 1371 538 1421 καθ’
569 1371 726 1438 ἕτερον
751 1370 945 1437 τρόπον’
989 1375 1051 1425 εἷς
1077 1370 1163 1435 τὴν
1189 1371 1335 1435 αὐτὴν
1361 1370 1454 1436 γάρ
1480 1394 1560 1434 μοι
1587 1370 1738 1439 φύσιν
1763 1372 1893 1422 ἐστὶν
1917 1391 1962 1429 15

298 1458 317 1503 ὁ
347 1451 556 1522 πέμψας
582 1452 646 1520 με’
666 1457 804 1520 φησι,
833 1452 956 1506 Θεὸς
983 1453 1204 1517 δηλονότι
1231 1455 1307 1504 καὶ
1337 1453 1521 1518 Πατήρ.

375 1534 515 1585 Κατὰ
558 1533 664 1586 τόδε
710 1533 896 1600 νοήσεις
941 1534 995 1586 τὸ
1041 1538 1209 1603 σχῆμα
1255 1537 1330 1586 καὶ
1371 1534 1425 1586 τὸ
1467 1537 1515 1586 ἐν
1555 1539 1622 1605 τῷ
1666 1533 1893 1603 προφήτῃ

1102 1623 1121 1632 Α

72 1629 226 1710 ἓ28ῥ.
257 1617 507 1681 εκείμενον
535 1616 722 1686 ‘Hcral'qc
760 1620 864 1684 περὶ
903 1621 1122 1684 Χριστοῦ
1157 1625 1184 1647 “
1208 1621 1364 1668 Γνῶτε
1403 1616 1512 1681 ἔθνη
1552 1619 1627 1668 καὶ
1665 1617 1889 1680 ἡττᾶσθε,

105 1691 128 1711 S.
144 1691 212 1712 Vlll.

71 1732 157 1765 910
299 1699 375 1750 “5

379 1722 422 1751 τι
459 1700 564 1764 μεθ’
606 1700 739 1764 ἡμῶν
778 1701 803 1750 ὁ
843 1698 1005 1761 Θεὸς,”
1040 1699 1242 1766 ἁρμόσει
1290 1698 1375 1763 μὲν
1413 1699 1507 1766 γὰρ
1554 1701 1579 1750 ὁ
1625 1700 1699 1750 ἐπὶ
1740 1698 1891 1768 τούτῳ

298 1780 445 1848 λόγος
471 1784 548 1833 καὶ
573 1782 642 1833 ἐπ’
672 1782 798 1850 αὐτῷ
829 1780 915 1845 τὴν
943 1787 1027 1832 τοῦ
1063 1781 1301 1848 σώζεσθαι
1336 1782 1664 1844 πεποιημένοις
1699 1781 1885 1832 ἐλπίδα·
1912 1807 1962 1831 20

298 1866 422 1933 φασὶ
463 1864 512 1915 δὲ
551 1864 676 1927 ὅμως
710 1866 785 1914 καὶ
821 1863 948 1914 οῦτοι
984 1862 1038 1914 τό
1076 1865 1203 1915 Μεθ’
1232 1864 1364 1928 ἡμῶν
1390 1865 1415 1914 ὁ
1443 1862 1578 1926 Θεὸς,
1606 1865 1692 1931 οὐχ
1727 1861 1891 1929 ὥσπερ

299 1946 358 1998 ἂν
403 1948 446 1998 εἴ
491 1970 562 2001 τις
610 1945 874 2010 ὑπονοήσαι
924 1944 1084 2014 τυχὸν,
1136 1946 1208 1996 ὅτι
1258 1944 1491 2012 συνεργὸς
1539 1945 1625 2008 μὲν
1670 1944 1762 2012 γὰρ
1814 1946 1889 1996 καὶ

297 2027 712 2095 συμπαραστάτης
750 2028 887 2079 ἔσται
914 2027 1052 2090 Θεὸς,
1078 2028 1191 2078 ἀλλ’
1221 2027 1291 2079 ὅτι
1317 2029 1424 2091 μεθ’
1454 2028 1599 2091 ἡμῶν,
1625 2028 1886 2090 τουτέστιν,

296 2111 354 2180 ἐξ
375 2111 522 2175 ἡμῶν.
575 2111 823 2177 ἄνθρωπος
848 2109 934 2174 μὲν
960 2109 1053 2176 γὰρ
1080 2110 1274 2176 γέγονεν
1299 2111 1324 2160 ὁ
1350 2115 1433 2161 τοῦ
1461 2113 1586 2161 Θεοῦ
1614 2108 1786 2174 Λόγος,
1813 2111 1891 2160 καὶ

296 2195 346 2243 ἐν
386 2193 538 2263 τούτῳ
583 2192 757 2246 πάντες
803 2191 1189 2256 διασεσώσμεθα,
1230 2194 1306 2243 καὶ
1350 2191 1658 2260 διεῤῥήξαμεν
1703 2190 1762 2241 τὰ
1806 2197 1888 2242 τοῦ
1911 2208 1959 2247 25

296 2274 503 2326 θανάτου
550 2273 720 2336 δεσμὰ,
775 2276 851 2325 καὶ
900 2273 987 2338 τὴν
1035 2275 1086 2324 ἐκ
1136 2276 1219 2338 τῆς
1268 2275 1499 2339 ἁμαρτίας
1550 2271 1890 2336 ἀπεδυσάμεθα

296 2356 497 2425 φθορὰν,
548 2356 736 2422 ἐπείπερ
787 2355 1113 2420 καταβέβηκεν
1164 2359 1227 2409 εἷς
1288 2356 1423 2419 ἡμᾶς,
1471 2357 1548 2405 καὶ
1597 2355 1703 2416 μεθ’
1756 2355 1889 2418 ἡμῶν

249 2447 276 2489 b
296 2439 489 2505 γε’γονεν
515 2439 539 2488 ὁ
564 2439 613 2488 ἐν
638 2440 803 2505 μορφῇ
826 2442 911 2487 τοῦ
939 2440 1065 2487 Θεοῦ
1092 2435 1319 2504 ὑπάρχων
1345 2434 1467 2489 Θεὸς
1495 2434 1667 2501 Λόγος.
1723 2433 1888 2502 ὥσπερ

341 2584 376 2619 3.
401 2572 502 2608 αὐτὸς
519 2573 537 2605 ὁ
555 2571 640 2626 φεος
660 2571 714 2616 (=
734 2569 850 2615 αὐτὸς)
872 2570 915 2604 Β.
933 2576 967 2605 et
984 2570 1032 2604 ita
1051 2570 1129 2616 Syr.
1148 2571 1248 2607 αὐτὸς
1266 2571 1351 2606 Θεὸς
1369 2570 1437 2605 Ed.
1663 2569 1696 2604 6.
1723 2571 1788 2614 ζωὴ
1808 2569 1886 2615 Syr.

295 2640 327 2676 7.
353 2629 473 2676 μόνος]
497 2635 533 2670 -i—
555 2631 599 2665 ὡς
620 2621 737 2663 Holst.
758 2627 824 2662 Ed.
842 2627 962 2662 invitis
982 2627 1025 2661 B.
1046 2627 1124 2673 Syr.
1426 2638 1460 2672 9.
1485 2641 1521 2661 τε
1539 2633 1762 2671 assumptum
1780 2639 1821 2660 ex
1842 2626 1885 2661 B.

297 2688 350 2711 12.
377 2678 563 2720 ἐπικουρῶν
579 2675 742 2710 emendat
762 2675 891 2720 Heyse.
910 2675 1090 2718 ἐπίκουρον
1109 2675 1150 2709 B.
1171 2674 1237 2709 Ed.
1409 2684 1463 2717 15.
1490 2674 1585 2707 ἐστὶν
1602 2679 1826 2717 assumptum
1844 2685 1886 2706 ex

295 2723 372 2758 B.a.
473 2733 526 2768 17.
554 2723 688 2767 νοήσεις
703 2723 742 2756 τὸ
763 2722 837 2756 B.a.
856 2720 1016 2765 νοὴσοιτο
1038 2721 1100 2756 Ht.
1121 2721 1188 2757 Ed.
1293 2722 1417 2756 18—20.
1443 2721 1706 2765 Γνῶτε--λόγος
1723 2720 1765 2754 Β.
1785 2726 1818 2754 et
1836 2719 1886 2754 Sic

292 2786 363 2819 fere
379 2786 442 2820 Ht.
455 2786 527 2829 μεθ’
548 2786 638 2829 ἡμῶν
655 2788 673 2819 ὁ
692 2786 789 2825 Θεὸς,
806 2788 913 2830 γνῶτε
931 2784 1010 2827 ἔθνη
1028 2810 1245 2820 ..........
1259 2786 1277 2818 ὁ
1295 2786 1400 2829 λόγος
1411 2784 1507 2818 Aub.
1604 2794 1659 2817 20.
1679 2770 1824 2816 ἐπαύτοῦ
1840 2781 1883 2815 Β.

293 2832 343 2866 ἐπ’
363 2833 465 2865 αὐτοῦ
486 2833 548 2866 Ht.
566 2833 633 2866 Ed.
752 2842 807 2874 24.
835 2829 891 2876 ἐξ]
912 2829 958 2866 εἷς
983 2831 1021 2874 ἐξ
1047 2831 1141 2865 haud
1167 2832 1256 2865 male
1282 2836 1321 2864 ut
1344 2830 1415 2865 vid.
1435 2830 1529 2864 Aub.
1549 2828 1596 2865 εἷς
1613 2841 1684 2863 non
1702 2828 1807 2862 habet
1826 2827 1882 2868 B„

292 2878 397 2912 habet
420 2884 536 2912 autem
555 2880 588 2921 (e
612 2879 681 2923 sil.)
701 2890 730 2912 a.
876 2888 931 2923 25.
959 2878 1177 2923 διεσώσμεθα
1197 2878 1239 2912 B.
1262 2878 1325 2913 Ht.
1343 2876 1612 2921 διασεσώσμεθα
1629 2874 1826 2910 emendavit
1843 2881 1883 2909 ut

293 2924 363 2960 vid.
382 2925 476 2960 Aub.
