2037 3266
331 140 415 181 614
731 142 780 183 B.
815 143 1091 184 CYRILLI
1132 144 1514 186 ALEXANDR.
1784 144 1867 185 xvi.
1885 157 1924 195 4.

334 249 526 318 Πατέρα,
567 251 592 300 ὁ
636 250 719 302 τὸν
758 252 816 321 ἐξ
857 254 1000 304 αὐτοῦ
1039 251 1286 321 πεφηνότα
1326 251 1487 319 Λόγον
1526 256 1608 318 τῆς
1651 253 1926 320 πρεπούσης

331 329 473 400 δόξης
508 331 599 401 ἔξω
635 335 784 396 τιθεὶς,
814 333 934 385 κατά
973 357 1027 400 γε
1061 333 1144 385 τὸν
1169 334 1287 386 ἰ’διον
1313 335 1513 387 σκοπόν.
1576 339 1678 389 πῶς
1713 333 1806 402 γὰρ
1842 336 1926 386 οὐκ

331 414 674 468 ἀνενδοιάστως
716 414 1010 483 παραδεκτὸν
1053 415 1185 482 παρά
1225 439 1279 482 γε
1325 422 1422 470 τοῖς
1468 416 1825 485 νουνεχέστερον
1866 420 1924 485 τῇ

329 500 424 546 τῶν
461 492 757 563 πραγμάτιον
795 498 939 566 φύσει
977 502 1278 564 προσβαλεῖν
1316 499 1599 563 δυναμένοις,
1640 502 1701 552 ὡς
1739 499 1923 566 ἐπείπερ

329 579 460 630 ἐστὶν
500 579 750 641 ὁμοούσιος
791 583 857 648 τῷ
899 580 1070 645 Πατρὶ,
1110 580 1316 644 λαλήσει
1355 579 1442 644 μὲν
1478 580 1666 633 πάντως
1703 579 1762 631 τὰ
1803 580 1963 634 κατά5

109 675 188 710 915
204 674 255 709 A.
286 660 567 725 εβούλησιν
609 666 691 711 τοῦ
743 659 949 727 Πατρὸς,
992 663 1054 714 ὡς
1106 660 1154 712 δὲ
1206 658 1428 712 κοινωνὸν
1473 665 1557 726 τῆς
1608 661 1750 730 δόξης
1802 661 1922 729 ἔχων

106 1494 117 1514 1
135 1483 220 1515 Reor.

101 1527 168 1559 viii.
187 1536 212 1567 7.

330 741 485 805 αὐτὸν,
534 742 626 811 ἕξει
681 741 737 806 δὴ
791 741 980 796 πάντως
1033 745 1108 793 καὶ
1157 742 1569 807 συλλυπούμενον,
1622 745 1694 813 ἐφ’
1746 743 1813 797 οἷς
1864 743 1923 794 ἂν

328 825 563 875 πταίωσιν
593 828 656 878 εἷς
694 822 836 875 αὐτόν
866 847 1002 878 τινες.
1059 826 1366 890 ἀπολογεῖται
1405 826 1560 877 τοίνυν
1595 827 1643 877 ἐν
1677 825 1858 881 τούτοις
1896 829 1921 878 ὁ

331 906 504 972 Κύριος
538 907 669 970 ἡμῶν
693 907 881 971 Ἰησοῦς
908 907 932 957 ὁ
960 907 1186 973 Χριστὸς,
1215 909 1290 958 καὶ
1315 910 1568 976 μονονουχὶ
1595 913 1690 959 τῶν
1716 909 1914 959 Ἰουδαϊ-

329 993 423 1039 κῶν
463 987 783 1053 τολμημάτων
823 993 1085 1054 κατηγορεῖ,
1124 989 1297 1056 πικρὰν
1338 992 1413 1040 καὶ
1454 990 1670 1056 ὀλέθριον
1711 992 1920 1042 ἐντεῦθεν
1943 1010 1992 1036 10

328 1072 497 1124 ἐπιθεὶς
521 1070 607 1131 τὴν
632 1073 801 1140 ψῆφον
828 1076 924 1125 τοῖς
956 1069 1097 1122 αὑτὸν
1123 1071 1401 1138 ἀτιμάζουσι
1438 1071 1513 1123 διὰ
1545 1075 1626 1136 τῆς
1662 1076 1723 1126 εἷς
1755 1071 1921 1126 αὐτοὺς

327 1151 433 1206 τοὺς
485 1153 647 1218 ἁγίους
697 1152 1000 1207 ἀποστόλους
1052 1153 1307 1218 ὠμότητος.
1388 1154 1441 1204 οὐ
1492 1153 1587 1220 γὰρ
1637 1158 1699 1208 εἷς
1755 1154 1921 1209 αὐτοὺς

326 1235 492 1300 κυρίως
532 1236 556 1285 ὁ
595 1238 677 1298 τῆς
715 1236 1043 1299 πλημμελείας
1081 1233 1484 1302 περιτραπήσεται
1523 1234 1682 1302 λόγος,
1718 1236 1829 1286 ἀλλ’
1858 1239 1921 1291 εἷς

326 1316 468 1367 αὐτὸν
507 1316 800 1382 ἀναβήσεται
843 1316 925 1368 τὸν
964 1320 1045 1381 τῆς
1086 1318 1210 1371 θείας
1252 1319 1530 1382 ἀποστολῆς
1571 1319 1726 1372 αὐτοῖς
1767 1319 1915 1369 ἐπιτι-

326 1398 464 1449 θέντα
502 1398 589 1463 τὴν
622 1400 931 1465 λειτουργίαν,
964 1398 1175 1466 καθάπερ
1214 1399 1376 1462 ἀμέλει
1417 1401 1493 1450 καὶ
1531 1398 1650 1466 πρὸς
1690 1399 1918 1464 Σαμουήλ
1940 1423 1988 1460 15

279 1491 438 1533 b7rore
479 1480 561 1531 τὸν
592 1480 726 1547 ἅγιον
759 1479 893 1547 ἐ’λεγε
930 1484 1035 1548 περὶ
1074 1486 1168 1532 τῶν
1200 1487 1311 1533 υἱῶν
1336 1481 1540 1548 Ἰσραήλ
1566 1480 1729 1533 ““On
1768 1483 1822 1532 οὗ
1860 1481 1919 1533 σὲ

327 1569 354 1592 “
380 1562 755 1631 ἐξουθενήκασιν,
782 1564 892 1614 ἀλλ’
921 1562 949 1627 ὴ
977 1564 1055 1627 ἐμὲ
1082 1562 1462 1632 ἐξουθενήκασι,”

399 1648 612 1710 Πρᾶγμα
661 1650 910 1712 τοιγαροῦν
960 1645 1353 1714 σφαλερώτατον,
1398 1644 1452 1696 τὸ
1504 1644 1568 1709 μὴ
1619 1650 1715 1700 τοῖς
1767 1647 1918 1712 ἁγίοις

322 1724 501 1777 ἐθέλειν
532 1726 618 1790 τὴν
649 1727 803 1780 αὐτοῖς
839 1726 1194 1792 ἁρμοδιωτάτην
1225 1729 1468 1791 ἀπονεῖμαι
1502 1726 1655 1791 τιμήν·
1709 1729 1913 1795 ἀναδρα-

321 1813 471 1871 μεῖται
517 1807 610 1874 γὰρ
655 1811 737 1872 τῆς
783 1811 845 1862 εἷς
890 1807 1055 1862 αὐτοὺς
1099 1810 1428 1873 πλημμελείας
1473 1810 1498 1859 ὃ
1544 1810 1688 1875 λόγος
1730 1814 1793 1865 εἷς
1833 1809 1917 1861 τὸν
1937 1833 1986 1859 20

323 1891 678 1941 ἀποστείλαντα
716 1890 898 1944 αὐτούς.

281 2073 304 2107 4
372 2058 506 2099 Ἀλλὰ
544 2061 678 2100 ταῦτα
716 2059 938 2099 λελάλΗκα
977 2055 1084 2109 ὑμῖν,
1122 2057 1191 2099 ἵνα
1230 2059 1332 2102 ὅταν
1364 2058 1469 2117 ἔλθῌ
1510 2059 1532 2100 ἡ
1572 2060 1666 2116 ὥρα
1705 2057 1862 2110 αὐτῶν,

611 2143 904 2190 μνΗμονεύΗτε
943 2141 1099 2193 αὐτῶν,
1136 2142 1202 2185 ὅτι
1239 2142 1326 2189 {fob
1363 2138 1483 2184 εἶπον
1521 2139 1631 2191 ὑμῖν.

282 2272 304 2298 e
397 2250 506 2316 Οὐχ
532 2249 688 2315 ἑτερου
713 2272 796 2300 του
822 2248 960 2317 χάριν
985 2251 1090 2316 περὶ
1116 2249 1295 2300 τούτων
1321 2250 1477 2303 αὐτοῖς
1511 2252 1800 2313 πεποιῆσθαι
1831 2247 1914 2300 τὸν

321 2330 471 2396 λόγον
506 2330 910 2398 διισχυρίζεται,ἢ
948 2331 1023 2381 ἵνα
1062 2331 1352 2396 γινώσκοιεν,
1387 2330 1456 2381 ὅτι
1497 2330 1552 2395 δὴ
1591 2330 1779 2384 πάντως
1816 2335 1911 2385 τοῖς
1933 2350 1982 2389 25

321 2414 376 2463 δι’
405 2411 546 2463 αὐτὸν
573 2411 888 2477 ὁμιλήσαντες
913 2417 1194 2479 πειρασμοῖς
1220 2415 1301 2476 τῆς
1329 2412 1571 2479 ἁμαρτίας,
1595 2412 1680 2477 τὴν
1705 2414 1914 2464 ἐντεῦθεν

319 2496 693 2561 ἀποκερδανοῦσι
746 2494 908 2563 δόξαν.
980 2495 1033 2545 οὐ
1076 2493 1169 2561 γὰρ
1215 2494 1272 2558 δὴ
1316 2497 1584 2561 προείρηκα,
1627 2496 1764 2562 φησὶ,
1805 2494 1914 2548 τοὺς

317 2576 481 2630 τόνους
532 2580 615 2640 τῆς
668 2577 889 2643 ὑμετέρας
950 2577 1153 2630 διανοίας
1210 2581 1592 2643 προαπονευρῶν,
1644 2577 1754 2627 ἀλλ’
1809 2575 1913 2627 οὐδὲ

316 2659 536 2725 πρόωρον
563 2660 669 2722 ὑμῖν
697 2660 746 2709 ἐκ
780 2664 862 2709 τοῦ
898 2659 1151 2710 πείθεσθαί
1182 2681 1225 2708 τι
1263 2661 1539 2724 προσδοκᾶν
1571 2657 1825 2722 ἐπινοήσας
1857 2656 1912 2708 τὸ

319 2743 465 2804 δεῖμα,
491 2740 839 2806 προγινώσκειν
875 2738 922 2790 δὲ
961 2744 1152 2803 μᾶλλον
1192 2739 1361 2802 διδους,
1391 2740 1467 2790 ἵνα
1506 2739 1665 2804 διττὴν
1703 2741 1912 2791 ἐντεῦθεν
1930 2753 1980 2789 30

371 2868 422 2901 13.
449 2856 759 2901 περιτραπήσονται
779 2857 823 2891 Ε.
998 2870 1049 2902 19.
1076 2857 1206 2892 ἐθέλειν
1225 2858 1266 2891 Ε.
1285 2857 1396 2891 θέλειν
1416 2856 1481 2890 Ed.
1650 2867 1705 2891 22.
1730 2856 1838 2890 αὐτῶν
1854 2867 1909 2889 as·

316 2909 498 2946 sumptum
517 2916 557 2936 cx
580 2904 617 2936 E.
740 2915 794 2945 24.
821 2904 1037 2939 πεποιεῖσθαι
1058 2905 1097 2939 Ε.
1221 2904 1276 2938 26.
1304 2904 1405 2938 αὐτὸν
1425 2904 1510 2938 EF.
1530 2903 1596 2938 Ed.
1617 2915 1689 2949 mg.
1708 2903 1817 2938 αὐτῶν
1836 2901 1906 2936 Ed·

320 2961 374 2995 29.
401 2949 579 2984 πείθεο-θαι
602 2950 640 2983 Ε.
660 2950 843 2985 πείσεσθαι
864 2951 928 2984 Ed.
