2022 3272
127 118 198 158 xii.
219 128 285 170 27,
306 120 371 160 28.
417 116 483 157 IN
518 116 560 156 S.
585 114 755 155 JOAN.
824 111 932 152 LIB.
951 111 1080 151 VIII.
1144 109 1531 150 FRAGMENTA.
1632 108 1715 147 317

127 227 435 293 ἀνεκομίζετο·
491 228 540 277 ἐν
578 226 704 294 αὐτῷ
744 223 792 275 δὲ
830 227 906 274 καὶ
944 223 1003 274 τὰ
1045 221 1159 288 ὑπὲρ
1200 222 1350 290 φύσιν
1388 220 1714 286 ε’κερδοίναμεν.

127 307 204 359 διὰ
229 308 323 375 γὰρ
348 314 487 360 τοῦτο
515 310 589 359 καὶ
628 308 839 373 δεύτερος
865 305 1025 369 Ἀδὰμ
1060 303 1426 368 κατωνόμασται
1459 302 1588 368 παρὰ
1619 307 1719 356 ταῖς
1788 310 1945 367 1ξ“”’”-Χν-

128 392 271 445 θείαις
322 395 544 460 γραφαῖς.
623 388 787 456 ὥσπερ
838 388 886 440 δὲ
944 390 1005 442 ὡς
1060 388 1310 454 ἄνθρωπος
1367 387 1584 437 ἐπείνασε
1645 386 1721 434 καὶ
1783 363 1835 391 4³⁴

128 474 394 535 ἐκοπίασεν,
433 474 555 524 οὕτω
595 474 671 523 καὶ
710 470 793 522 τὸν
832 473 881 522 ἐκ
920 476 1004 521 τοῦ
1042 469 1224 522 πάθους
1266 469 1448 536 δέχεται
1491 469 1718 533 θόρυβον,
1742 481 1768 521 b

88 570 110 608 5
130 558 192 609 ὡς
219 556 529 621 ἀνθρώπινον.
583 553 862 621 ταράττεται
899 551 947 603 δὲ
983 553 1071 620 οὐχ
1104 550 1267 619 ὥσπερ
1294 552 1438 615 ἡμεῖς,
1466 550 1575 600 ἀλλ’
1606 548 1725 599 ὅσον

130 641 193 692 εἰς
227 638 458 702 αἴσθησιν
484 636 630 701 μόνον
658 638 968 703 ὑπενεχθῆναι
1002 640 1085 686 τοῦ
1118 633 1415 701 πράγματος,
1443 630 1542 682 εἶτα
1577 630 1726 682 πάλιν

131 719 265 774 εὐθὺς
309 723 373 773 εὶς
416 718 503 783 τὴν
547 721 696 787 ἑαυτῷ
748 717 1028 785 πρέπουσαν
1071 716 1328 780 εὐτολμίαν
1371 717 1606 782 ἀναπηδᾷ.
1675 714 1726 763 ἐκ

131 802 312 853 τούτων
339 804 486 865 δῆλον
518 800 589 851 ὅτι
626 802 703 851 καὶ
737 798 904 869 ψυχὴν
934 797 1027 866 εἶχε
1063 798 1279 864 λογικήν.
1335 796 1500 863 ὥσπερ
1539 795 1633 862 γὰρ
1671 793 1726 845 τὸ

131 887 353 948 πεινῆσαι
389 881 533 951 τυχὸν
566 882 714 948 ἤγουν
749 882 891 952 ἑτέρῳ
927 883 1016 933 τινὶ
1049 885 1143 932 τῶν
1179 880 1405 931 τοιούτων
1439 882 1726 944 περιπεσεῖν,

67 990 115 1015 10
133 966 250 1018 ἰ’διον
270 969 352 1030 τῆς
380 965 561 1031 σαρκὸς
587 965 754 1027 πάθος,
772 966 893 1016 οὕτω
915 966 992 1015 καὶ
1015 963 1068 1015 τὸ
1095 962 1414 1029 ταράττεσθαι
1441 960 1517 1012 διὰ
1543 959 1728 1024 μνήμης

134 1051 216 1112 τῆς
242 1053 337 1099 τῶν
364 1051 540 1110 δεινῶν,
562 1050 726 1115 ψυχῆς
752 1045 811 1098 ἂν
839 1046 906 1111 ε’ίη
929 1045 1082 1099 πάθος
1109 1049 1192 1109 τῆς
1219 1042 1478 1112 λογικῆς,ᾗ
1505 1045 1581 1094 καὶ
1606 1042 1726 1110 μόνῃ
1746 1069 1768 1095 e

134 1132 245 1196 ἡμῖν
279 1130 355 1182 διὰ
391 1135 486 1181 τῶν
523 1128 830 1194 ἐνθυμήσεων
861 1130 1205 1194 ἐπεισκρίνεται
1243 1127 1418 1192 μνήμη.
1468 1128 1598 1177 οὔπω
1634 1124 1730 1191 γὰρ

135 1215 184 1264 ἐν
210 1214 337 1282 αὐτῷ
369 1216 435 1282 τῷ
469 1216 665 1281 σταυρῷ
702 1210 909 1278 γεγονὼς
949 1213 973 1262 ὁ
1005 1209 1237 1276 Χριστὸς,
1267 1209 1488 1277 πρόωρον
1515 1208 1732 1271 ὑπομένει

136 1295 220 1348 τὸν
254 1295 473 1361 θόρυβον,
506 1293 942 1361 προαναθεωρήσας
977 1292 1201 1358 δηλονότι
1235 1292 1290 1343 τὸ
1326 1291 1524 1355 μέλλον,
1557 1292 1632 1341 καὶ
1666 1298 1733 1358 τῷ

71 1399 118 1438 15
137 1382 363 1447 λογισμῷ
402 1376 522 1444 πρὸς
562 1376 649 1441 τὴν
688 1381 783 1428 τῶν
822 1378 1064 1439 ἐσομένων
1102 1374 1292 1440 μνήμην
1334 1373 1614 1441 ὑπενεχθείς.
1679 1370 1734 1422 τὸ

137 1460 232 1528 γὰρ
258 1463 341 1524 τῆς
368 1460 543 1513 δειλίας
568 1457 735 1522 πάθος,
762 1460 867 1510 οὔτε
894 1461 977 1522 τῆς
1012 1459 1224 1511 ἀπαθοῦς
1257 1457 1464 1520 εἴποιμεν
1490 1455 1731 1519 θεότητος,

140 1543 245 1594 οὕτε
283 1541 377 1607 μὴν
415 1545 498 1606 τῆς
536 1540 733 1608 σαρκός·
789 1545 1045 1607 λογισμῶν
1079 1539 1173 1607 γὰρ
1212 1540 1317 1590 ἔστι
1355 1541 1532 1608 ψυχῆς,
1567 1539 1642 1587 καὶ
1683 1536 1736 1586 οὐ

141 1624 319 1692 σαρκὸς
354 1623 409 1676 τὸ
443 1623 613 1679 πάθος.
670 1628 707 1675 εἰ
747 1624 795 1675 δὲ
836 1626 913 1674 καὶ
948 1625 1002 1674 τὸ
1038 1624 1220 1689 ἄλογον
1252 1621 1360 1689 ε”χον
1390 1619 1558 1690 ψυχὴν
1591 1624 1734 1685 θορυ-

141 1713 292 1770 βεῖται
320 1709 396 1758 καὶ
422 1705 714 1773 ταράττεται,
741 1706 855 1757 ἀλλ’
885 1707 938 1757 οὐ
965 1705 1041 1756 διὰ
1069 1704 1270 1770 μνήμης,
1298 1702 1404 1755 οὐδὲ
1431 1705 1657 1771 λογισμῷ
1682 1699 1737 1751 τὸ

74 1815 124 1840 20
143 1789 372 1853 ἐσόμενον
409 1795 813 1856 προανασκοποῦν
851 1788 1004 1842 πάθος
1049 1789 1124 1840 ἐπὶ
1165 1787 1344 1839 δειλίαν
1384 1785 1582 1852 ἔρχεται,
1623 1785 1733 1834 ἀλλ’
1755 1789 1782 1830 (1

145 1872 257 1924 ὅταν
285 1873 440 1925 αὐτοῖς
467 1873 649 1922 ἁλῶναι
684 1874 876 1939 γένηται
912 1876 1010 1925 τοῖς
1045 1873 1215 1932 κακοῖς,
1242 1869 1347 1920 τότε
1383 1873 1467 1919 τοῦ
1501 1865 1738 1932 παρόντος

145 1953 360 2005 κινδύνου
400 1954 630 2019 συλλέγει
672 1953 813 2017 μόλις
856 1950 944 2017 τὴν
983 1952 1225 2016 αἴσθησιν.
1288 1956 1370 2002 νῦν
1409 1949 1457 2000 δὲ
1495 1951 1520 2000 ὁ
1564 1948 1739 2014 Κύριος

145 2041 428 2104 θορυβεῖται,
456 2037 538 2086 οὐκ
574 2036 631 2104 ἐξ
661 2033 726 2086 ὧν
753 2035 937 2097 βλέπει,
964 2035 1075 2085 ἀλλ’
1104 2034 1160 2102 ἐξ
1194 2031 1258 2084 ὧν
1285 2034 1559 2096 ἐνθυμεῖται,
1584 2032 1659 2080 καὶ
1685 2029 1743 2098 ἐξ

146 2118 212 2170 ὧν
251 2122 514 2187 προσδοκᾷ.
581 2119 692 2168 ἀλλ’
731 2116 835 2168 οὐδὲ
877 2115 1004 2169 εἶπεν
1043 2118 1067 2167 ὁ
1111 2115 1328 2182 Χριστός
1365 2116 1430 2165 ‘H
1472 2113 1606 2181 σάρξ
1648 2135 1740 2176 μου

78 2226 127 2265 25
147 2200 438 2272 τετάρακται,
469 2200 580 2250 ἀλλ’
615 2203 636 2261 ἡ
675 2198 813 2269 ψυχή
851 2224 953 2268 μου,
987 2197 1073 2263 τὴν
1108 2202 1204 2250 τῶν
1238 2200 1480 2264 αἱρετικῶν
1516 2195 1740 2246 ὑπόνοιαν

147 2283 526 2351 παρωθούμενος.
582 2285 620 2332 εἰ
665 2280 713 2332 δὲ
759 2283 835 2332 καὶ
880 2282 929 2332 ἐν
969 2284 1027 2349 τῇ
1078 2284 1263 2349 παλαιᾷ
1307 2279 1479 2349 φήσεις
1523 2280 1739 2344 εἰρῆσθαι

116 2367 119 2371 “
149 2365 241 2419 ὑπὸ
281 2370 407 2417 Θεοῦ
444 2362 564 2431 πρὸς
594 2364 848 2418 Ἰουδαίους
888 2371 914 2394 ‘⁶
936 2363 1182 2428 Νηστείαν
1219 2364 1295 2413 καὶ
1334 2362 1505 2428 ἀργίαν
1539 2361 1615 2411 καὶ
1655 2358 1739 2413 τὰς
1799 2373 1950 2415 Es.i.13,

1802 2428 1849 2460 14.

198 2482 278 2517 3—5.
305 2471 680 2516 ὥσπερ-ἀνθρώπινον
697 2483 766 2504 om.
787 2482 816 2504 c.
838 2470 944 2504 Cord.
1127 2483 1160 2512 4.
1187 2469 1339 2512 ε’κοπώθη
1358 2469 1426 2502 ak.
1619 2466 1652 2500 6.
1680 2467 1740 2499 τοῦ

149 2521 349 2564 πράγματος
366 2525 399 2551 et
416 2519 518 2561 μόνον
534 2519 625 2551 inter
643 2529 678 2550 se
696 2523 933 2561 transponunt
951 2517 1018 2551 b.c.
1038 2515 1145 2550 Cord.
1286 2525 1317 2560 7.
1344 2515 1441 2549 εὐθὺς
1458 2518 1680 2557 assumptum
1699 2524 1742 2546 ex

151 2566 220 2600 b.c.
240 2564 347 2599 Cord.
419 2564 508 2609 αὐτῷ
526 2564 562 2597 b.
634 2563 785 2606 ἀναπηδᾶ
805 2576 833 2597 c.
855 2563 962 2598 Cord.
981 2563 1154 2605 ἀναπηδᾶν
1173 2561 1241 2596 Ed.
1393 2562 1426 2595 8.
1452 2559 1508 2604 τὸ]
1529 2562 1575 2604 τῷ
1594 2559 1741 2602 (errore)

151 2612 247 2646 Aub.
344 2622 377 2655 9.
403 2612 507 2656 ἤγουν
523 2610 592 2644 b.c.
613 2609 720 2643 Cord.
740 2599 845 2652 fJ‘Ed.
945 2620 999 2643 11.
1025 2607 1063 2653 ἧ]
1084 2609 1100 2652 ἡ
1123 2621 1152 2642 c.
1168 2609 1196 2642 εἷ
1215 2607 1320 2642 Cord.
1421 2617 1473 2639 12.
1501 2604 1594 2649 ἡμῖν]
1615 2609 1650 2645 -l-
1670 2604 1688 2647 ἡ
1706 2605 1742 2639 b.

156 2670 210 2704 13.
236 2659 384 2704 γεγονὼς
409 2659 426 2690 ὁ
451 2657 613 2702 Χριστὸς,
638 2658 794 2700 πρόωρον
814 2656 953 2690 a.b.c.k.
973 2655 1079 2690 Cord.
1101 2656 1239 2700 γέγονεν
1265 2656 1282 2687 ὁ
1308 2655 1469 2697 Χριστός.
1503 2653 1660 2697 πρόωρον
1685 2650 1744 2686 οῦν

154 2705 232 2739 Cat.
253 2705 351 2738 Harl.
372 2703 440 2738 Ed.
505 2702 652 2746 ὑπομένη
672 2714 702 2736 C.
817 2712 869 2745 15.
897 2702 1089 2746 ἐπενεχθεὶς
1108 2702 1140 2735 b.
1263 2700 1385 2745 15-18.
1411 2699 1604 2733 τό-πάθος
1622 2710 1692 2731 orn.
1711 2709 1742 2732 c.

156 2751 263 2786 Cord.
443 2751 497 2784 18.
523 2750 564 2783 τὰ
581 2749 708 2794 ἄλογον
726 2749 848 2793 ἔχοντα
866 2761 896 2783 c.
916 2748 1023 2783 Cord.
1208 2758 1263 2781 20.
1288 2747 1614 2791 προανασκοποῦντα
1633 2744 1742 2779 Cord.

157 2810 283 2841 22—24.
310 2797 592 2842 νῦν-προσδοκᾷ
611 2808 679 2830 om.
699 2807 729 2830 c.
749 2795 857 2829 Cord.
983 2804 1037 2840 25.
1063 2809 1128 2838 μου
1146 2806 1215 2828 om.
1235 2793 1377 2827 a.b.c.k.
1398 2792 1504 2826 Cord.
1570 2793 1744 2836 αἱρετικῶν

156 2845 298 2879 a.b.c.k.
319 2844 425 2879 Cord.
444 2845 674 2889 αἱρετιζόντων
694 2842 770 2877 Cat.
792 2842 892 2876 Harl.
912 2841 977 2876 Ed.
1114 2840 1169 2875 26.
1198 2841 1352 2885 εἰρῆσθαι
1371 2840 1435 2873 ὑπὸ
1454 2841 1542 2872 Θεοῦ
1559 2840 1643 2883 πρὸς
1659 2838 1744 2872 Ἰου-

158 2892 272 2928 δαίους
296 2892 363 2925 hoc
389 2891 511 2925 ordine
536 2890 677 2924 a.b.c.k.
706 2889 812 2923 Cord.
837 2890 922 2933 πρὸς
945 2888 1129 2923 Ἰουδαίους
1153 2888 1217 2922 ὑπὸ
1245 2890 1332 2921 Θεοῦ
1358 2886 1513 2930 εἰρῆσθαι
1540 2885 1617 2920 Cat.
1645 2885 1744 2919 Harl.

160 2938 227 2973 Ed.
370 2948 425 2983 27.
452 2938 624 2981 Νηστείαν
643 2938 695 2970 καὶ
712 2936 832 2982 ἀργίαν
850 2936 902 2970 καὶ
920 2941 1103 2980 assumpta
1120 2947 1161 2969 ex
1179 2934 1247 2969 b.c.
1269 2934 1375 2968 Cord.
