2022 3272
114 129 373 185 mmm-15.
493 134 564 173 IN
609 134 651 172 S.
686 132 1027 172 .1()ANN1·:M.
1092 132 1217 172 Lus.
1253 134 1331 172 lx.
1618 134 1701 173 353

113 238 205 307 ε”φη
235 240 354 307 πρὸς
391 241 499 295 τοὺς
537 243 704 292 ἑαυτοῦ
743 239 958 304 μαθητάς
984 241 1133 309 ιὙμεῖς
1172 241 1359 292 καλεῖτέ
1384 265 1443 310 με
1468 243 1525 292 'O
1556 242 1702 310 Κύριος

114 327 192 371 καὶ
234 328 252 373 ὁ
293 320 591 385 διδάσκαλος,
624 325 699 373 ἵνα
737 322 802 386 μή
842 346 912 376 τις
951 322 1102 387 οἴηται
1142 323 1286 391 φύσει
1324 323 1409 387 μεν
1445 323 1586 374 αὐτὸν
1620 325 1702 374 οὐκ

112 402 227 455 εἶναι
253 407 425 472 κύριον,
453 406 556 457 οὐδὲ
586 407 896 469 διδάσκαλον,
924 406 1045 473 ἔχειν
1071 405 1220 472 γεμὴν
1248 409 1309 460 ὡς
1337 408 1384 456 ἐν
1410 405 1541 474 τάξει
1568 409 1701 468 τιμῆς

112 487 241 553 παρὰ
277 492 370 538 τῶν
395 488 633 551 ἐσομένων
659 489 786 557 αὐτῷ
823 487 909 552 τὴν
933 490 1214 551 ἐπωνυμίαν,
1242 488 1505 554 ἀναγκαίως
1540 511 1695 553 προσ·

69 580 92 618 01

112 568 283 620 τέθεικε
307 569 390 624 τὰς
417 572 600 622 ἐκείνων
627 571 832 637 ἀναιρῶν
861 571 1081 624 ὑπονοίας
1114 577 1198 621 Καὶ
1230 569 1386 625 καλῶς
1414 570 1585 635 λέγετε,
1615 575 1700 637 εἰμὶ

111 650 218 719 γάρ.
265 652 318 702 οὐ
346 651 438 718 γὰρ
465 652 617 720 ψιλὸν
644 651 793 716 ὄνομα
821 653 1038 716 κε’κτηται
1064 655 1199 716 τιμῆς
1226 651 1280 702 τό
1310 652 1469 720 Κύριος,
1491 650 1703 717 καθάπερ

111 732 242 796 ἡμεῖς
281 734 451 785 οἰκέται
498 734 716 798 μένοντες
762 733 848 798 τὴν
888 734 1052 802 φύσιν,
1094 733 1514 800 λελαμπρυσμένοι
1555 733 1704 799 γεμὴν

111 814 231 865 κατὰ
270 815 409 883 χάριν
446 821 542 870 τοῖς
582 815 696 882 ὑπὲρ
732 816 882 883 φύσιν
917 838 966 866 τε
1007 817 1083 866 καὶ
1124 816 1263 884 ἀξίαν
1299 814 1546 879 ὀνόμασιν·
1590 816 1701 866 ἀλλ’
1721 838 1742 860 a

111 895 214 947 ἔστι
250 901 308 965 τῇ
343 898 488 967 φύσει
519 898 707 965 Κύριος,
742 897 1123 966 κατεξουσιάζων
1152 901 1247 947 τῶν
1284 896 1426 960 ὅλων,
1460 900 1521 950 ὡς
1558 896 1699 960 Θεὸς,

43 996 93 1022 10
112 979 231 1044 πρὸς
258 978 311 1030 ὃν
338 980 517 1046 εἴρηταί
549 1003 641 1031 που
677 979 754 1030 διὰ
789 983 872 1044 τῆς
907 985 989 1031 τοῦ
1030 979 1313 1047 ψάλλοντος
1353 983 1513 1047 φωνῆς
1542 978 1702 1030 “”Οτι

113 1067 139 1090 “
164 1059 223 1111 τὰ
261 1061 520 1125 σύμπαντα
559 1061 708 1112 δοῦλά
747 1063 885 1113 σου.”
939 1061 1042 1112 ε”στι
1082 1059 1129 1112 δὲ
1167 1065 1226 1130 τῇ
1263 1061 1408 1129 φύσει
1447 1064 1521 1112 καὶ
1568 1061 1698 1112 διδά-

111 1150 312 1197 σκαλος·
366 1151 392 1173 “
419 1148 569 1196 Πᾶσα
620 1144 714 1210 γὰρ
766 1144 920 1213 σοφία
972 1142 1104 1210 παρὰ
1159 1144 1385 1210 Κυρίου,”
1439 1146 1514 1194 καὶ
1565 1148 1704 1195 πᾶσα

111 1224 307 1280 σύνεσις
351 1225 406 1278 δι’
447 1228 607 1277 αὐτοῦ.
675 1230 830 1294 σοφοῖ
867 1225 959 1292 γὰρ
1005 1228 1067 1279 ὡς
1113 1227 1267 1294 σοφία
1312 1225 1371 1276 τὰ
1418 1225 1582 1289 νοητὰ,
1627 1229 1702 1277 καὶ

111 1306 248 1376 πάσῃ
300 1309 450 1359 κτίσει
494 1313 552 1376 τῇ
598 1311 787 1375 λογικῇ,
832 1309 1094 1377 ἐπουρανίῳ
1151 1330 1201 1358 τε
1253 1310 1329 1358 καὶ
1375 1309 1576 1376 ἐπιγείῳ,
1619 1307 1705 1371 τὴν

45 1404 92 1443 15
113 1391 230 1458 αὐτῇ
281 1392 559 1457 πρέπουσαν
609 1391 841 1456 ἐνσπείρει
892 1390 1104 1441 σύνεσιν.
1183 1390 1327 1456 ὅνπερ
1382 1390 1475 1456 γὰρ
1527 1389 1705 1456 τρόπον

113 1472 253 1526 αὐτὸς
308 1472 533 1541 ὑπάρχων
585 1474 613 1537 ἡ
669 1471 788 1524 κατὰ
834 1472 984 1541 φύσιν
1036 1471 1127 1539 ζωὴ
1179 1472 1402 1539 ζωογονεῖ
1444 1471 1503 1522 τὰ
1550 1472 1705 1524 πάντα
1723 1483 1748 1523 b

112 1554 171 1606 τὰ
225 1553 342 1620 ζωῆς
393 1554 590 1617 δεκτικὰ,
642 1556 789 1609 οὕτως
841 1554 1028 1620 ἐπείπερ
1084 1554 1224 1608 αὑτός
1286 1556 1418 1605 ε’στιν
1468 1555 1495 1617 ἡ
1552 1555 1705 1622 σοφία

112 1642 196 1688 τοῦ
245 1637 451 1704 Πατρὸς,
494 1642 645 1689 πᾶσιν
690 1638 902 1700 ἐντίθησι
945 1636 1004 1687 τὰ
1049 1637 1226 1705 σοφίας
1278 1639 1422 1703 δῶρα,
1468 1635 1706 1705 φρόνησιν

114 1717 334 1783 δηλονότι
374 1721 449 1771 καὶ
479 1724 646 1771 πᾶσαν
672 1718 853 1783 εἴδησιν
885 1720 1092 1785 ἀγαθῶν.
1146 1718 1291 1786 φύσει
1326 1724 1579 1785 τοιγαροῦν
1611 1723 1706 1769 τῶν

46 1822 96 1848 20
114 1800 242 1852 ὅλων
283 1799 456 1868 Κύριός
499 1803 603 1852 ε’στι
644 1802 720 1851 καὶ
768 1800 1059 1854 διδάσκαλος
1105 1801 1130 1850 ὁ
1169 1801 1298 1854 Υἱός.
1368 1800 1443 1851 ὅτε
1484 1802 1641 1851 τοίνυν
1681 1801 1705 1850 ὁ

112 1884 260 1949 με’γας
299 1885 346 1934 ἐν
385 1882 502 1952 δόξῃ
548 1885 623 1933 καὶ
661 1888 892 1936 τοσοῦτος
930 1881 1022 1948 ἐγὼ
1060 1882 1179 1948 πρὸς
1219 1881 1305 1946 τὴν
1345 1884 1466 1933 οὕτω
1507 1905 1705 1947 σμικρο-

113 1967 269 2031 πρεπῆ
313 1969 634 2015 καθικνεῖσθαι
678 1965 966 2015 ταπείνωσιν
1011 1965 1064 2014 οὐ
1108 1963 1406 2028 κατοκνήσας
1454 1965 1702 2031 φαίνομαι,

115 2049 178 2101 ὡς
216 2049 290 2097 καὶ
331 2045 427 2101 τους
466 2045 581 2114 ὑμῶν
620 2046 855 2114 ἀπονίψαι
896 2043 1058 2100 πόδας·
1105 2050 1206 2098 πῶς
1246 2044 1305 2096 ἀν
1344 2045 1409 2096 ε”τι
1449 2048 1525 2096 καὶ
1564 2047 1705 2109 ὑμεῖς,

115 2130 253 2198 φησὶ,
280 2131 577 2194 παραιτῆσθε
605 2127 840 2191 ἀλλήλοις
866 2132 1046 2188 ποιεῖν;
1088 2126 1298 2178 διδάσκει
1327 2128 1374 2179 δὲ
1403 2127 1478 2178 διὰ
1503 2127 1700 2190 τούτων,

48 2225 96 2264 25
114 2210 169 2261 τὸ
213 2209 278 2275 μὴ
329 2213 412 2275 τῆς
455 2209 623 2276 ἑτέρων
668 2213 806 2274 τιμῆς
856 2208 1315 2276 καταλαζονεύεσθαι
1367 2215 1543 2279 φιλεῖν,
1591 2210 1743 2261 ἀλλό

116 2291 390 2360 ὑπερφέρειν
414 2293 557 2343 αὐτοῦ
593 2294 669 2343 καὶ
702 2291 1023 2359 προτετάχθαι
1059 2292 1178 2342 κατὰ
1215 2296 1311 2343 πᾶν
1342 2293 1497 2343 ὁτιοῦν
1524 2291 1706 2342 οἴεσθαι

115 2373 198 2424 τὸν
223 2374 500 2437 ὁμόδουλον.
558 2372 708 2424 καλόν
734 2396 787 2439 γε
825 2372 1022 2443 σφόδρα
1055 2372 1110 2424 τὸ
1143 2372 1359 2438 μάθημα·
1403 2372 1707 2442 φρονήματος

116 2454 208 2522 γὰρ
253 2457 599 2524 ἀφιλοκομπεῖν
638 2455 855 2508 εἰωθότος
897 2456 979 2506 οὐκ
1019 2453 1077 2505 ἂν
1116 2453 1249 2518 οἶμαί
1282 2478 1350 2509 τις
1388 2455 1613 2522 ἐπιδείξαι
1652 2453 1706 2504 τὸ

118 2538 239 2588 ἰ’σον·
284 2537 414 2588 οὐδέν
440 2560 489 2588 τε
516 2539 636 2588 οὕτω
664 2538 875 2601 διίστησι
903 2539 979 2588 καὶ
1010 2536 1249 2605 ἀδελφοὺς
1275 2539 1350 2587 καὶ
1375 2538 1562 2604 φίλους,
1591 2538 1653 2588 ὡς
1677 2536 1706 2598 ἡ

51 2643 100 2679 30
118 2625 212 2672 τῶν
247 2619 426 2669 ἀθλίων
461 2618 692 2686 δοξαρίων
727 2617 929 2684 ἀκρατὴς
970 2618 1206 2681 ἐπιθυμία.
1274 2619 1343 2668 ἀεὶ
1381 2616 1474 2683 γάρ
1511 2639 1612 2669 πως
1650 2615 1704 2666 τὸ

168 2802 200 2838 7.
225 2791 396 2837 μένοντες]
419 2792 668 2837 Legendumne
685 2792 745 2835 μὲν
762 2792 878 2827 ὅντεςέ
1001 2792 1034 2826 S.
1060 2791 1158 2834 ἀξίαν
1176 2791 1217 2825 Ε.
1237 2791 1342 2833 ἀξίοις
1362 2790 1428 2823 Ed.
1543 2800 1597 2823 21.
1626 2804 1703 2832 σμι-

120 2841 270 2884 κοπρεπῆ
291 2840 331 2873 Ε.
350 2841 560 2883 μικροπρεπῆ
579 2851 643 2873 a.c.
664 2838 771 2873 Cord.
791 2839 857 2873 Ed.
1033 2849 1088 2880 24.
1114 2838 1325 2882 παραιτῆσθε
1344 2837 1419 2871 E.a.
1437 2837 1656 2880 παραιτεῖσθε
1676 2848 1705 2870 c.

122 2886 230 2920 cord.
249 2886 314 2921 Ed.
377 2886 503 2920 Statim
522 2887 559 2919 τὸ
577 2886 658 2919 αὐτὸ
675 2885 772 2919 addit
790 2897 819 2919 a.
885 2884 1013 2918 τούτων
1032 2884 1097 2918 Ed.
1115 2886 1215 2918 τοῦτο
1234 2884 1330 2928 prius
1349 2883 1488 2927 scripsit
1507 2883 1561 2921 E„
1581 2882 1706 2916 deinde

120 2932 227 2966 τοὺτω
246 2933 394 2966 correxit
413 2944 538 2967 manus
557 2931 688 2966 eadem.

181 3000 271 3028 VOL.
293 3001 342 3029 ΙΙ.
898 2999 918 3025 Ζ
941 3001 960 3025 Ζ

1778 827 1860 863 727
1876 826 1926 860 A.

1765 979 1819 1010 Ps.

1764 1023 1931 1064 cxviii.91.

1763 1153 1826 1187 Sir.
1844 1154 1865 1186 i.
1889 1162 1914 1184 1.
