2016 3246
69 2559 174 2598 Supra
186 2567 216 2587 v.

72 2610 121 2641 23.

262 144 343 184 112
663 139 712 180 Β.
746 135 1021 179 CYRILLI
1063 129 1444 174 ALEXANDR.
1674 123 1760 165 viii.
1780 133 1846 176 50.

260 251 541 317 π’ροτρεπων
567 250 769 302 εὐπετῶς
805 251 866 300 εἷς
900 244 1076 307 ταύτην
1111 242 1224 293 ἰέναι
1258 238 1388 292 τινὰς
1423 236 1508 300 τὴν
1540 233 1846 293 δυσσέβειαν,

262 339 402 384 τοῦτο
441 333 596 398 λέγων
636 332 812 397 ὁρᾶται,
846 330 991 378 ἐκεῖνο
1030 324 1078 376 δε
1118 328 1311 386 μᾶλλον
1350 320 1592 382 ὑποδηλοῖ,
1623 315 1720 379 ἥκω
1759 312 1852 378 γάρ

265 419 431 483 φησιν,
458 437 511 464 ου
553 412 699 481 δόξαν
733 409 818 474 τὴν
854 407 964 475 παρ’
994 408 1124 470 ὑμῶν
1150 399 1578 469 ἐμπορευσόμενος,
1609 396 1719 447 ἀλλ
1748 393 1853 444 οὐδὲ

227 496 392 550 οόλως
424 498 559 560 τιμῆς
584 493 612 559 ὴ
639 493 848 544 εὐκλειας
875 489 1173 588 γλιχόμενος.
1232 484 1549 536 τεταπείνωκα
1584 477 1678 544 γὰρ
1713 478 1853 539 ἐμαυ-

267 602 364 642 τον,
389 580 437 629 ἐν
463 578 626 645 μορφῇ
662 580 744 626 τοῦ
771 577 896 624 Θεοῦ
920 595 996 622 και
1022 566 1214 634 Πατρος
1242 565 1479 632 ὑπάρχων,
1507 585 1581 612 και
1608 561 1855 625 ἄνθρωπος
1874 575 1896 614 5

266 661 442 727 γε’γονα
478 660 586 710 καθ’
617 659 734 721 ὑμᾶς
770 656 823 706 δι’
852 656 985 718 ὑμᾶς.
1041 653 1065 702 6
1102 650 1149 701 δὲ
1186 649 1359 700 δούλου
1394 643 1585 712 μορφην
1611 643 1693 693 οὐκ
1729 641 1853 690 ἀπα-

271 743 452 812 ξιώσας
487 745 665 802 λαβεῖν,
694 738 849 807 ἐξον’
828 761 875 787 εν
907 734 1092 799 ισότητι
1129 735 1357 795 διαμεῖναι
1392 733 1450 795 τῇ
1485 724 1602 792 πρὸς
1630 722 1755 774 Θεὸν
1782 745 1857 772 και

274 824 480 891 Πατερα,
508 847 583 875 και
610 827 706 875 τοῖς
740 820 852 885 ὑπερ
891 823 1000 869 νοῦν
1026 818 1101 866 καὶ
1130 813 1293 914 λόγον,
1306 814 1556 877 ἐντρυφᾶν,
1582 811 1682 858 πῶς
1709 804 1766 855 ἂν
1793 826 1858 853 ετι

273 913 425 960 νοοῖτο
454 906 599 975 δόξαν
625 904 711 969 τὴν
735 901 824 954 ὑπό
852 924 935 952 του
962 900 1124 966 ζητῶν,
1143 898 1217 947 καὶ
1245 896 1348 962 οὐχι
1375 898 1565 957 μᾶλλον
1585 886 1860 940 ἐθελούσιον

274 993 517 1054 ὑπομεῖναι
561 987 647 1051 τὴν
691 985 886 1054 ἀδοξίαν
931 981 1006 1032 διὰ
1052 1003 1105 1031 το
1151 977 1321 1044 ἑτέροις
1365 973 1635 1043 χρήσιμονς
1692 968 1720 1034 ὴ
1767 967 1859 1034 γὰρ

274 1070 413 1125 τοῦτό
449 1076 600 1139 φησιν
625 1070 673 1119 ἐν
699 1066 880 1119 τούτοις
917 1066 940 1115 ὁ
973 1062 1202 1128 Κύριος,’
1188 1059 1217 1124 ὴ
1250 1081 1327 1110 και
1363 1058 1470 1108 καθ’
1501 1056 1657 1120 ε’τερον
1684 1050 1863 1118 τρόπον

231 1156 330 1208 (1οὐ
373 1153 521 1220 ζητεῖν
562 1150 704 1201 αὐτὸν
746 1171 832 1212 την
873 1149 1039 1198 ἑαυτοῦ
1085 1143 1231 1211 δόξαν
1270 1137 1649 1202 ὑποτοπήσομεν.
1708 1155 1863 1199 παρον

276 1259 371 1303 γαρ
398 1237 524 1303 αὐτῷ
549 1234 843 1300 παραχρῆμα
873 1226 1086 1294 κολάζειν
1113 1223 1220 1278 τοὺς
1252 1220 1497 1289 ὑβριστὰς,
1525 1221 1599 1269 καὶ
1633 1240 1717 1270 τας
1750 1214 1864 1280 ὑπερ

276 1323 360 1383 τῆς
396 1317 670 1384 δυσφημίας
707 1311 1006 1379 εἰσπράττειν
1037 1309 1180 1369 δικας,
1208 1307 1270 1360 ὡς
1305 1327 1366 1357 εις
1402 1324 1544 1354 αυτον
1570 1302 1864 1360 ἀσεβοῦντας

277 1425 361 1454 τον
388 1398 610 1451 ἁπάντων
640 1396 835 1461 Κύριον·
894 1392 1024 1459 φερει
1059 1389 1113 1440 τὸ
1150 1392 1332 1438 λυποῦν
1364 1385 1537 1451 ησυχῇ,
1565 1384 1640 1433 καὶ
1676 1382 1860 1444 διεκαρ-

278 1506 398 1550 τερει
448 1485 680 1532 τοσοῦτον
728 1479 790 1530 ὡς
841 1475 954 1540 μηδ’
1004 1472 1122 1523 όσον
1173 1473 1314 1521 εἰπεῖν
1366 1467 1684 1528 ἀντιλυπῆσαι
1735 1461 1866 1529 λόγω

280 1568 416 1634 ψιλῶ
467 1585 575 1616 τους
617 1559 849 1626 ἀλαζόνας
896 1554 1090 1607 ἐθέλειν·
1153 1553 1265 1603 ἀλλ’
1310 1551 1386 1601 ι’να
1435 1572 1499 1613 μη
1547 1547 1771 1616 φαινηται
1813 1566 1868 1593 το

282 1651 537 1707 δυσσεβεῖν
577 1647 639 1697 εἶς
684 1641 808 1693 Θεον
852 1644 947 1693 τοῖς
991 1641 1218 1704 τυχοῦσιν
1266 1631 1554 1696 ιππήλατον,
1603 1625 1870 1692 ἀναγκαιως

283 1731 437 1782 αὐτοῖς
472 1726 634 1792 ὥσπερ
673 1720 970 1790 ἐπιτειχισμά
1007 1742 1052 1770 τι
1092 1715 1366 1769 διακωλύων
1400 1736 1462 1766 εις
1495 1716 1634 1762 τοῦτο
1668 1706 1871 1772 βαδιζειν

284 1812 463 1873 εὐθεως,
494 1833 579 1872 την
620 1813 702 1858 τοῦ
745 1803 935 1871 Πατρος
974 1799 1225 1868 ἀντέταξεν
1265 1795 1426 1863 ὀργήν.
1485 1792 1871 1861 ἀνεξικακοῦντος

245 1916 377 1962 θγαρ
417 1898 499 1944 τοῦ
538 1895 670 1952 Υιοῦ,
711 1911 785 1938 και
826 1909 912 1950 την
952 1884 1072 1935 ἱδιαν
1111 1883 1164 1932 οὐ
1209 1881 1545 1931 διεκδικοῦντος
1582 1894 1873 1939 παραχρημα

286 1976 446 2045 δόξαν,
473 1975 556 2025 οὐκ
582 1971 795 2040 ἀνεξεταί
818 1967 1015 2038 φησιν
998 1989 1022 2017 ο
1050 1962 1236 2029 Πατήρ·
1283 1961 1461 2013 ἐκδικος
1495 1980 1589 2023 γαρ
1624 1977 1772 2016 εσται,
1799 1975 1873 2003 και

286 2064 382 2113 τοῖς
428 2059 676 2123 ὑβρισταῖς
720 2049 1118 2148 ἐπαναστήσεται,
1159 2045 1246 2111 οὐχ
1285 2045 1346 2096 ὡς
1385 2041 1525 2109 ἑτέρῳ
1567 2035 1876 2101 συνασπίζων

286 2164 444 2208 τυχον,
472 2137 576 2189 οὐδὲ
603 2139 664 2189 ὡς
691 2133 793 2186 ἑνος
818 2136 914 2183 τῶν
941 2131 1090 2196 ἁγίων
1118 2125 1408 2192 ὑβρισμενου
1433 2123 1690 2173 λυπεῖσθαι
1722 2117 1876 2168 θελων

289 2246 363 2274 και
401 2223 594 2287 πρέπειν
630 2215 850 2279 οἰόμενος,
883 2213 993 2263 ἀλλ
1029 2212 1091 2262 ὡς
1129 2212 1192 2261 εἷς
1231 2204 1373 2257 αὐτον
1407 2201 1757 2264 ἀναβαινούσης
1795 2201 1877 2261 τῆς

290 2303 536 2370 ἁμαρτιας·
581 2298 712 2350 οὐδεν
739 2296 833 2362 γὰρ
870 2294 995 2346 ὅλως
1029 2314 1083 2343 το
1119 2292 1428 2354 μεσολαβοῦν
1456 2284 1649 2349 Πατερα
1686 2283 1761 2332 καὶ
1795 2303 1878 2330 τον

289 2385 463 2446 Υιὸν,
449 2383 567 2434 όσον
593 2384 655 2434 εἷς
690 2378 855 2431 οὐσίας
890 2371 1153 2437 ταυτότητά
1190 2375 1359 2440 φαμεν,
1388 2365 1474 2418 κάν
1506 2366 1630 2417 ἰδίως
1664 2362 1879 2427 ἑκάτερος

292 2466 518 2533 ὑπάρχειν
563 2467 729 2514 νοοῖτο.
801 2457 877 2508 δια
912 2455 1005 2523 γάρ
1049 2477 1121 2505 τοι
1162 2458 1301 2504 τοῦτο
1342 2473 1416 2501 και
1462 2449 1486 2498 6
1530 2445 1704 2512 Κύριος
1746 2444 1879 2507 ἡμῶν

1184 2535 1194 2553 Ι

291 2547 524 2614 Ἰησοῦς
505 2570 530 2597 ο
556 2541 771 2611 Χριστος
797 2543 845 2592 ἐν
871 2539 1040 2605 ἑτέροις
1065 2540 1218 2605 φησιν
1245 2540 1271 2562 “
1291 2534 1354 2583 O
1380 2529 1444 2596 μὴ
1471 2533 1620 2593 τιμῶν
1645 2550 1727 2578 τον
1747 2525 1879 2584 Υἱὸν,

340 2671 371 2706 6.
399 2670 439 2705 δι’
459 2671 553 2713 ὑμᾶς.
588 2669 606 2701 6
625 2667 660 2701 δέ
679 2665 805 2700 δουλου
822 2662 961 2708 μορφην
978 2660 1037 2694 οὐκ
1056 2658 1099 2693 Β.
1119 2660 1136 2691 ὁ
1159 2657 1196 2691 δε
1220 2655 1346 2690 δούλου
1369 2652 1508 2699 μορφὴν
1525 2651 1584 2684 οὐκ
1602 2648 1743 2683 exhibet
1761 2653 1795 2681 et
1813 2659 1844 2681 a.
1862 2648 1881 2680 6

296 2719 350 2764 [δε
368 2685 502 2761 Αιιὶ).μ]
501 2715 542 2750 δι’
561 2715 645 2759 υμᾶς
662 2713 739 2747 οὐδὲ
759 2711 883 2746 δουλου
900 2707 1040 2753 μορφὴν
1058 2705 1178 2739 Holst.
1199 2703 1267 2737 Ed.
1420 2712 1453 2745 9.
1479 2713 1539 2732 του
1560 2697 1601 2731 Β.
1619 2710 1709 2730 τινος
1728 2694 1791 2728 Ht.
1812 2693 1879 2727 Ed.

299 2774 352 2808 15.
378 2766 509 2798 λυποῦν
528 2763 603 2796 B..a
623 2760 700 2794 Cat
722 2759 822 2793 HarL
840 2756 963 2790 λοιπὸν
985 2754 1048 2788 Ht.
1067 2752 1134 2786 Ed.
1322 2747 1375 2783 16.
1403 2747 1508 2780 εἰπεῖν
1528 2744 1569 2778 Β.
1587 2744 1708 2777 λυπεῖν
1728 2741 1791 2775 Ht.
1812 2739 1879 2773 Ed.

299 2812 351 2845 18.
381 2810 571 2853 ἱππήλατον
591 2808 665 2842 B..a
685 2806 762 2840 Cat.
785 2805 884 2839 Harl.
904 2802 1103 2843 ἱππηλατῶν
1122 2799 1186 2833 Ht.
1207 2796 1274 2831 Ed.
1342 2794 1522 2838 ἀναγκαῖον
1542 2790 1583 2824 Β.
1604 2789 1667 2823 Ht.
1685 2786 1882 2821 emendavit

295 2869 313 2891 e
332 2856 410 2890 Cat.
428 2862 468 2889 ut
485 2855 556 2889 vid.
575 2854 669 2888 Aub.
793 2862 847 2895 19
873 2846 1021 2883 διιικωλι
1016 2861 1062 2880 ον
1078 2843 1241 2879 emendat
1262 2842 1340 2886 Hey
1345 2853 1392 2875 se,
1514 2847 1569 2879 25.
1597 2837 1639 2870 ὡς
1657 2838 1881 2876 assumptum

296 2915 337 2937 ex
358 2903 432 2936 B.a.
608 2910 663 2945 27.
690 2899 757 2933 ἰδία
776 2910 806 2932 a.
810 2898 844 2932 b.
849 2908 878 2931 c.
945 2893 1073 2927 Statim
1091 2892 1248 2935 ἑκάτερος
1265 2901 1283 2923 e
1302 2888 1378 2921 Cat.
1400 2885 1500 2920 Hazl.
1520 2881 1719 2917 emendavit
1737 2879 1831 2913 A.ub
1849 2884 1881 2912 et

296 2951 342 2984 ita
361 2961 390 2984 a.
409 2948 552 2982 ἕκαστος
571 2946 685 2980 B.b.c.
706 2945 769 2979 Ht.
913 2952 968 2986 29.
996 2941 1013 2973 ὁ
1032 2939 1130 2984 prius
1148 2941 1369 2980 assumptum
1388 2945 1429 2965 ex
1450 2931 1491 2965 B.

1883 991 1992 1016 10-

1893 1816 1941 1841 20
