2037 3266
97 1625 184 1656 Phil.
202 1625 222 1656 i.

100 1678 115 1699 2
121 1678 148 1709 3.

307 119 390 159 512
709 117 759 158 B.
794 116 1064 158 CYRILLI
1106 117 1490 158 ALEXANDR.
1726 116 1807 157 xiv.
1830 116 1895 157 28.

307 227 729 297 κατευφραίνοντος
762 228 973 292 δύναμις.
1027 227 1351 293 συντέταγμαι
1377 227 1461 291 μὲν
1486 226 1579 293 γὰρ
1615 228 1677 279 ὡς
1709 227 1894 289 ἀναβη-

307 309 511 374 σόμενος
539 309 659 377 πρὸς
696 308 779 361 τὸν
807 309 1001 377 Πατέρα
1040 312 1115 360 καὶ
1155 308 1294 372 Θεὸν,
1320 311 1432 360 ἀλλ’
1464 309 1536 361 ὅτι
1569 311 1644 360 καὶ
1679 308 1897 376 ἐπανήξω

308 392 458 445 πάλιν
493 391 810 458 ἐπήγγελμαι.
868 390 1131 458 καταραίζει
1170 391 1326 443 τοίνυν
1364 390 1683 456 ἀκμαιοτάτην
1718 393 1767 441 ἐν
1801 394 1898 443 τοῖς

310 479 542 540 μαθηταῖς
576 474 663 539 τὴν
698 473 858 538 λύπην
889 474 1051 539 εὑρών·
1094 476 1170 524 καὶ
1209 472 1374 540 ὥσπερ
1413 473 1470 524 ἂν
1494 474 1536 524 εἴ
1564 497 1633 527 τις
1669 472 1897 542 φιλόπαις

267 556 459 611 ᾶὸντως
496 556 613 624 ἀνὴρ
651 558 728 607 καὶ
767 555 1086 622 ἀγαθώτατος,
1125 558 1209 620 τῆς
1250 555 1533 622 ἐνεγκούσης
1570 555 1783 621 ἀπαίρειν
1823 552 1940 607 ε’πί5

311 663 412 691 τισι
462 643 558 690 τῶν
605 639 874 705 ἀναγκαίων
917 638 1261 705 ἐκβιαζόμενος,
1307 636 1406 689 εἶτα
1455 636 1583 689 πολὺ
1631 641 1727 688 τῶν
1772 637 1898 687 ἰδίων

310 722 484 773 τέκνων
522 719 576 772 τὸ
615 719 818 787 δάκρυον
855 721 1065 783 βλέπων,
1101 720 1187 784 τὴν
1225 719 1591 788 τρυφερωτάτην
1629 720 1783 770 αὐτῶν
1823 721 1899 770 καὶ

313 805 462 872 φίλην
500 804 798 871 καταβρέχον
835 802 1050 869 παρειὰν,
1080 802 1156 854 διὰ
1193 801 1371 856 παντὸς
1409 801 1502 853 εἶσι
1540 801 1703 867 λόγου,
1731 803 1806 852 καὶ
1843 801 1898 852 τὸ

312 887 362 937 ἐκ
411 888 494 950 τῆς
544 886 809 950 ἀποδημίας
858 884 1085 948 ἐσόμενον
1129 884 1310 952 ἀγαθὸν
1354 886 1422 936 ἀεὶ
1464 882 1795 951 παρακομίζων
1836 886 1899 936 εἷς

313 968 476 1032 μέσον,
518 968 789 1034 ἀνθοπλίζει
832 967 1012 1034 τρόπον
1057 966 1161 1019 τινὰ
1200 972 1300 1021 ταῖς
1341 967 1512 1020 λύπαις
1555 965 1643 1030 τὴν
1687 967 1761 1016 ἐπὶ
1804 969 1900 1019 τοῖς
1923 983 1972 1010 10

316 1051 525 1114 ἡδίστοις
574 1051 761 1101 ἐλπίδα·
827 1051 950 1100 οὕτω
1008 1052 1085 1100 καὶ
1143 1050 1168 1100 ὁ
1222 1049 1395 1116 Κύριος
1450 1050 1581 1113 ἡμῶν
1628 1050 1818 1112 Ἰησοῦς
1873 1048 1899 1098 ὃ

277 1132 533 1199 θΧριστὸς
576 1135 659 1197 τῆς
704 1136 799 1183 τῶν
844 1132 992 1197 ἁγίων
1033 1135 1196 1201 ψυχῆς
1240 1132 1545 1198 περιστέλλει
1589 1129 1677 1194 τὴν
1720 1129 1895 1193 λύπην.

315 1213 415 1284 ᾔδει
441 1214 535 1282 γὰρ
560 1213 673 1283 ᾔδει,
696 1213 818 1267 Θεὸς
847 1213 1073 1281 ὑπάρχων
1100 1213 1336 1278 ἀληθινὸς,
1364 1212 1721 1283 φορτικωτάτην
1746 1212 1901 1265 αὐτοῖς

317 1298 516 1349 ἔσεσθαι
553 1297 639 1362 τὴν
669 1297 930 1365 ἀπόλειψιν
964 1298 1119 1360 αὐτοῦ,
1147 1296 1296 1347 καίτοι
1331 1295 1561 1349 συνόντος
1596 1296 1665 1345 ἀεὶ
1703 1293 1779 1344 διὰ
1817 1299 1901 1344 τοῦ

319 1381 610 1443 Πνεύματος·
665 1378 852 1445 ἀγάπης
893 1377 941 1430 δὲ
975 1384 1114 1430 τοῦτο
1150 1380 1227 1429 καὶ
1262 1377 1508 1443 ὁσιότητος
1543 1379 1625 1441 τῆς
1659 1379 1720 1430 εἰς
1755 1375 1901 1442 ἄκρον
1924 1393 1971 1432 15

317 1461 570 1531 ἀπόδειξις.
625 1461 679 1513 τὸ
707 1460 799 1527 γὰρ
826 1466 1035 1512 συνεῖναι
1058 1462 1323 1521 βούλεσθαι
1348 1464 1415 1529 τῷ
1442 1462 1663 1528 Χριστῷ,
1691 1462 1792 1512 πῶς
1818 1458 1902 1508 οὐκ

318 1547 509 1608 ἀληθῶς
544 1549 640 1598 τοῖς
676 1545 824 1609 ἁγίοις
860 1543 1291 1609 πρεπωδέστατον,
1336 1548 1410 1593 καὶ
1445 1548 1562 1607 γοῦν
1588 1543 1612 1592 ὁ
1640 1539 1903 1604 θαυμάσιος

321 1631 518 1680 Παῦλος
555 1631 721 1677 τοῦτον
759 1625 880 1692 ἔχων
918 1627 967 1675 ἐν
1005 1627 1154 1693 ἑαυτῷ
1193 1623 1276 1675 τὸν
1313 1622 1498 1675 σκοπόν
1528 1628 1772 1690 Κρεῖσσον
1810 1620 1903 1688 γάρ

321 1713 466 1778 φησι,
497 1716 523 1738 “
540 1707 593 1759 τὸ
621 1709 860 1759 ἀναλῦσαι
887 1709 963 1758 καὶ
988 1706 1081 1758 συν
1108 1711 1309 1776 Χριστῷ
1335 1704 1493 1757 εἷναι.”

369 1874 400 1908 Γ).
426 1864 636 1910 ιῖγαθότιιτος
654 1864 695 1899 Ε.
842 1875 893 1899 12.
920 1865 1045 1909 ψυχῶν
1065 1864 1104 1897 Ε.
1246 1875 1297 1905 14.
1323 1863 1513 1909 ἀπόλειψιν
1531 1863 1573 1897 Ε.
1592 1868 1625 1897 et
1643 1862 1690 1896 'lta
1707 1861 1904 1896 emendavit

323 1912 457 1956 Migne.
474 1912 696 1956 ἀποκάλυψιν
714 1911 781 1946 Ed.
929 1921 980 1956 15.
1007 1911 1109 1956 ι’ίκρον
1127 1910 1169 1945 Ε.
1187 1910 1292 1956 ἰίκραν
1311 1910 1376 1945 Ed.
