1971 3272
84 147 254 200 viii-:37-
443 147 513 187 IN
557 147 599 186 S.
635 147 970 186 JOANNEM.
1036 146 1159 185 12113.
1189 146 1262 185 Vl.
1592 146 1659 182 1:51

85 261 179 308 τοῖς
206 255 527 321 ἀρχαιοτάτοις
554 258 707 306 αὐτῶν
733 254 973 321 πατράσιν
1000 256 1283 319 ἐγινώσκετο
1315 257 1376 306 ὡς
1412 254 1477 302 ὧν
1504 253 1663 313 ἀίδιος,
1687 258 1714 297 d

85 336 142 386 τὰ
169 337 359 387 τοιαῦτά
382 341 548 405 φησιν.
589 339 636 388 ἐν
662 339 817 406 ταύτῷ
845 337 892 387 δὲ
919 339 981 390 ὡς
1007 337 1151 387 ε”οικεν
1178 335 1380 401 ὀνειδίζει
1406 335 1669 401 χρησίμως,

85 417 155 468 ὅτι
179 418 488 484 περιπτύουσι
517 422 717 484 δρῶντες
744 419 976 480 ἀβούλως,
1003 420 1077 468 καὶ
1107 422 1387 486 φρονοῦντες
1412 415 1666 475 ἀσυνέτως,

85 497 204 565 ἅπερ
242 498 300 563 ἦν
332 502 381 551 ἐν
415 503 577 566 ἑορτῆς
614 500 744 569 τάξει
784 505 850 569 τῷ
889 506 971 550 τοῦ
1010 500 1173 564 γε’νους
1211 500 1364 549 αὐτῶν
1402 497 1663 566 ε’ξάρχοντι.

45 582 252 634 5ἐκεῖνος
287 581 370 645 μὲν
397 582 490 647 γὰρ
525 583 671 646 μόνον
699 580 782 634 εἶδε
819 588 896 633 καὶ
935 582 1086 649 ἐχάρη·
1129 581 1313 648 ἔχοντες
1350 580 1396 631 δὲ
1433 581 1564 630 αὐτοὶ
1595 580 1670 628 καὶ

85 662 340 713 ἀπολαύειν
388 662 496 731 ἐξὸν
546 669 646 717 ταῖς
697 664 925 716 ἀπειθιάις
978 662 1234 729 ὑβρίζουσι,
1285 664 1360 712 καὶ
1411 664 1494 724 τῆς
1550 661 1671 710 οὕτω

86 750 306 810 λαμπρᾶς
346 745 794 811 καταλαζονεύονται
833 745 1037 812 χάριτος.
1088 743 1115 808 ἦ
1156 744 1279 812 τάχα
1318 745 1509 794 κάκεῖνο·
1537 749 1666 792 πλα-

86 826 196 892 γίως
253 828 487 891 ὑποδηλοῖ
537 827 606 877 ὅτι
667 828 743 877 καὶ
803 828 969 892 μείζων
1021 827 1124 876 ε’στὶ
1180 827 1257 876 καὶ
1317 827 1539 891 κρείττων
1590 828 1673 873 τοῦ

86 907 324 974 Ἀβραὰμ,
350 909 476 974 εἴπερ
514 908 570 973 ἦν
606 910 760 978 ἐκείνῳ
800 907 1074 974 πανήγυρις,
1108 907 1162 958 τὸ
1202 909 1277 957 καὶ
1316 905 1461 971 μόνον
1497 905 1676 970 γνῶναί

22 1008 67 1032 10
87 1012 129 1040 τι
166 992 269 1056 περὶ
309 991 464 1042 αὐτοῦ.
528 995 717 1056 γυμνῶς
756 1013 841 1052 μεν
879 989 973 1055 γὰρ
1013 1013 1088 1040 και
1127 986 1511 1052 ἐπικαλύμματός
1550 1008 1712 1038 τινοςο

87 1073 194 1139 δίχα
220 1078 358 1122 τοῦτο
392 1072 548 1138 λεγειν
575 1073 657 1123 οὐκ
688 1071 759 1136 ἦν,
788 1071 865 1122 διὰ
890 1070 945 1121 τὸ
981 1071 1165 1121 ε’κεινων
1192 1069 1388 1137 ἀκρατὲς
1415 1073 1476 1121 εἷς
1502 1067 1669 1134 ὀργὴν,

87 1153 226 1222 ἑτερῳ
252 1152 299 1203 δε
326 1153 485 1223 τρόπω
513 1176 852 1218 κατασημαινει
877 1153 1026 1204 πάλιν
1052 1152 1179 1203 αὐτό.

164 1238 255 1286 Και
293 1259 428 1300 μητις
468 1236 639 1287 οἱεσθω
681 1235 885 1301 λεγοντα
923 1234 1042 1300 πρὸς
1077 1234 1329 1285 Ἰουδαίους
1368 1233 1450 1283 τὸν
1484 1233 1675 1295 Ἰησοῦν

86 1316 311 1383 Ἀβραὰμ
350 1320 374 1369 ὁ
413 1317 570 1383 πατὴρ
610 1320 740 1381 ὑμῶν
779 1317 1025 1376 ἀπέθανεν,
1060 1317 1208 1384 ἑαυτῷ
1248 1314 1549 1382 φθέγγεσθαι
1586 1314 1670 1362 τά-

24 1411 68 1449 15
89 1400 262 1462 ναντία,
290 1401 475 1465 ἐπείπερ
511 1399 678 1453 αὐτους
715 1422 829 1450 ποτε
868 1397 954 1462 μὲν
980 1400 1063 1461 τῆς
1101 1396 1219 1463 πρὸς
1245 1395 1470 1461 Ἀβραὰμ
1507 1392 1670 1444 οἰκειό-

88 1502 225 1544 τητος
250 1482 470 1549 ἐξιστησι
496 1480 651 1546 λεγων
679 1488 706 1509 “
727 1485 814 1577 El„
810 1502 950 1530 τεκνα
976 1485 1059 1529 τοῦ
1085 1477 1312 1544 Αβραάμ
1340 1475 1442 1541 ἧτε,
1472 1476 1531 1526 τὰ
1562 1475 1676 1541 ἐργα
1738 1487 1844 1561 {gra

106 1568 222 1613 “rou
241 1562 515 1629 Αβρααμ’
493 1568 685 1614 εποιεῖτε
713 1562 799 1612 ἄν·’
857 1585 955 1612 νυνι
983 1562 1026 1611 δ’
1051 1561 1109 1611 αὖ
1133 1559 1281 1611 πάλιν
1308 1582 1431 1611 υιους
1450 1556 1677 1624 Αβρααμ
1825 1539 1875 1570 39

91 1644 335 1694 ἀποκαλεῖ.
395 1644 551 1695 ἶστεόν
586 1644 634 1696 δὲ
673 1644 744 1695 ὅτι
783 1648 941 1697 καλῶς
980 1642 1047 1693 ἐπ’
1080 1645 1257 1709 ἀμφοῖν
1296 1640 1379 1691 τὸν
1416 1643 1580 1690 οἰκεῖον
1615 1641 1676 1692 εἷς

91 1725 313 1790 ἀλήθειαν
339 1726 584 1778 ἀπευθύνει
611 1727 774 1792 λόγον.
828 1727 876 1776 ἐν
901 1723 987 1788 μὲν
1011 1723 1105 1790 γὰρ
1132 1724 1329 1784 ἐκείνοις,
1356 1725 1437 1785 τῆς
1463 1744 1670 1784 πνευμα-
1693 1747 1715 1770 a
1747 1737 1832 1771 585
1848 1735 1900 1770 A.

25 1823 73 1847 20
91 1810 218 1870 τικῆς
262 1809 489 1874 εὐγενείας
532 1806 794 1874 ὁριζόμενος
832 1806 918 1871 τὴν
955 1805 1195 1870 ποιότητα,
1236 1807 1283 1877 ἐν
1321 1808 1378 1871 τῇ
1417 1807 1512 1854 τῶν
1550 1803 1677 1866 ἠθῶν

93 1888 338 1953 ταυτότητι
375 1888 461 1953 τὴν
500 1889 757 1953 οἰκειότητα
802 1889 1056 1955 ζωγραφεῖ·
1112 1889 1159 1937 ἐν
1204 1886 1251 1937 δὲ
1294 1886 1487 1947 τούτοις,
1529 1882 1678 1947 μόνην

94 1971 248 2023 αὐτοῖς
274 1973 348 2021 καὶ
379 1970 562 2036 γυμνὴν
588 1974 671 2034 τῆς
707 1968 886 2036 σαρκὸς
921 1969 1140 2031 ἀπονέμει
1175 1967 1261 2031 τὴν
1286 1967 1579 2032 συγγένειαν,
1604 1965 1679 2015 ἵνα

94 2054 169 2102 καὶ
195 2053 243 2103 ἐν
268 2053 453 2106 ἐκείνοις
479 2051 702 2120 ἀληθεύῃ,
731 2053 805 2102 καὶ
832 2053 880 2102 ἐν
906 2051 1086 2104 τούτοις
1112 2049 1176 2113 μὴ
1203 2048 1453 2118 ψεύδηται.

121 2234 250 2280 Εἶπον
288 2237 361 2280 οὖν
393 2236 596 2280 Ἰουδαῖοι
634 2240 740 2296 Πρὸς
779 2239 908 2280 αὐτόν
946 2238 1220 2279 Πεντήκοντα
1259 2237 1332 2278 {w
1371 2237 1493 2277 οὔπω
1530 2235 1652 2291 ἔχεις,
1696 2245 1742 2283 57

27 2322 75 2360 25
606 2322 674 2363 καὶ
704 2321 902 2379 Ἀβραὰμ
939 2320 1165 2377 ἑώρακαο;

168 2441 178 2456 s
271 2439 282 2455 r
591 2445 611 2455 m
700 2446 719 2455 n
792 2443 801 2457 2
958 2442 968 2458 r
1083 2441 1094 2455 c
1199 2438 1208 2453 r
1420 2441 1434 2457 x
1630 2436 1642 2451 ἲ

184 2445 394 2505 Ανοητος
444 2445 611 2509 κομιδῃ
657 2464 751 2492 των
809 2443 1031 2492 Ιουδαιων
1075 2463 1099 2490 ο
1150 2446 1308 2505 λόγος,
1361 2461 1435 2488 και
1485 2443 1721 2500 πολληνῖ)

97 2522 273 2573 ὠδίνων
316 2521 402 2586 τὴν
446 2524 740 2588 γελοιότητα·
799 2521 1042 2585 θαυμάσαι
1087 2522 1130 2571 δ’
1176 2521 1234 2571 ἄν
1277 2543 1345 2573 τις
1391 2517 1558 2571 αὐτοὺς
1603 2519 1679 2567 καὶ

97 2603 291 2673 σφόδρα
317 2603 503 2658 εἰκότως
529 2609 590 2658 εἰς
614 2604 853 2668 τοσαύτην
873 2602 1272 2669 ἐκδεδραμηκότας
1298 2600 1383 2664 τὴν
1403 2599 1676 2655 ἀσυνεσίαν,

147 2766 179 2789 2.
206 2769 241 2788 εν
258 2755 367 2800 *rav-ref)
388 2754 428 2788 B.
433 2765 462 2788 a.
481 2754 623 2788 ἐνταῦθα
642 2753 710 2787 Ed.
775 2754 818 2789 ὡς
835 2754 942 2787 ἔοικεν
960 2753 1002 2786 Β.
1023 2754 1065 2788 ὡς
1083 2753 1130 2786 ἔνι
1146 2752 1207 2796 μὲν
1225 2751 1291 2786 Ed.
1310 2765 1363 2785 και
1381 2763 1411 2784 a.
1548 2761 1580 2794 3.
1608 2750 1680 2783 δια-

99 2816 245 2836 πτυουσι
263 2813 294 2836 a
411 2800 443 2834 6.
469 2801 662 2834 ἀπόλαυσιν
681 2800 723 2833 Β.
742 2799 954 2834 ἀπολαύσειν
973 2799 1091 2833 Holst.
1109 2798 1291 2833 ἀπολαύειν
1308 2809 1326 2831 e
1345 2797 1421 2831 Cat.
1440 2802 1479 2830 ut
1498 2796 1567 2830 Vld.
1585 2796 1678 2830 Aub.

101 2853 134 2881 et
151 2848 198 2881 ita
216 2859 246 2881 a.
390 2859 423 2892 9.
449 2846 542 2890 εἴπερ
563 2846 602 2880 Β.
607 2858 638 2880 a.
657 2846 794 2890 ἐπείπερ
814 2846 878 2880 Ht.
895 2845 960 2879 Ed.
1101 2856 1153 2887 14.
1180 2846 1270 2887 ὑμῶν
1290 2844 1332 2877 Β.
1354 2843 1415 2878 Ht.
1437 2843 1571 2887 Migne.
1590 2842 1682 2885 ἡμῶν

103 2894 197 2928 Aub.
216 2894 343 2928 desunt
361 2893 445 2928 haec
464 2893 592 2927 verba
585 2904 622 2926 ln
639 2905 670 2927 a.
841 2902 893 2934 15.
918 2893 1003 2936 πρὸς
1022 2891 1095 2925 Ra.
1116 2893 1176 2926 τοῦ
1196 2891 1258 2925 Ht.
1280 2890 1346 2924 Ed.
1514 2900 1568 2924 20.
1596 2903 1681 2933 συγ-

102 2941 230 2985 γενείας
247 2952 278 2974 a.
422 2940 477 2975 28.
502 2939 688 2974 ἀσυνεσίαν
708 2938 748 2974 Β.
768 2938 930 2979 ἀσέβειαν
950 2939 1012 2973 Ht.
1032 2937 1098 2974 Ed.

861 3005 926 3036 82
