2037 3266
905 729 1224 776 ΚΕΦΑΛΗ
1287 730 1339 776 ΓΩ

290 909 417 952 θ”()τι
449 914 516 961 τῆς
547 914 783 963 θεοπρεποῦς
814 912 926 963 δόξης
957 913 1024 953 οὐκ
1059 915 1192 954 ἐπιδεᾶ
1228 913 1420 965 θεωρήσαι
1448 930 1503 956 τις
1534 912 1582 953 ἂν
1613 912 1681 952 τὸν
1711 911 1820 960 Tubu,
1849 910 1919 951 κᾶν

576 991 797 1043 εὑρίσκηται
827 991 963 1044 λέγειν
996 992 1128 1044 Πάτερ
1159 993 1330 1043 δόξασον
1361 993 1427 1033 τὸν
1456 994 1554 1033 Ὑὶόν
1585 1009 1668 1032 σου.

107 1169 294 1222 Κεφ,ιζ’,
327 1161 468 1203 Ταῦτα
505 1163 720 1206 &mmmm
758 1166 780 1206 ὁ
813 1166 995 1216 ἸΗσοῡο,
1035 1166 1103 1206 καί
1143 1166 1308 1222 ἐπάρας
1349 1169 1448 1207 τοῦς
1490 1164 1743 1220 ὀφθαλμοὺς
1787 1163 1916 1204 αὐτοῦ

394 1243 453 1285 εἰς
491 1246 565 1289 τὸν
604 1248 786 1303 οὐρανὸν
826 1244 919 1289 εἶπε
957 1250 1112 1305 Πάτερ,
1148 1250 1356 1290 ἐλήλυθεν
1395 1249 1417 1289 ἡ
1458 1250 1566 1305 ὥρα·
1620 1247 1804 1290 δόξασόν
1843 1261 1961 1303 σου5

394 1329 467 1368 τὸν
505 1327 618 1380 Υἷόν,
657 1331 725 1370 ἵνα
766 1332 831 1371 καὶ
873 1333 894 1373 ὁ
933 1331 1026 1373 Υἶόε
1066 1348 1139 1373 σου
1179 1332 1339 1390 δοὲάοῌ
1379 1348 1435 1375 σε.

399 1485 892 1540 ἈΠΟΧΡΩΝΤΩΣ
931 1495 1026 1544 τοῖς
1054 1495 1285 1555 μαθηταῖς
1311 1490 1370 1541 τὰ
1397 1495 1458 1545 εἷς
1485 1490 1725 1556 σωτηρίαν
1750 1487 1918 1556 ἐφόδια

327 1569 677 1634 δωρησάμενος,
717 1574 792 1621 καὶ
831 1577 927 1625 τοῖς
966 1571 1227 1637 καθήκουσι
1266 1578 1520 1639 λογισμοῖς
1559 1595 1608 1622 τε
1643 1574 1718 1622 καὶ
1758 1568 1921 1635 λόγοις

105 1667 192 1701 946
210 1665 262 1702 Α.
288 1654 386 1703 aeis*
438 1652 778 1717 ἀκριβεστέραν
830 1658 924 1704 τῶν
968 1653 1219 1720 δογμάτων
1263 1655 1503 1719 ἀκονήσας
1554 1652 1799 1721 διάληψιν,
1845 1653 1920 1702 καὶ

326 1733 635 1797 καταστήσας
699 1734 770 1784 ὅτι
819 1734 1036 1797 μάλιστα
1085 1736 1447 1803 μαχιμωτάτους
1498 1741 1560 1789 εἷς
1609 1735 1916 1801 πειρασμους,
1945 1759 1994 1785 10

326 1812 548 1882 φρόνημά
587 1838 636 1866 τε
674 1814 728 1866 τὸ
764 1816 974 1867 νεανικὸν
1005 1818 1052 1867 εὖ
1085 1817 1219 1881 μάλα
1252 1817 1455 1884 ῥιζώσας
1486 1820 1534 1868 ἐν
1564 1817 1765 1886 ἑκάστῳ,
1798 1839 1914 1883 χρη·

325 1897 479 1959 σίμως
517 1898 800 1961 μεθίστησιν
839 1897 972 1952 εὐθὺς
999 1905 1082 1950 τοῦ
1109 1899 1258 1965 λόγου
1284 1899 1338 1950 τὸ
1365 1903 1545 1968 σχῆμα,
1573 1901 1648 1951 καὶ
1675 1903 1735 1952 εἰς
1762 1920 1917 1964 προσ-

324 1981 463 2045 ευχῆς
500 1979 776 2030 διαπλάττει
815 1979 1006 2046 τρόπον·
1061 1981 1223 2032 οὐδένα
1262 1981 1422 2048 καιρὸν
1454 1982 1530 2032 διὰ
1568 1980 1716 2044 μέσου
1753 1984 1922 2048 χωρεῖν

324 2061 581 2129 ἐπιτρέψας
616 2064 699 2125 τῆς
735 2084 784 2111 τε
810 2062 929 2128 πρὸς
957 2063 1124 2117 αὐτοὺς
1151 2065 1402 2134 διαλέξεως
1429 2067 1504 2116 καὶ
1536 2068 1618 2128 τῆς
1649 2061 1768 2130 πρὸς
1796 2060 1921 2112 Θεὸν

324 2144 400 2192 καὶ
442 2142 650 2209 Πατέρα·
703 2143 852 2194 τύπον
893 2144 1003 2207 ἡμῖν
1047 2147 1286 2200 πολιτείας
1328 2146 1496 2216 ἐξόχου
1542 2149 1628 2197 κάν
1672 2145 1823 2214 τούτῳ
1864 2142 1920 2207 δὴ
1945 2168 1991 2206 15

324 2223 473 2275 πάλιν
512 2224 573 2275 τὰ
621 2224 730 2276 καθ’
778 2224 943 2276 ἑαυτὸν
991 2228 1281 2295 ὑποφαίνων.
1342 2232 1509 2295 χρῆναι
1553 2227 1646 2295 γὰρ
1691 2226 1817 2290 οἶμαι
1854 2225 1920 2289 μὴ

281 2319 307 2359 b
326 2308 511 2370 ἀγνοεῖν
549 2307 632 2357 τὸν
669 2305 795 2375 ᾧπέρ
827 2309 931 2358 ε’στι
962 2308 1079 2374 πρὸς
1106 2309 1350 2369 εὐσέβειαν
1380 2311 1404 2359 ὁ
1439 2309 1632 2371 σκοπὸς,
1658 2308 1727 2359 ὅτι
1759 2331 1914 2374 προσ-

325 2387 428 2451 ήκοι
455 2386 511 2451 δὴ
536 2387 725 2442 πάντως
751 2387 778 2453 ἢ
805 2388 924 2455 πρὸς
950 2388 1187 2457 ἀδελφοὺς
1223 2391 1281 2441 τὰ
1309 2394 1540 2455 λυσιτελῆ
1576 2414 1624 2441 τε
1651 2392 1726 2441 καὶ
1764 2392 1913 2455 ἀναγ-

325 2473 434 2519 καῖοι
472 2469 779 2535 διαλέγεσθαι
816 2475 988 2538 φιλεῖν,
1032 2471 1180 2537 ἤγουν
1222 2477 1259 2523 εἷ
1303 2472 1369 2537 μὴ
1413 2479 1550 2525 τοῦτο
1593 2471 1719 2541 δρῴη
1761 2471 1917 2539 τυχὸν,

325 2556 425 2604 ταῖς
470 2555 532 2605 εἰς
575 2550 700 2602 Θεὸν
745 2554 951 2606 ἱκετείαις
995 2552 1082 2617 τὴν
1123 2560 1205 2604 τοῦ
1248 2555 1397 2620 λόγου
1441 2556 1602 2623 χρείαν
1648 2554 1917 2620 ἐπείγεσθαι
1940 2581 1989 2605 20

326 2636 552 2695 δαπανᾶν,
599 2636 660 2687 ὡς
711 2635 942 2698 μηδεμίαν
985 2637 1034 2686 ε’κ
1078 2637 1244 2687 τούτου
1292 2638 1670 2702 περισσολογίας
1713 2636 1917 2702 ὁρᾶσθαι

325 2716 654 2779 παρείσδυσιν·
712 2717 833 2766 οὕτω
873 2715 966 2784 γὰρ
1002 2716 1062 2767 ἂν
1102 2718 1161 2768 ἰὀι
1203 2718 1323 2769 κατὰ
1364 2718 1515 2784 λόγον
1554 2718 1636 2769 τὸν
1677 2717 1918 2784 πρέποντα

379 2893 465 2926 1-3
483 2893 552 2916 om.
573 2882 614 2917 E.
886 2884 939 2917 18.
965 2883 1005 2916 τὰ
1023 2890 1244 2928 assumptum
1265 2895 1307 2917 ex
1326 2884 1368 2918 E.
1390 2883 1481 2917 Catt.
1768 2894 1822 2916 20.
1849 2883 1913 2916 ἱκε-

327 2927 454 2971 τηρίαις
473 2928 565 2962 Catt.
