2037 3266
330 134 415 174 482
733 134 784 175 B.
818 134 1092 176 CYRILLI
1133 136 1512 177 ALEXANDR.
1748 136 1832 177 xiv.
1854 149 1920 178 20.

334 246 530 297 Παῦλος
581 242 871 312 ἐξηγήσατο·
930 244 1105 312 τρόπον
1153 245 1201 296 δὲ
1252 248 1326 297 ἐπὶ
1377 245 1558 299 τούτοις
1609 249 1704 296 τῶν
1754 244 1922 310 ἑτέρων

331 325 630 390 περιεκτικὸν,
674 328 698 376 ὁ
739 326 896 394 σοφὸς
937 326 1284 393 εὐαγγελιστὴς
1315 327 1552 392 Ἰωάννης.
1616 326 1790 393 γράφει
1829 323 1924 391 γὰρ

108 396 252 479 ῗξῗῇἒι
333 408 454 457 οὕτω
478 410 585 473 περὶ
612 412 830 474 Χριστοῦ
859 417 884 438 “
909 413 991 462 Εἰς
1023 409 1083 460 τὰ
1109 410 1202 460 ’ίδια
1233 408 1370 473 ἦλθε,
1400 412 1476 460 καὶ
1503 413 1545 460 οἱ
1572 409 1676 460 ’ίδιοι
1702 407 1844 458 αὐτὸν
1871 407 1924 457 οὐ

333 496 359 518 “
385 489 679 555 παρέλαβον·
724 490 830 541 ὅσοι
858 490 905 541 δὲ
933 489 1112 550 ’ἔλαβον
1139 491 1295 554 αὐτὸν,
1322 492 1489 543 ε”δωκεν
1517 492 1671 544 αὐτοῖς
1703 490 1925 559 ἐξουσίαν

331 578 357 601 “
383 571 521 622 τέκνα
549 576 673 623 Θεοῦ
699 573 937 638 γενέσθαι,
964 578 1061 626 τοῖς
1087 573 1398 624 πιστεύουσιν
1423 578 1485 627 εἰς
1511 574 1565 625 τὸ
1592 573 1740 637 ὄνομα
1767 573 1923 635 αὑτοῦ,
1943 589 1965 628 5

331 661 358 682 “
385 653 427 703 οἳ
467 655 547 704 οὐκ
587 655 645 722 ἐξ
682 654 905 717 αἱμάτων,
945 655 1048 705 οὐδὲ
1090 657 1140 705 ἐκ
1185 654 1452 719 θελήματος
1496 654 1688 721 σαρκὸς,
1729 653 1832 705 οὐδὲ
1875 656 1925 706 ἐκ

331 743 357 765 “
385 735 652 798 θελήματος
688 737 875 802 ἀνδρὸς,
905 738 1016 787 ἀλλ’
1046 739 1096 787 ἐκ
1124 741 1249 788 Θεοῦ
1276 737 1641 803 ἐγεννήθησαν.”
1681 737 1926 803 πρόδηλον

331 818 413 868 οῦν
455 817 547 883 ἄρα
596 821 671 869 καὶ
715 823 867 869 πᾶσιν
909 816 1037 882 οἶμαι
1084 818 1319 888 διαφανὲς,
1362 819 1433 870 ὅτι
1476 819 1655 870 τούτων
1697 820 1827 870 ἕνεκα
1869 817 1925 882 δὴ

293 921 315 949 c
331 900 549 964 μάλιστα
575 905 669 951 τῶν
695 904 856 951 αἰτιῶν
883 900 1005 954 Θεὸς
1032 904 1107 952 καὶ
1132 904 1181 952 ἐκ
1208 905 1334 952 Θεοῦ
1360 900 1479 952 κατὰ
1507 901 1656 970 φύσιν
1682 899 1923 968 ὑπάρχων,

332 984 579 1049 ἄνθρωπος
605 983 798 1049 γέγονεν
825 985 849 1033 ὁ
880 983 1172 1049 Μονογενὴς,
1197 984 1273 1034 ἵνα
1308 983 1527 1048 δηλονότι
1561 984 1814 1051 κατακρίνῃ
1840 981 1926 1046 μὲν
1947 1007 1996 1033 10

330 1064 416 1128 τὴν
441 1066 675 1131 ἁμαρτίαν
701 1067 749 1116 ἐν
776 1069 834 1133 τῇ
862 1068 1020 1132 σαρκὶ,
1049 1066 1264 1134 νεκρώσῃ
1302 1066 1349 1117 δὲ
1384 1070 1451 1135 τῷ
1488 1067 1586 1135 ἰδίῳ
1623 1064 1811 1134 θανάτῳ
1844 1063 1927 1115 τὸν

331 1147 548 1209 θάνατον,
576 1150 651 1198 καὶ
681 1146 805 1201 υἰοῦς
833 1148 953 1211 ἡμᾶς
980 1148 1206 1216 ἀποδείξῃ
1235 1152 1375 1209 Θεοῦ,
1401 1146 1521 1213 πρὸς
1547 1147 1601 1198 τὸ
1631 1146 1744 1212 ὑπὲρ
1778 1146 1928 1214 φύσιν

329 1229 516 1298 ἀξίωμα
550 1228 658 1283 τοῦς
697 1229 836 1283 ὄντας
873 1232 947 1280 ἐπὶ
986 1232 1069 1292 τῆς
1107 1233 1194 1294 γῆς
1227 1229 1554 1295 ἀναγεννήσας
1589 1231 1636 1280 ἐν
1667 1228 1922 1292 Πνεύματι.

329 1310 387 1375 ἧν
425 1311 519 1377 γὰρ
559 1311 710 1376 δήπου
749 1314 823 1362 καὶ
862 1310 995 1375 μάλα
1035 1316 1207 1374 καλῶς,
1248 1311 1368 1362 κατὰ
1406 1314 1591 1362 τουτονὶ
1630 1311 1712 1362 τὸν
1750 1311 1927 1377 τρόπον

331 1394 853 1462 ἀνακεφαλαιώσασθαι
889 1393 1037 1444 πάλιν
1064 1395 1139 1444 καὶ
1178 1397 1238 1447 εἰς
1273 1393 1328 1444 τὸ
1364 1396 1561 1461 ἀρχαῖον
1588 1395 1846 1455 ἀναλαβεῖν
1871 1390 1925 1443 τὸ
1948 1412 1995 1452 15

331 1479 652 1539 διολισθῆσαν
678 1476 824 1542 γένος,
853 1476 1085 1538 τουτέστι,
1112 1475 1165 1526 τὸ
1194 1476 1509 1542 ἀνθρώπινον.

409 1556 569 1609 Πάλιν
608 1557 815 1621 ἑκάστην
853 1561 919 1626 τῷ
966 1557 1099 1626 λόγῳ
1143 1558 1430 1624 παραθέντες
1473 1562 1567 1608 τῶν
1605 1556 1774 1623 ἀρτίως
1818 1557 1926 1620 ἡμῖν

289 1647 314 1688 (1
333 1641 582 1707 εἰρημένων
609 1644 780 1702 αἰτιῶν,
808 1641 876 1691 ἐπ’
905 1640 1022 1707 αὐτῇ
1057 1639 1115 1690 τὰ
1151 1639 1305 1690 εἰκότα
1338 1639 1566 1705 λέγωμεν.
1624 1644 1723 1693 πῶς
1751 1637 1843 1704 γὰρ
1869 1639 1928 1689 ἂν

332 1726 408 1773 καὶ
434 1723 604 1788 πρέποι
640 1727 759 1772 νοεῖν
787 1721 1020 1787 ζητητέον,
1047 1721 1117 1772 ὅτι
1154 1722 1389 1787 κατέκρινε
1422 1721 1507 1785 τὴν
1535 1722 1768 1787 ἁμαρτίαν
1795 1724 1843 1772 ἐν
1869 1718 1927 1788 τῇ

333 1807 492 1871 σαρκὶ,
518 1805 716 1872 πέμψας
752 1803 835 1854 τὸν
862 1804 978 1854 ἰ’διον
1004 1803 1122 1854 Υἰὸν
1149 1805 1173 1854 ὁ
1201 1803 1323 1857 Θεὸς
1360 1806 1436 1854 καὶ
1470 1803 1639 1868 Πατὴρ
1675 1804 1722 1853 ἐν
1750 1803 1921 1866 ὁμοιώ-
1947 1828 1998 1853 20

332 1909 444 1951 ματι
480 1887 659 1952 σαρκὸς
695 1887 941 1951 ἁμαρτίας.
997 1885 1121 1936 Θεὸν
1147 1884 1239 1951 γὰρ
1276 1885 1390 1936 ὄντα
1426 1884 1547 1936 κατὰ
1582 1884 1746 1953 φύσιν,
1776 1888 1851 1934 καὶ
1878 1885 1928 1935 ἐκ

333 1972 416 2032 τῆς
443 1969 608 2022 οὐσίας
635 1969 777 2018 αὑτοῦ
803 1967 1049 2035 πεφηνότα
1076 1970 1151 2017 καὶ
1178 1966 1232 2018 τὸ
1259 1967 1491 2033 ἄτρεπτον
1516 1967 1686 2035 ἔχοντα
1712 1970 1929 2035 φυσικῶς

333 2054 416 2113 τῆς
456 2050 682 2114 ἰδιότητος
722 2051 877 2111 αὐτοῦ,
914 2049 989 2099 διά
1028 2072 1076 2099 τε
1117 2055 1254 2100 τοῦτο
1293 2047 1357 2112 μὴ
1397 2049 1551 2100 εἰδότα
1589 2053 1836 2102 παντελῶς
1873 2047 1928 2098 τὸ

335 2136 593 2183 διολισθεῖν
625 2136 687 2185 εἰς
728 2131 974 2197 ἁμαρτίαν,
1001 2130 1148 2196 ἤγουν
1179 2131 1571 2197 παρατρέπεσθαί
1602 2153 1684 2182 ποι
1720 2130 1840 2196 πρὸς
1874 2128 1928 2180 τὸ

337 2214 402 2277 μὴ
442 2214 550 2280 ε”χον
589 2215 754 2279 ὀρθῶς,
787 2218 850 2266 εἰς
888 2212 974 2276 τὴν
1014 2212 1377 2263 ὑποπίπτουσαν
1415 2217 1473 2279 τῇ
1512 2215 1656 2278 σαρκὶ
1695 2213 1928 2278 ἁμαρτίαν
1948 2232 1998 2273 25

300 2298 601 2358 οκαταβῆναι
639 2294 998 2360 παρεσκεύασεν
1031 2295 1253 2356 ἐθελοντὶ,
1280 2295 1355 2344 ἵνα
1394 2294 1513 2344 ἰδίαν
1544 2293 1689 2357 αὐτὴν
1715 2293 1922 2357 ποιησά-

338 2399 475 2440 μενος
507 2375 678 2443 σάρκα,
705 2375 823 2440 πρὸς
859 2375 912 2426 τὸ
948 2376 1064 2426 ἴδιον
1097 2377 1239 2426 αὐτοῦ
1274 2378 1350 2426 καὶ
1387 2375 1594 2444 φυσικὸν
1619 2375 1924 2442 μεταστήσῃ,

338 2458 568 2519 τουτέστι,
608 2457 661 2508 τὸ
700 2456 764 2520 μὴ
808 2456 1104 2523 ἁμαρτάνειν.
1169 2458 1223 2508 οὐ
1267 2456 1359 2524 γὰρ
1404 2457 1555 2521 δήπου
1597 2456 1929 2520 διακεισόμεθα

339 2544 623 2608 φρονοῦντες
650 2540 812 2605 ὀρθῶς,
840 2539 910 2589 ὅτι
937 2539 992 2602 δὴ
1019 2539 1148 2608 μόνῳ
1174 2543 1240 2608 τῷ
1268 2539 1418 2609 οἰκείῳ
1452 2543 1548 2608 ναῷ
1583 2545 1721 2590 τοῦτο
1757 2562 1925 2604 κατορ-

340 2622 514 2673 θώσων
544 2621 737 2687 γέγονεν
769 2620 1015 2686 ἄνθρωπος
1050 2621 1075 2670 ὁ
1114 2619 1409 2686 Μονογενής·
1456 2626 1550 2672 ποῦ
1585 2619 1678 2687 γὰρ
1714 2619 1771 2671 ἂν
1804 2620 1928 2674 ὅλως
1947 2649 1996 2686 30

341 2705 491 2772 ὁρῷτο
517 2706 599 2767 τῆς
626 2705 688 2756 ὡς
714 2703 833 2766 ἡμᾶς
860 2702 1065 2770 ἀφίξεως
1091 2701 1144 2753 τὸ
1169 2702 1530 2769 μεγαλοπρεπὲς
1558 2704 1633 2753 καὶ
1660 2702 1924 2770 ὠφέλιμον,

389 2854 423 2887 8.
449 2852 530 2887 εἶναι
549 2865 612 2898 pro
629 2851 719 2897 οἶμαι
740 2853 781 2886 Ε.
955 2864 1009 2886 21.
1035 2852 1201 2905 ἁμαρτίαν
1218 2852 1260 2886 Ε.
1433 2861 1488 2896 25.
1515 2851 1765 2898 Legendumne
1782 2850 1926 2896 ἁμαρτίᾳ

342 2900 477 2989 σάῇκαὲ
692 2911 748 2944 30.
775 2899 947 2944 ἅνθρωπος
968 2900 1107 2945 γέγονεν
1123 2910 1262 2933 Inverso
1280 2898 1402 2933 ordine
1422 2899 1463 2933 E.
1679 2909 1736 2943 31.
1763 2900 1864 2943 ὁρᾶτο
1883 2898 1925 2933 Ε.

343 2946 385 2980 ὡς
424 2946 469 2980 εἰς
488 2946 528 2979 Ε.
