2037 3266
318 130 404 170 364
721 129 773 170 B.
806 130 1081 171 CYRILLI
1122 132 1500 172 ALEXANDR.
1735 130 1821 170 xiii.
1841 141 1908 172 22.

318 239 527 308 ἀργυρίῳ
564 243 812 293 παντελῶς
850 239 936 304 τὴν
967 244 1029 294 εἰς
1057 239 1274 306 Χριστὸν
1306 240 1498 306 ἀγάπην
1527 238 1800 307 ἠλλάξατο,
1829 239 1905 288 καὶ

318 320 493 371 ἐσθίων
530 319 614 371 τὸν
652 320 796 388 ἄρτον
831 322 976 372 αὐτοῦ
1014 320 1100 385 τὴν
1133 320 1337 388 πτέρναν
1368 323 1550 388 ἐπῆρεν,
1576 322 1630 372 οὐ
1669 318 1821 384 τιμὴν,
1850 319 1904 370 οὐ

319 402 479 471 δόξαν,
504 403 558 453 οὐ
596 405 680 467 τῆς
718 402 907 468 ἀγάπης
944 402 1027 454 τὸν
1060 401 1217 467 νόμον,
1244 405 1298 455 οὐ
1334 403 1388 456 τὸ
1422 401 1810 471 χρεωστούμενον
1841 402 1904 454 ὡς

319 487 428 554 Θεῷ
454 484 617 547 σε’βας,
644 486 731 551 οὐχ
762 483 919 549 ἕτερόν
943 508 987 535 τι
1013 489 1108 536 τῶν
1133 489 1194 540 εἰς
1219 485 1362 538 αὐτὸν
1386 486 1649 552 γενομένων
1676 486 1904 548 ὑπολογι-

317 566 537 629 σάμενος,
564 570 626 620 εἷς
651 566 773 629 μόνα
800 565 849 617 δὲ
874 567 1072 628 βλέπων
1098 567 1157 618 τὰ
1187 571 1293 634 περὶ
1323 573 1419 620 τῶν
1443 567 1684 619 Ἰουδαίων
1708 563 1903 631 μυσαρὰ
1921 578 1943 617 5

97 657 178 692 735
194 657 248 691 A·
279 648 529 715 ἃδηνάρια,
556 650 632 699 καὶ
666 649 845 714 ὀλίγων
880 650 1118 715 ἀργυρίων
1147 653 1313 714 κομιδῆ
1348 650 1433 714 τὴν
1468 651 1633 700 ἑαυτοῦ
1667 646 1904 711 πωλήσας

317 730 496 799 ψυχὴν,
531 732 607 781 καὶ
645 730 699 781 τὸ
739 730 896 800 ἀθῷόν
933 754 982 782 τε
1023 732 1098 781 καὶ
1138 731 1315 783 δίκαιον
1353 731 1467 796 αἷμα
1505 736 1606 785 ταῖς
1643 734 1737 781 τῶν
1770 751 1897 793 μιαι-

317 812 574 880 φονώντων
606 815 773 880 χερσὶν
805 813 1201 880 ἐγχειρισάμενος.
1255 812 1559 880 εὐλογωτάτη
1597 811 1902 878 τοιγαροῦνή

316 900 400 945 τοῦ
426 895 711 963 τεταράχθαι
738 895 997 964 πρόφασις.
1037 898 1352 947 ἐπακολουθεῖ
1374 895 1422 947 δὲ
1449 893 1613 962 δριμὺς
1639 895 1663 944 ὁ
1689 891 1903 960 ἐ’λεγχος,

316 978 440 1028 οὕτω
471 976 556 1040 μὲν
588 981 652 1030 εὶς
690 976 957 1043 πρόσωπον
993 981 1146 1031 ἱδικῶς
1184 977 1237 1028 τὸ
1277 977 1377 1031 ἑνὸς
1412 982 1507 1028 τῶν
1540 976 1732 1038 δώδεκα,
1757 998 1902 1042 περιι-
1925 995 1973 1021 10

315 1059 438 1113 στὰς
463 1059 612 1126 γεμὴν
638 1064 700 1113 εἷς
728 1060 899 1123 μόνους
924 1059 1092 1113 αὐτοὺς
1119 1059 1173 1110 τὸ
1200 1061 1322 1111 οὕτω
1350 1059 1738 1129 φρικωδέστατον
1761 1080 1904 1121 κατη-

315 1142 519 1208 γόρημα,
569 1143 645 1192 καὶ
693 1143 946 1209 μονονουχὶ
997 1141 1394 1208 παρεγγυώμενος
1449 1146 1544 1192 τῶν
1595 1139 1905 1206 ἀκροωμένων

315 1223 503 1293 ἑκάστῳ
530 1223 617 1287 τὴν
646 1225 767 1275 ἰδίαν
793 1222 1009 1293 φυλάξαι
1038 1223 1217 1292 ψυχὴν,
1244 1223 1310 1287 μὴ
1338 1224 1429 1290 ἄρα
1454 1246 1555 1277 πως
1590 1224 1639 1273 ἐκ
1673 1221 1904 1290 ῥᾳθυμίας

270 1311 412 1361 ὒτοῖς
447 1308 569 1357 οὕτω
605 1309 769 1361 δεινοῖς
806 1306 1058 1370 ἁλώσηται
1093 1306 1300 1373 βρόχοις,
1329 1309 1405 1357 καὶ
1439 1309 1521 1370 τῆς
1555 1310 1639 1356 τοῦ
1674 1302 1904 1365 διαβόλου

315 1391 505 1456 πικρίας
549 1388 703 1455 γλυκὺ
747 1389 929 1454 γένοιτο
975 1388 1181 1455 θήραμα.
1252 1387 1503 1457 ἐπωφελὴς
1549 1388 1630 1438 οὖν
1674 1387 1765 1452 ἄρα
1810 1389 1904 1436 τῶν
1925 1401 1972 1440 15

315 1473 527 1540 ἐλέγχων
567 1472 594 1534 ἡ
638 1470 848 1533 δύναμις,
883 1470 941 1535 ἢν
979 1472 1087 1537 παρ’
1125 1470 1257 1521 οὐδὲν
1295 1470 1615 1534 ποιησάμενος
1655 1475 1737 1519 τοῦ
1777 1491 1899 1534 προ-

317 1553 481 1608 δόντος
508 1555 532 1604 ὁ
562 1559 680 1615 νοῦς,
708 1557 802 1603 τῶν
828 1554 1007 1604 οἰκείων
1033 1553 1181 1620 εἴχετο
1207 1551 1613 1616 σπουδασμάτων.
1668 1553 1898 1619 ἐμφαντι-

316 1636 503 1687 κώτατα
548 1636 704 1687 τοίνυν
745 1636 769 1685 ὁ
813 1635 1030 1702 Χριστὸς
1074 1636 1129 1685 τό
1175 1635 1249 1690 Εἷς
1297 1635 1342 1704 ἐξ
1384 1634 1499 1703 ,ὑμῶν
1540 1631 1798 1703 παραδώσει
1845 1631 1911 1701 μέ

314 1722 482 1787 φησιν.
544 1717 572 1782 ἢ
613 1716 707 1784 γὰρ
747 1720 829 1781 τῆς
866 1723 950 1768 τοῦ
988 1721 1262 1781 τολμῶντος
1301 1716 1582 1784 ἀχαριστίας
1621 1714 1698 1766 διὰ
1734 1714 1902 1766 τούτου

313 1806 577 1868 κατηγορεῖ,
610 1799 638 1863 ἦ
676 1802 758 1863 τῆς
792 1805 877 1850 τοῦ
913 1799 1144 1862 διαβόλου
1176 1800 1339 1853 κακίας
1375 1798 1567 1850 δεικνύει
1601 1796 1655 1849 τὸ
1689 1797 1901 1863 μέγεθος,
1921 1815 1972 1841 20

315 1886 377 1937 ὡς
409 1888 642 1934 τοσοῦτον
669 1882 962 1947 δυνηθείσης,
990 1883 1052 1935 ὡς
1088 1883 1163 1932 καὶ
1198 1882 1352 1931 αὐτῶν
1379 1881 1459 1931 ἕνα
1492 1885 1586 1931 τῶν
1612 1877 1902 1931 ἀποστόλων

315 1966 547 2032 ἁρπάσαι.

277 2050 298 2076 c

248 2140 294 2164 22
360 2126 574 2176 ’'EssJxenov
614 2124 686 2167 οὖν
725 2124 785 2167 εἰς
823 2124 1042 2166 ἀλλήλους
1081 2124 1118 2165 οἱ
1157 2125 1343 2173 nemetum}
1381 2124 1712 2180 ὃιαπορούμενοι
1750 2122 1846 2180 Περὶ

973 2208 1086 2249 τίνος
1124 2210 1247 2254 λέπει.

380 2322 655 2391 ’Έκπληξίς
687 2346 737 2373 τε
772 2323 890 2385 ὁμοῦ
927 2323 1002 2371 καὶ
1038 2321 1139 2374 δεός
1174 2321 1402 2387 εἰστρέχει
1437 2319 1543 2372 τοὺς
1570 2317 1798 2383 μαθητὰς,
1825 2318 1901 2368 καὶ
1922 2337 1972 2377 25

315 2404 549 2470 ἀλλήλοις
598 2406 812 2470 ἐνορῶσι,
859 2406 1061 2454 διπλοῦν
1111 2403 1160 2452 ἐκ
1211 2406 1306 2451 τῶν
1357 2401 1608 2467 εἰρημένων
1659 2402 1901 2453 ὠδίνοντες

315 2487 538 2555 θόρυβον.
602 2486 803 2538 ἕκαστος
840 2483 925 2549 μὲν
955 2483 1051 2550 γὰρ
1090 2483 1210 2534 κατὰ
1241 2482 1295 2534 τὸ
1331 2482 1450 2537 εἰκὸς
1484 2486 1567 2547 τῆς
1601 2483 1718 2536 ἰδίας
1753 2483 1898 2548 ὑπερ-

314 2571 495 2638 τρέχων
525 2571 699 2638 ψυχῆς,
728 2568 812 2619 οὐκ
845 2569 893 2618 ἐν
925 2567 1074 2636 ὀλίγῳ
1109 2566 1276 2632 γε’γονε
1314 2566 1508 2629 δείματι,
1535 2564 1668 2615 ἀλλὰ
1706 2565 1781 2615 καὶ
1819 2566 1902 2627 τῆς

315 2656 378 2706 εἰς
416 2651 469 2702 τὸ
509 2650 664 2702 κοινὸν
699 2650 889 2716 ὁρώσης
926 2647 1217 2717 ὑπολήψεως
1252 2648 1408 2715 χάριν,
1439 2648 1521 2698 οὐκ
1553 2645 1784 2698 ἐλάττονα
1818 2647 1901 2708 τῆς

316 2734 475 2800 ἑτέρας
512 2731 599 2796 τὴν
639 2733 845 2798 ἀγωνίαν
885 2730 1118 2798 ἐδέχοντο.
1182 2729 1252 2781 ὅτι
1293 2730 1378 2794 μὲν
1416 2729 1510 2797 γὰρ
1549 2727 1725 2794 ἀληθὲς
1766 2727 1970 2784 ε”σται3ο

273 2827 298 2868 d
318 2814 505 2869 πάντως
543 2814 598 2865 τὸ
636 2814 875 2880 εἰρημένον
913 2812 1237 2864 πιστεύουσιν.
1306 2813 1445 2863 ’ίσασι
1485 2811 1579 2877 γὰρ
1620 2812 1682 2863 ὡς
1723 2809 1806 2859 οὐκ
1844 2806 1902 2859 ἂν

411 2948 441 2978 51
468 2936 544 2981 περὶ
565 2936 604 2970 Ε.
623 2936 713 2979 παρὰ
734 2935 800 2969 Ed.
949 2944 1001 2979 17.
1029 2933 1157 2980 εἴχετο]
1179 2933 1308 2979 οἴχεται
1328 2934 1370 2968 Ε.
1527 2932 1582 2967 26.
1609 2932 1747 2975 ἐνορᾶσι
1766 2930 1807 2965 Ε.
