<?xml version="1.0" encoding="UTF-8"?>
<!DOCTYPE html PUBLIC "-//W3C//DTD XHTML 1.0 Transitional//EN"
    "http://www.w3.org/TR/xhtml1/DTD/xhtml1-transitional.dtd">
<html xmlns="http://www.w3.org/1999/xhtml" xml:lang="en" lang="en">
 <head>
  <title>
</title>
<meta http-equiv="Content-Type" content="text/html;charset=utf-8" />
  <meta name='ocr-system' content='tesseract 3.04.00' />
  <meta name='ocr-capabilities' content='ocr_page ocr_carea ocr_par ocr_line ocrx_word'/>
</head>
<body>
  <div class='ocr_page' id='page_1' title='image "./operacyrilli04cyriuoft/operacyrilli04cyriuoft_0428.png"; bbox 0 0 2037 3266; ppageno 0'>
   <div class='ocr_carea' id='block_1_1' title="bbox 111 336 262 373">
    <p class='ocr_par' dir='ltr' id='par_1_1' title="bbox 111 336 262 373">
     <span class='ocr_line' id='line_1_1' title="bbox 111 336 262 373; baseline 0.007 -1"><span class='ocrx_word' id='word_1_1' title='bbox 111 336 193 372; x_wconf 88' lang='lat'>773</span> <span class='ocrx_word' id='word_1_2' title='bbox 210 336 262 373; x_wconf 85' lang='lat' dir='ltr'>A.</span> 
     </span>
    </p>
   </div>
   <div class='ocr_carea' id='block_1_2' title="bbox 111 715 166 746">
    <p class='ocr_par' dir='ltr' id='par_1_2' title="bbox 111 715 166 746">
     <span class='ocr_line' id='line_1_2' title="bbox 111 715 166 746; baseline 0 0"><span class='ocrx_word' id='word_1_3' title='bbox 111 715 166 746; x_wconf 79' lang='lat' dir='ltr'>Ps.</span> 
     </span>
    </p>
   </div>
   <div class='ocr_carea' id='block_1_3' title="bbox 110 758 266 791">
    <p class='ocr_par' dir='ltr' id='par_1_3' title="bbox 110 758 266 791">
     <span class='ocr_line' id='line_1_3' title="bbox 110 758 266 791; baseline 0.013 -2"><span class='ocrx_word' id='word_1_4' title='bbox 110 758 266 791; x_wconf 77' lang='lat' dir='ltr'>cxxxviii.</span> 
     </span>
    </p>
   </div>
   <div class='ocr_carea' id='block_1_4' title="bbox 111 802 142 834">
    <p class='ocr_par' dir='ltr' id='par_1_4' title="bbox 111 802 142 834">
     <span class='ocr_line' id='line_1_4' title="bbox 111 802 142 834; baseline 0 0"><span class='ocrx_word' id='word_1_5' title='bbox 111 802 142 834; x_wconf 89' lang='lat'>6.</span> 
     </span>
    </p>
   </div>
   <div class='ocr_carea' id='block_1_5' title="bbox 111 2371 241 2455">
    <p class='ocr_par' dir='ltr' id='par_1_5' title="bbox 111 2371 241 2455">
     <span class='ocr_line' id='line_1_5' title="bbox 113 2371 241 2410; baseline 0 -9"><span class='ocrx_word' id='word_1_6' title='bbox 113 2381 130 2410; x_wconf 80' lang='lat'>3</span> <span class='ocrx_word' id='word_1_7' title='bbox 146 2371 241 2401; x_wconf 76' lang='lat' dir='ltr'><strong>Esdr.</strong></span> 
     </span>
     <span class='ocr_line' id='line_1_6' title="bbox 111 2414 220 2455; baseline -0.009 -9"><span class='ocrx_word' id='word_1_8' title='bbox 111 2415 154 2446; x_wconf 87' lang='lat' dir='ltr'>iv.</span> <span class='ocrx_word' id='word_1_9' title='bbox 171 2414 220 2455; x_wconf 83' lang='grc'><strong>36.</strong></span> 
     </span>
    </p>
   </div>
   <div class='ocr_carea' id='block_1_6' title="bbox 113 2619 264 2651">
    <p class='ocr_par' dir='ltr' id='par_1_6' title="bbox 113 2619 264 2651">
     <span class='ocr_line' id='line_1_7' title="bbox 113 2619 264 2651; baseline 0.013 -2"><span class='ocrx_word' id='word_1_10' title='bbox 113 2619 145 2649; x_wconf 81' lang='lat' dir='ltr'>S.</span> <span class='ocrx_word' id='word_1_11' title='bbox 160 2619 264 2651; x_wconf 82' lang='lat' dir='ltr'>Marc.</span> 
     </span>
    </p>
   </div>
   <div class='ocr_carea' id='block_1_7' title="bbox 112 2662 225 2704">
    <p class='ocr_par' dir='ltr' id='par_1_7' title="bbox 112 2662 225 2704">
     <span class='ocr_line' id='line_1_8' title="bbox 112 2662 225 2704; baseline 0 -11"><span class='ocrx_word' id='word_1_12' title='bbox 112 2662 156 2693; x_wconf 89' lang='lat' dir='ltr'>iv.</span> <span class='ocrx_word' id='word_1_13' title='bbox 175 2673 225 2704; x_wconf 77' lang='lat'>39.</span> 
     </span>
    </p>
   </div>
   <div class='ocr_carea' id='block_1_8' title="bbox 331 130 1918 183">
    <p class='ocr_par' dir='ltr' id='par_1_8' title="bbox 331 130 1918 183">
     <span class='ocr_line' id='line_1_9' title="bbox 331 130 1918 183; baseline 0.001 -14"><span class='ocrx_word' id='word_1_14' title='bbox 331 130 416 170; x_wconf 83' lang='lat'>416</span> <span class='ocrx_word' id='word_1_15' title='bbox 725 131 774 173; x_wconf 87' lang='lat' dir='ltr'>B.</span> <span class='ocrx_word' id='word_1_16' title='bbox 809 131 1085 173; x_wconf 88' lang='lat' dir='ltr'>CYRILLI</span> <span class='ocrx_word' id='word_1_17' title='bbox 1126 131 1511 173; x_wconf 89' lang='lat' dir='ltr'><strong>ALEXANDR.</strong></span> <span class='ocrx_word' id='word_1_18' title='bbox 1777 131 1918 183; x_wconf 84' lang='lat' dir='ltr'>xiv.7.</span> 
     </span>
    </p>
   </div>
   <div class='ocr_carea' id='block_1_9' title="bbox 294 237 1991 1047">
    <p class='ocr_par' dir='ltr' id='par_1_9' title="bbox 294 237 1991 1047">
     <span class='ocr_line' id='line_1_10' title="bbox 331 237 1919 309; baseline 0.001 -21"><span class='ocrx_word' id='word_1_19' title='bbox 331 237 436 301; x_wconf 74' lang='grc' dir='ltr'>ἤτοι</span> <span class='ocrx_word' id='word_1_20' title='bbox 461 241 544 303; x_wconf 82' lang='grc' dir='ltr'>τῆς</span> <span class='ocrx_word' id='word_1_21' title='bbox 569 239 757 307; x_wconf 76' lang='grc' dir='ltr'>ἡμέρας,</span> <span class='ocrx_word' id='word_1_22' title='bbox 785 243 893 293; x_wconf 86' lang='grc' dir='ltr'>καθ’</span> <span class='ocrx_word' id='word_1_23' title='bbox 922 241 1069 309; x_wconf 82' lang='grc' dir='ltr'>ἤνπερ</span> <span class='ocrx_word' id='word_1_24' title='bbox 1105 242 1261 295; x_wconf 81' lang='grc' dir='ltr'>αὐτοῖς</span> <span class='ocrx_word' id='word_1_25' title='bbox 1296 239 1405 295; x_wconf 77' lang='grc' dir='ltr'>τοὺς</span> <span class='ocrx_word' id='word_1_26' title='bbox 1435 243 1542 306; x_wconf 77' lang='grc' dir='ltr'>περὶ</span> <span class='ocrx_word' id='word_1_27' title='bbox 1576 244 1671 291; x_wconf 88' lang='grc' dir='ltr'>τῶν</span> <span class='ocrx_word' id='word_1_28' title='bbox 1696 240 1919 292; x_wconf 82' lang='grc' dir='ltr'>τοιούτων</span> 
     </span>
     <span class='ocr_line' id='line_1_11' title="bbox 294 320 1919 392; baseline 0.001 -22"><span class='ocrx_word' id='word_1_29' title='bbox 294 320 530 372; x_wconf 69' lang='grc' dir='ltr'>ειέποιεΐτο</span> <span class='ocrx_word' id='word_1_30' title='bbox 568 322 762 388; x_wconf 78' lang='grc' dir='ltr'>λόγους·</span> <span class='ocrx_word' id='word_1_31' title='bbox 809 323 864 374; x_wconf 82' lang='grc' dir='ltr'>τὸ</span> <span class='ocrx_word' id='word_1_32' title='bbox 903 324 957 375; x_wconf 81' lang='grc' dir='ltr'>δέ</span> <span class='ocrx_word' id='word_1_33' title='bbox 989 323 1179 392; x_wconf 78' lang='grc' dir='ltr'>Ἀπάρτι</span> <span class='ocrx_word' id='word_1_34' title='bbox 1220 325 1386 391; x_wconf 73' lang='grc' dir='ltr'>φησὶν,</span> <span class='ocrx_word' id='word_1_35' title='bbox 1426 322 1815 392; x_wconf 75' lang='grc' dir='ltr'>ἀντιπαρεξάγων</span> <span class='ocrx_word' id='word_1_36' title='bbox 1852 326 1919 390; x_wconf 76' lang='grc' dir='ltr'>τῷ</span> 
     </span>
     <span class='ocr_line' id='line_1_12' title="bbox 333 403 1919 475; baseline 0.001 -23"><span class='ocrx_word' id='word_1_37' title='bbox 333 403 512 473; x_wconf 83' lang='grc' dir='ltr'>ἀρχαίῳ</span> <span class='ocrx_word' id='word_1_38' title='bbox 564 406 639 456; x_wconf 79' lang='grc' dir='ltr'>καὶ</span> <span class='ocrx_word' id='word_1_39' title='bbox 690 405 879 475; x_wconf 90' lang='grc' dir='ltr'>πρώτῳ,</span> <span class='ocrx_word' id='word_1_40' title='bbox 928 406 1012 456; x_wconf 82' lang='grc' dir='ltr'>τὸν</span> <span class='ocrx_word' id='word_1_41' title='bbox 1062 407 1298 473; x_wconf 84' lang='grc' dir='ltr'>ἀρτιφανῆ</span> <span class='ocrx_word' id='word_1_42' title='bbox 1355 407 1431 456; x_wconf 84' lang='grc' dir='ltr'>καὶ</span> <span class='ocrx_word' id='word_1_43' title='bbox 1487 404 1587 456; x_wconf 84' lang='grc' dir='ltr'>νεόν</span> <span class='ocrx_word' id='word_1_44' title='bbox 1637 408 1720 468; x_wconf 87' lang='grc' dir='ltr'>τῆς</span> <span class='ocrx_word' id='word_1_45' title='bbox 1776 405 1919 455; x_wconf 84' lang='grc' dir='ltr'>αὐτοῦ</span> 
     </span>
     <span class='ocr_line' id='line_1_13' title="bbox 332 485 1919 553; baseline 0.001 -19"><span class='ocrx_word' id='word_1_46' title='bbox 332 486 597 551; x_wconf 82' lang='grc' dir='ltr'>παρουσίας</span> <span class='ocrx_word' id='word_1_47' title='bbox 642 486 818 553; x_wconf 80' lang='grc' dir='ltr'>καιρὸν,</span> <span class='ocrx_word' id='word_1_48' title='bbox 858 489 964 537; x_wconf 88' lang='grc' dir='ltr'>καθ’</span> <span class='ocrx_word' id='word_1_49' title='bbox 1007 486 1061 538; x_wconf 68' lang='grc' dir='ltr'>ὃν</span> <span class='ocrx_word' id='word_1_50' title='bbox 1099 487 1406 553; x_wconf 77' lang='grc' dir='ltr'>λαμπροτέρα</span> <span class='ocrx_word' id='word_1_51' title='bbox 1450 487 1613 553; x_wconf 81' lang='grc' dir='ltr'>γέγονε</span> <span class='ocrx_word' id='word_1_52' title='bbox 1660 491 1754 540; x_wconf 82' lang='grc' dir='ltr'>τοῖς</span> <span class='ocrx_word' id='word_1_53' title='bbox 1799 485 1919 536; x_wconf 82' lang='grc' dir='ltr'>κατὰ</span> 
     </span>
     <span class='ocr_line' id='line_1_14' title="bbox 332 567 1961 634; baseline -0.001 -16"><span class='ocrx_word' id='word_1_54' title='bbox 332 571 498 618; x_wconf 85' lang='grc' dir='ltr'>πᾶσαν</span> <span class='ocrx_word' id='word_1_55' title='bbox 523 567 609 632; x_wconf 85' lang='grc' dir='ltr'>τὴν</span> <span class='ocrx_word' id='word_1_56' title='bbox 636 567 905 632; x_wconf 77' lang='grc' dir='ltr'>οἰκουμένην</span> <span class='ocrx_word' id='word_1_57' title='bbox 932 569 959 632; x_wconf 82' lang='grc' dir='ltr'>ἡ</span> <span class='ocrx_word' id='word_1_58' title='bbox 990 570 1095 634; x_wconf 74' lang='grc' dir='ltr'>περὶ</span> <span class='ocrx_word' id='word_1_59' title='bbox 1123 567 1313 634; x_wconf 80' lang='grc' dir='ltr'>Πατρὸς</span> <span class='ocrx_word' id='word_1_60' title='bbox 1347 573 1526 634; x_wconf 87' lang='grc' dir='ltr'>γνῶσις</span> <span class='ocrx_word' id='word_1_61' title='bbox 1561 567 1636 620; x_wconf 79' lang='grc' dir='ltr'>διὰ</span> <span class='ocrx_word' id='word_1_62' title='bbox 1669 573 1752 619; x_wconf 82' lang='grc' dir='ltr'>τοῦ</span> <span class='ocrx_word' id='word_1_63' title='bbox 1778 570 1911 618; x_wconf 79' lang='grc' dir='ltr'><strong>Υἱοῦ.</strong></span> <span class='ocrx_word' id='word_1_64' title='bbox 1939 577 1961 615; x_wconf 86' lang='grc'><strong>5</strong></span> 
     </span>
     <span class='ocr_line' id='line_1_15' title="bbox 335 648 1919 719; baseline 0.001 -20"><span class='ocrx_word' id='word_1_65' title='bbox 335 648 411 699; x_wconf 79' lang='grc' dir='ltr'>διὰ</span> <span class='ocrx_word' id='word_1_66' title='bbox 435 649 528 716; x_wconf 89' lang='grc' dir='ltr'>γάρ</span> <span class='ocrx_word' id='word_1_67' title='bbox 559 673 630 700; x_wconf 91' lang='grc' dir='ltr'>τοι</span> <span class='ocrx_word' id='word_1_68' title='bbox 668 656 806 700; x_wconf 85' lang='grc' dir='ltr'>τοῦτο</span> <span class='ocrx_word' id='word_1_69' title='bbox 842 652 917 701; x_wconf 77' lang='grc' dir='ltr'>καὶ</span> <span class='ocrx_word' id='word_1_70' title='bbox 952 652 1001 701; x_wconf 86' lang='grc' dir='ltr'>ἐν</span> <span class='ocrx_word' id='word_1_71' title='bbox 1026 652 1188 719; x_wconf 87' lang='grc' dir='ltr'>βίβλῳ</span> <span class='ocrx_word' id='word_1_72' title='bbox 1219 654 1436 719; x_wconf 79' lang='grc' dir='ltr'>ψαλμῶν</span> <span class='ocrx_word' id='word_1_73' title='bbox 1463 653 1524 704; x_wconf 85' lang='grc' dir='ltr'>ὡς</span> <span class='ocrx_word' id='word_1_74' title='bbox 1549 649 1666 716; x_wconf 77' lang='grc' dir='ltr'>πρὸς</span> <span class='ocrx_word' id='word_1_75' title='bbox 1694 648 1817 700; x_wconf 76' lang='grc' dir='ltr'>Θεὸν</span> <span class='ocrx_word' id='word_1_76' title='bbox 1843 651 1919 700; x_wconf 77' lang='grc' dir='ltr'>καὶ</span> 
     </span>
     <span class='ocr_line' id='line_1_16' title="bbox 338 731 1916 801; baseline 0.001 -19"><span class='ocrx_word' id='word_1_77' title='bbox 338 731 530 797; x_wconf 74' lang='grc' dir='ltr'>Πατέρα</span> <span class='ocrx_word' id='word_1_78' title='bbox 571 732 723 801; x_wconf 87' lang='grc' dir='ltr'>φησίν</span> <span class='ocrx_word' id='word_1_79' title='bbox 762 739 787 762; x_wconf 79' lang='grc'><strong>“</strong></span> <span class='ocrx_word' id='word_1_80' title='bbox 811 733 1196 796; x_wconf 88' lang='grc' dir='ltr'>Ἐθαυμαστώθη</span> <span class='ocrx_word' id='word_1_81' title='bbox 1238 733 1266 796; x_wconf 85' lang='grc' dir='ltr'>ἡ</span> <span class='ocrx_word' id='word_1_82' title='bbox 1309 733 1485 799; x_wconf 85' lang='grc' dir='ltr'>γνῶσίς</span> <span class='ocrx_word' id='word_1_83' title='bbox 1528 755 1621 783; x_wconf 91' lang='grc' dir='ltr'>σου</span> <span class='ocrx_word' id='word_1_84' title='bbox 1664 732 1721 801; x_wconf 75' lang='grc' dir='ltr'>ἐξ</span> <span class='ocrx_word' id='word_1_85' title='bbox 1761 733 1916 796; x_wconf 81' lang='grc' dir='ltr'><strong>ἐμοῦ.”</strong></span> 
     </span>
     <span class='ocr_line' id='line_1_17' title="bbox 334 813 1916 881; baseline 0 -17"><span class='ocrx_word' id='word_1_86' title='bbox 334 813 589 880; x_wconf 78' lang='grc' dir='ltr'>ἑωρακότες</span> <span class='ocrx_word' id='word_1_87' title='bbox 627 814 720 881; x_wconf 77' lang='grc' dir='ltr'>γὰρ</span> <span class='ocrx_word' id='word_1_88' title='bbox 758 819 854 868; x_wconf 84' lang='grc' dir='ltr'>τοῖς</span> <span class='ocrx_word' id='word_1_89' title='bbox 893 814 1009 881; x_wconf 74' lang='grc' dir='ltr'>ὑπὲρ</span> <span class='ocrx_word' id='word_1_90' title='bbox 1048 814 1197 881; x_wconf 89' lang='grc' dir='ltr'>λόγον</span> <span class='ocrx_word' id='word_1_91' title='bbox 1228 815 1683 881; x_wconf 86' lang='grc' dir='ltr'>θαυματουργήμασι</span> <span class='ocrx_word' id='word_1_92' title='bbox 1722 814 1916 880; x_wconf 79' lang='grc' dir='ltr'>διαπρέ-</span> 
     </span>
     <span class='ocr_line' id='line_1_18' title="bbox 333 895 1920 966; baseline 0 -19"><span class='ocrx_word' id='word_1_93' title='bbox 333 919 486 947; x_wconf 90' lang='grc' dir='ltr'>ποντα</span> <span class='ocrx_word' id='word_1_94' title='bbox 521 895 603 948; x_wconf 78' lang='grc' dir='ltr'>τὸν</span> <span class='ocrx_word' id='word_1_95' title='bbox 630 896 762 960; x_wconf 81' lang='grc' dir='ltr'>Υὶὸν,</span> <span class='ocrx_word' id='word_1_96' title='bbox 788 899 862 948; x_wconf 86' lang='grc' dir='ltr'>καὶ</span> <span class='ocrx_word' id='word_1_97' title='bbox 894 896 1012 960; x_wconf 83' lang='grc' dir='ltr'>μετὰ</span> <span class='ocrx_word' id='word_1_98' title='bbox 1044 901 1329 963; x_wconf 82' lang='grc' dir='ltr'>θεοπρεποῦς</span> <span class='ocrx_word' id='word_1_99' title='bbox 1355 897 1574 966; x_wconf 77' lang='grc' dir='ltr'>ἐξουσίας</span> <span class='ocrx_word' id='word_1_100' title='bbox 1600 901 1920 963; x_wconf 83' lang='grc' dir='ltr'>κατορθοῦντα</span> 
     </span>
     <span class='ocr_line' id='line_1_19' title="bbox 333 978 1991 1047; baseline -0.002 -19"><span class='ocrx_word' id='word_1_101' title='bbox 333 978 504 1047; x_wconf 74' lang='grc' dir='ltr'>ῥᾳδίως</span> <span class='ocrx_word' id='word_1_102' title='bbox 544 978 659 1045; x_wconf 79' lang='grc' dir='ltr'>ὅπερ</span> <span class='ocrx_word' id='word_1_103' title='bbox 698 978 755 1030; x_wconf 78' lang='grc' dir='ltr'>ἂν</span> <span class='ocrx_word' id='word_1_104' title='bbox 793 980 1040 1042; x_wconf 86' lang='grc' dir='ltr'>βούλοιτο,</span> <span class='ocrx_word' id='word_1_105' title='bbox 1078 980 1435 1043; x_wconf 83' lang='grc' dir='ltr'>τεθαυμάκαμεν</span> <span class='ocrx_word' id='word_1_106' title='bbox 1474 981 1682 1031; x_wconf 82' lang='grc' dir='ltr'>ἐντεῦθεν</span> <span class='ocrx_word' id='word_1_107' title='bbox 1716 979 1802 1043; x_wconf 84' lang='grc' dir='ltr'>τὴν</span> <span class='ocrx_word' id='word_1_108' title='bbox 1836 984 1919 1030; x_wconf 83' lang='grc' dir='ltr'>τοῦ</span> <span class='ocrx_word' id='word_1_109' title='bbox 1943 1000 1991 1025; x_wconf 95' lang='lat'>10</span> 
     </span>
    </p>
   </div>
   <div class='ocr_carea' id='block_1_10' title="bbox 1894 1059 1913 1077">
    <p class='ocr_par' dir='ltr' id='par_1_10' title="bbox 1894 1059 1913 1077">
     <span class='ocr_line' id='line_1_20' title="bbox 1894 1059 1913 1077; baseline -0.053 0"><span class='ocrx_word' id='word_1_110' title='bbox 1894 1059 1913 1077; x_wconf 65' lang='grc' dir='ltr'>’λ</span> 
     </span>
    </p>
   </div>
   <div class='ocr_carea' id='block_1_11' title="bbox 336 1059 1919 1129">
    <p class='ocr_par' dir='ltr' id='par_1_11' title="bbox 336 1059 1919 1129">
     <span class='ocr_line' id='line_1_21' title="bbox 336 1059 1919 1129; baseline 0.001 -19"><span class='ocrx_word' id='word_1_111' title='bbox 336 1059 528 1126; x_wconf 78' lang='grc' dir='ltr'>Πατρὸς</span> <span class='ocrx_word' id='word_1_112' title='bbox 568 1066 763 1127; x_wconf 84' lang='grc' dir='ltr'>γνῶσιν,</span> <span class='ocrx_word' id='word_1_113' title='bbox 804 1062 890 1129; x_wconf 81' lang='grc' dir='ltr'>οὐχ</span> <span class='ocrx_word' id='word_1_114' title='bbox 931 1060 1092 1128; x_wconf 76' lang='grc' dir='ltr'>ἑτέρως</span> <span class='ocrx_word' id='word_1_115' title='bbox 1136 1061 1342 1128; x_wconf 74' lang='grc' dir='ltr'>ἔχουσαν</span> <span class='ocrx_word' id='word_1_116' title='bbox 1384 1063 1647 1115; x_wconf 83' lang='grc' dir='ltr'>ἐννοοῦντες</span> <span class='ocrx_word' id='word_1_117' title='bbox 1690 1060 1849 1124; x_wconf 81' lang='grc' dir='ltr'>αὐτὴν,</span> <span class='ocrx_word' id='word_1_118' title='bbox 1890 1085 1919 1125; x_wconf 90' lang='grc' dir='ltr'>η</span> 
     </span>
    </p>
   </div>
   <div class='ocr_carea' id='block_1_12' title="bbox 288 1139 1919 1212">
    <p class='ocr_par' dir='ltr' id='par_1_12' title="bbox 288 1139 1919 1212">
     <span class='ocr_line' id='line_1_22' title="bbox 288 1139 1919 1212; baseline 0.001 -20"><span class='ocrx_word' id='word_1_119' title='bbox 288 1139 497 1210; x_wconf 63' lang='grc' dir='ltr'>ὒώσπερ</span> <span class='ocrx_word' id='word_1_120' title='bbox 539 1145 669 1194; x_wconf 75' lang='grc' dir='ltr'>ἐστὶν</span> <span class='ocrx_word' id='word_1_121' title='bbox 708 1144 736 1208; x_wconf 83' lang='grc' dir='ltr'>ἡ</span> <span class='ocrx_word' id='word_1_122' title='bbox 775 1149 858 1194; x_wconf 88' lang='grc' dir='ltr'>τοῦ</span> <span class='ocrx_word' id='word_1_123' title='bbox 899 1143 956 1212; x_wconf 74' lang='grc' dir='ltr'>ἐξ</span> <span class='ocrx_word' id='word_1_124' title='bbox 997 1144 1140 1194; x_wconf 81' lang='grc' dir='ltr'>αὐτοῦ</span> <span class='ocrx_word' id='word_1_125' title='bbox 1180 1144 1499 1209; x_wconf 81' lang='grc' dir='ltr'>προελθόντος</span> <span class='ocrx_word' id='word_1_126' title='bbox 1539 1147 1673 1194; x_wconf 81' lang='grc' dir='ltr'><strong>Υὶοῦ.</strong></span> <span class='ocrx_word' id='word_1_127' title='bbox 1726 1143 1919 1212; x_wconf 75' lang='grc' dir='ltr'>Ἀπάρτι</span> 
     </span>
    </p>
   </div>
   <div class='ocr_carea' id='block_1_13' title="bbox 296 1223 1994 2523">
    <p class='ocr_par' dir='ltr' id='par_1_13' title="bbox 331 1223 1990 1786">
     <span class='ocr_line' id='line_1_23' title="bbox 332 1223 1919 1294; baseline 0 -19"><span class='ocrx_word' id='word_1_128' title='bbox 332 1226 489 1276; x_wconf 87' lang='grc' dir='ltr'>τοίνυν</span> <span class='ocrx_word' id='word_1_129' title='bbox 520 1226 757 1292; x_wconf 74' lang='grc' dir='ltr'>γινώσκετε</span> <span class='ocrx_word' id='word_1_130' title='bbox 786 1228 911 1277; x_wconf 57' lang='grc' dir='ltr'>αὐτον</span> <span class='ocrx_word' id='word_1_131' title='bbox 947 1233 1022 1277; x_wconf 64' lang='grc' dir='ltr'>καὶ</span> <span class='ocrx_word' id='word_1_132' title='bbox 1059 1223 1283 1294; x_wconf 74' lang='grc' dir='ltr'>ἑωράκατε</span> <span class='ocrx_word' id='word_1_133' title='bbox 1318 1226 1457 1276; x_wconf 73' lang='grc' dir='ltr'>αὐτόν.</span> <span class='ocrx_word' id='word_1_134' title='bbox 1527 1225 1796 1291; x_wconf 82' lang='grc' dir='ltr'>ἐγνώκαμεν</span> <span class='ocrx_word' id='word_1_135' title='bbox 1825 1224 1919 1292; x_wconf 77' lang='grc' dir='ltr'>γὰρ</span> 
     </span>
     <span class='ocr_line' id='line_1_24' title="bbox 332 1306 1921 1376; baseline -0.001 -18"><span class='ocrx_word' id='word_1_136' title='bbox 332 1308 382 1358; x_wconf 83' lang='grc' dir='ltr'>ἐν</span> <span class='ocrx_word' id='word_1_137' title='bbox 407 1311 525 1376; x_wconf 72' lang='grc' dir='ltr'>Υἱῷ,</span> <span class='ocrx_word' id='word_1_138' title='bbox 563 1308 774 1374; x_wconf 88' lang='grc' dir='ltr'>καθάπερ</span> <span class='ocrx_word' id='word_1_139' title='bbox 815 1307 937 1376; x_wconf 74' lang='grc' dir='ltr'>ε”φην</span> <span class='ocrx_word' id='word_1_140' title='bbox 968 1308 1150 1375; x_wconf 80' lang='grc' dir='ltr'>ἀρτίως,</span> <span class='ocrx_word' id='word_1_141' title='bbox 1181 1309 1250 1361; x_wconf 86' lang='grc' dir='ltr'>τίς</span> <span class='ocrx_word' id='word_1_142' title='bbox 1289 1309 1313 1358; x_wconf 87' lang='grc' dir='ltr'>ὁ</span> <span class='ocrx_word' id='word_1_143' title='bbox 1352 1307 1534 1375; x_wconf 78' lang='grc' dir='ltr'>Πατὴρ,</span> <span class='ocrx_word' id='word_1_144' title='bbox 1570 1309 1645 1358; x_wconf 78' lang='grc' dir='ltr'>καὶ</span> <span class='ocrx_word' id='word_1_145' title='bbox 1683 1308 1736 1358; x_wconf 81' lang='grc' dir='ltr'>οὐ</span> <span class='ocrx_word' id='word_1_146' title='bbox 1774 1306 1921 1371; x_wconf 88' lang='grc' dir='ltr'>μόνον</span> 
     </span>
     <span class='ocr_line' id='line_1_25' title="bbox 332 1387 1990 1456; baseline -0.001 -15"><span class='ocrx_word' id='word_1_147' title='bbox 332 1390 676 1454; x_wconf 80' lang='grc' dir='ltr'>ἐπεγνώκαμεν,</span> <span class='ocrx_word' id='word_1_148' title='bbox 703 1389 834 1441; x_wconf 77' lang='grc' dir='ltr'>ἀλλὰ</span> <span class='ocrx_word' id='word_1_149' title='bbox 869 1392 943 1441; x_wconf 76' lang='grc' dir='ltr'>καὶ</span> <span class='ocrx_word' id='word_1_150' title='bbox 979 1390 1288 1454; x_wconf 79' lang='grc' dir='ltr'>ἐθεασάμεθα,</span> <span class='ocrx_word' id='word_1_151' title='bbox 1314 1390 1415 1454; x_wconf 74' lang='grc' dir='ltr'>ἤτοι</span> <span class='ocrx_word' id='word_1_152' title='bbox 1442 1387 1727 1456; x_wconf 85' lang='grc' dir='ltr'>ἑωράκαμεν.</span> <span class='ocrx_word' id='word_1_153' title='bbox 1781 1390 1808 1452; x_wconf 84' lang='grc' dir='ltr'>ἡ</span> <span class='ocrx_word' id='word_1_154' title='bbox 1835 1388 1920 1451; x_wconf 71' lang='grc' dir='ltr'>μὲν</span> <span class='ocrx_word' id='word_1_155' title='bbox 1944 1412 1990 1450; x_wconf 89' lang='lat'>15</span> 
     </span>
     <span class='ocr_line' id='line_1_26' title="bbox 331 1470 1920 1538; baseline -0.001 -16"><span class='ocrx_word' id='word_1_156' title='bbox 331 1471 426 1538; x_wconf 75' lang='grc' dir='ltr'>γὰρ</span> <span class='ocrx_word' id='word_1_157' title='bbox 465 1477 644 1538; x_wconf 88' lang='grc' dir='ltr'>γνῶσις</span> <span class='ocrx_word' id='word_1_158' title='bbox 682 1472 769 1537; x_wconf 86' lang='grc' dir='ltr'>τὴν</span> <span class='ocrx_word' id='word_1_159' title='bbox 802 1472 876 1523; x_wconf 78' lang='grc' dir='ltr'>διὰ</span> <span class='ocrx_word' id='word_1_160' title='bbox 915 1477 1009 1523; x_wconf 89' lang='grc' dir='ltr'>τῶν</span> <span class='ocrx_word' id='word_1_161' title='bbox 1043 1474 1231 1523; x_wconf 79' lang='grc' dir='ltr'>ἐννοιῶν</span> <span class='ocrx_word' id='word_1_162' title='bbox 1266 1473 1463 1538; x_wconf 88' lang='grc' dir='ltr'>θεωρίαν</span> <span class='ocrx_word' id='word_1_163' title='bbox 1497 1474 1738 1536; x_wconf 85' lang='grc' dir='ltr'>ὑποδηλοῖ,</span> <span class='ocrx_word' id='word_1_164' title='bbox 1771 1470 1828 1537; x_wconf 82' lang='grc' dir='ltr'>ἢν</span> <span class='ocrx_word' id='word_1_165' title='bbox 1861 1472 1920 1522; x_wconf 79' lang='grc' dir='ltr'>ἄν</span> 
     </span>
     <span class='ocr_line' id='line_1_27' title="bbox 332 1552 1920 1623; baseline 0.002 -18"><span class='ocrx_word' id='word_1_166' title='bbox 332 1577 403 1608; x_wconf 91' lang='grc' dir='ltr'>τις</span> <span class='ocrx_word' id='word_1_167' title='bbox 430 1552 575 1614; x_wconf 80' lang='grc' dir='ltr'>λάβοι</span> <span class='ocrx_word' id='word_1_168' title='bbox 602 1555 747 1622; x_wconf 81' lang='grc' dir='ltr'>τυχὸν</span> <span class='ocrx_word' id='word_1_169' title='bbox 772 1556 878 1621; x_wconf 81' lang='grc' dir='ltr'>περὶ</span> <span class='ocrx_word' id='word_1_170' title='bbox 904 1557 987 1617; x_wconf 84' lang='grc' dir='ltr'>τῆς</span> <span class='ocrx_word' id='word_1_171' title='bbox 1013 1555 1137 1609; x_wconf 88' lang='grc' dir='ltr'>θείας</span> <span class='ocrx_word' id='word_1_172' title='bbox 1169 1578 1218 1606; x_wconf 91' lang='grc' dir='ltr'>τε</span> <span class='ocrx_word' id='word_1_173' title='bbox 1253 1556 1327 1605; x_wconf 77' lang='grc' dir='ltr'>καὶ</span> <span class='ocrx_word' id='word_1_174' title='bbox 1362 1553 1566 1621; x_wconf 79' lang='grc' dir='ltr'>ἀῤῥήτου</span> <span class='ocrx_word' id='word_1_175' title='bbox 1601 1553 1808 1623; x_wconf 83' lang='grc' dir='ltr'>φύσεως,</span> <span class='ocrx_word' id='word_1_176' title='bbox 1836 1556 1920 1617; x_wconf 67' lang='grc' dir='ltr'>πῆς</span> 
     </span>
     <span class='ocr_line' id='line_1_28' title="bbox 333 1634 1920 1705; baseline 0 -19"><span class='ocrx_word' id='word_1_177' title='bbox 333 1637 408 1687; x_wconf 76' lang='grc' dir='ltr'>ἐπὶ</span> <span class='ocrx_word' id='word_1_178' title='bbox 447 1637 628 1690; x_wconf 77' lang='grc' dir='ltr'>πάντας</span> <span class='ocrx_word' id='word_1_179' title='bbox 667 1639 788 1705; x_wconf 78' lang='grc' dir='ltr'>φημὶ</span> <span class='ocrx_word' id='word_1_180' title='bbox 828 1639 902 1688; x_wconf 75' lang='grc' dir='ltr'>καὶ</span> <span class='ocrx_word' id='word_1_181' title='bbox 942 1635 1018 1687; x_wconf 79' lang='grc' dir='ltr'>διὰ</span> <span class='ocrx_word' id='word_1_182' title='bbox 1055 1636 1247 1688; x_wconf 87' lang='grc' dir='ltr'>πάντων</span> <span class='ocrx_word' id='word_1_183' title='bbox 1278 1640 1352 1687; x_wconf 83' lang='grc' dir='ltr'>καὶ</span> <span class='ocrx_word' id='word_1_184' title='bbox 1392 1638 1439 1687; x_wconf 83' lang='grc' dir='ltr'>ἐν</span> <span class='ocrx_word' id='word_1_185' title='bbox 1471 1641 1610 1688; x_wconf 80' lang='grc' dir='ltr'>πᾶσι.</span> <span class='ocrx_word' id='word_1_186' title='bbox 1679 1635 1733 1687; x_wconf 82' lang='grc' dir='ltr'>τὸ</span> <span class='ocrx_word' id='word_1_187' title='bbox 1772 1634 1920 1702; x_wconf 84' lang='grc' dir='ltr'>γεμὴν</span> 
     </span>
     <span class='ocr_line' id='line_1_29' title="bbox 336 1718 1916 1786; baseline 0 -18"><span class='ocrx_word' id='word_1_188' title='bbox 336 1721 460 1781; x_wconf 77' lang='grc' dir='ltr'>ἰδεῖν,</span> <span class='ocrx_word' id='word_1_189' title='bbox 488 1718 573 1783; x_wconf 81' lang='grc' dir='ltr'>τὴν</span> <span class='ocrx_word' id='word_1_190' title='bbox 599 1718 675 1769; x_wconf 76' lang='grc' dir='ltr'>διὰ</span> <span class='ocrx_word' id='word_1_191' title='bbox 710 1724 805 1770; x_wconf 90' lang='grc' dir='ltr'>τῶν</span> <span class='ocrx_word' id='word_1_192' title='bbox 830 1718 1285 1785; x_wconf 86' lang='grc' dir='ltr'>τερατουργημάτων</span> <span class='ocrx_word' id='word_1_193' title='bbox 1313 1719 1647 1786; x_wconf 82' lang='grc' dir='ltr'>πληροφορίαν</span> <span class='ocrx_word' id='word_1_194' title='bbox 1680 1719 1916 1783; x_wconf 87' lang='grc' dir='ltr'>σημαίνει.</span> 
     </span>
    </p>

    <p class='ocr_par' dir='ltr' id='par_1_14' title="bbox 296 1799 1994 2523">
     <span class='ocr_line' id='line_1_30' title="bbox 296 1799 1994 1869; baseline 0 -19"><span class='ocrx_word' id='word_1_195' title='bbox 296 1820 318 1846; x_wconf 82' lang='lat' dir='ltr'>e</span> <span class='ocrx_word' id='word_1_196' title='bbox 337 1801 390 1850; x_wconf 83' lang='grc' dir='ltr'>οὐ</span> <span class='ocrx_word' id='word_1_197' title='bbox 418 1799 511 1867; x_wconf 78' lang='grc' dir='ltr'>γὰρ</span> <span class='ocrx_word' id='word_1_198' title='bbox 537 1800 683 1863; x_wconf 87' lang='grc' dir='ltr'>μόνον</span> <span class='ocrx_word' id='word_1_199' title='bbox 703 1800 971 1867; x_wconf 81' lang='grc' dir='ltr'>ἐγνώκαμεν</span> <span class='ocrx_word' id='word_1_200' title='bbox 993 1801 1062 1852; x_wconf 84' lang='grc' dir='ltr'>ὅτι</span> <span class='ocrx_word' id='word_1_201' title='bbox 1091 1800 1181 1867; x_wconf 78' lang='grc' dir='ltr'>ζωὴ</span> <span class='ocrx_word' id='word_1_202' title='bbox 1209 1800 1328 1852; x_wconf 79' lang='grc' dir='ltr'>κατὰ</span> <span class='ocrx_word' id='word_1_203' title='bbox 1355 1799 1506 1869; x_wconf 83' lang='grc' dir='ltr'>φύσιν</span> <span class='ocrx_word' id='word_1_204' title='bbox 1526 1802 1656 1851; x_wconf 75' lang='grc' dir='ltr'>ἐστὶν</span> <span class='ocrx_word' id='word_1_205' title='bbox 1683 1802 1708 1851; x_wconf 83' lang='grc' dir='ltr'>ὁ</span> <span class='ocrx_word' id='word_1_206' title='bbox 1731 1799 1917 1866; x_wconf 87' lang='grc' dir='ltr'>Πατήρ·</span> <span class='ocrx_word' id='word_1_207' title='bbox 1942 1825 1994 1851; x_wconf 87' lang='lat'>20</span> 
     </span>
     <span class='ocr_line' id='line_1_31' title="bbox 336 1881 1915 1952; baseline -0.001 -19"><span class='ocrx_word' id='word_1_208' title='bbox 336 1881 442 1933; x_wconf 77' lang='grc' dir='ltr'>οὐδὲ</span> <span class='ocrx_word' id='word_1_209' title='bbox 481 1884 529 1933; x_wconf 85' lang='grc' dir='ltr'>ἐν</span> <span class='ocrx_word' id='word_1_210' title='bbox 561 1886 732 1952; x_wconf 76' lang='grc' dir='ltr'>ψιλαῖς</span> <span class='ocrx_word' id='word_1_211' title='bbox 768 1885 844 1934; x_wconf 82' lang='grc' dir='ltr'>καὶ</span> <span class='ocrx_word' id='word_1_212' title='bbox 881 1883 1045 1946; x_wconf 86' lang='grc' dir='ltr'>μόναις</span> <span class='ocrx_word' id='word_1_213' title='bbox 1076 1884 1269 1938; x_wconf 85' lang='grc' dir='ltr'>ἐννοίαις</span> <span class='ocrx_word' id='word_1_214' title='bbox 1308 1882 1392 1947; x_wconf 86' lang='grc' dir='ltr'>τὴν</span> <span class='ocrx_word' id='word_1_215' title='bbox 1421 1888 1503 1934; x_wconf 86' lang='grc' dir='ltr'>τοῦ</span> <span class='ocrx_word' id='word_1_216' title='bbox 1537 1882 1817 1949; x_wconf 88' lang='grc' dir='ltr'>πράγματος</span> <span class='ocrx_word' id='word_1_217' title='bbox 1852 1882 1915 1932; x_wconf 80' lang='grc' dir='ltr'>ε’ί-</span> 
     </span>
     <span class='ocr_line' id='line_1_32' title="bbox 335 1963 1922 2034; baseline 0.001 -19"><span class='ocrx_word' id='word_1_218' title='bbox 335 1967 476 2029; x_wconf 89' lang='grc' dir='ltr'>δησιν</span> <span class='ocrx_word' id='word_1_219' title='bbox 525 1967 574 2016; x_wconf 85' lang='grc' dir='ltr'>ἐν</span> <span class='ocrx_word' id='word_1_220' title='bbox 624 1966 805 2020; x_wconf 80' lang='grc' dir='ltr'>ἑαυτοῖς</span> <span class='ocrx_word' id='word_1_221' title='bbox 854 1965 1142 2033; x_wconf 80' lang='grc' dir='ltr'>ἐσχήκαμεν·</span> <span class='ocrx_word' id='word_1_222' title='bbox 1210 1967 1258 2016; x_wconf 88' lang='grc' dir='ltr'>ἐν</span> <span class='ocrx_word' id='word_1_223' title='bbox 1303 1969 1405 2034; x_wconf 75' lang='grc' dir='ltr'>Υὶῳ</span> <span class='ocrx_word' id='word_1_224' title='bbox 1460 1963 1759 2030; x_wconf 73' lang='grc' dir='ltr'>ζωοποιοῦντι</span> <span class='ocrx_word' id='word_1_225' title='bbox 1814 1963 1922 2017; x_wconf 75' lang='grc' dir='ltr'>τοὺς</span> 
     </span>
     <span class='ocr_line' id='line_1_33' title="bbox 336 2045 1915 2114; baseline -0.001 -16"><span class='ocrx_word' id='word_1_226' title='bbox 336 2046 539 2112; x_wconf 74' lang='grc' dir='ltr'>νεκροὺς,</span> <span class='ocrx_word' id='word_1_227' title='bbox 565 2050 640 2098; x_wconf 75' lang='grc' dir='ltr'>καὶ</span> <span class='ocrx_word' id='word_1_228' title='bbox 667 2051 729 2102; x_wconf 79' lang='grc' dir='ltr'>εἷς</span> <span class='ocrx_word' id='word_1_229' title='bbox 755 2047 808 2098; x_wconf 78' lang='grc' dir='ltr'>τὸ</span> <span class='ocrx_word' id='word_1_230' title='bbox 837 2045 951 2098; x_wconf 74' lang='grc' dir='ltr'>εἶναι</span> <span class='ocrx_word' id='word_1_231' title='bbox 977 2047 1126 2099; x_wconf 88' lang='grc' dir='ltr'>πάλιν</span> <span class='ocrx_word' id='word_1_232' title='bbox 1152 2046 1474 2113; x_wconf 74' lang='grc' dir='ltr'>ἀνακομίζοντι</span> <span class='ocrx_word' id='word_1_233' title='bbox 1508 2046 1616 2100; x_wconf 75' lang='grc' dir='ltr'>τοὺς</span> <span class='ocrx_word' id='word_1_234' title='bbox 1647 2050 1915 2114; x_wconf 79' lang='grc' dir='ltr'>κατεφθαρ-</span> 
     </span>
     <span class='ocr_line' id='line_1_34' title="bbox 334 2128 1920 2197; baseline 0 -18"><span class='ocrx_word' id='word_1_235' title='bbox 334 2129 517 2192; x_wconf 79' lang='grc' dir='ltr'>με’νους·</span> <span class='ocrx_word' id='word_1_236' title='bbox 561 2131 614 2180; x_wconf 84' lang='grc' dir='ltr'>οὐ</span> <span class='ocrx_word' id='word_1_237' title='bbox 648 2129 794 2194; x_wconf 90' lang='grc' dir='ltr'>μόνον</span> <span class='ocrx_word' id='word_1_238' title='bbox 826 2130 1110 2194; x_wconf 85' lang='grc' dir='ltr'>ἐγνώκαμεν,</span> <span class='ocrx_word' id='word_1_239' title='bbox 1142 2129 1211 2180; x_wconf 78' lang='grc' dir='ltr'>ὅτι</span> <span class='ocrx_word' id='word_1_240' title='bbox 1245 2129 1337 2196; x_wconf 72' lang='grc' dir='ltr'>ζωὴ</span> <span class='ocrx_word' id='word_1_241' title='bbox 1373 2128 1491 2180; x_wconf 78' lang='grc' dir='ltr'>κατὰ</span> <span class='ocrx_word' id='word_1_242' title='bbox 1527 2128 1677 2197; x_wconf 75' lang='grc' dir='ltr'>φύσιν</span> <span class='ocrx_word' id='word_1_243' title='bbox 1708 2130 1810 2179; x_wconf 75' lang='grc' dir='ltr'>ἐστὶ</span> <span class='ocrx_word' id='word_1_244' title='bbox 1845 2132 1920 2179; x_wconf 76' lang='grc' dir='ltr'>καὶ</span> 
     </span>
     <span class='ocr_line' id='line_1_35' title="bbox 336 2209 1989 2278; baseline -0.002 -16"><span class='ocrx_word' id='word_1_245' title='bbox 336 2211 406 2262; x_wconf 79' lang='grc' dir='ltr'>ὅτι</span> <span class='ocrx_word' id='word_1_246' title='bbox 431 2216 596 2263; x_wconf 81' lang='grc' dir='ltr'>πᾶσαν</span> <span class='ocrx_word' id='word_1_247' title='bbox 624 2211 713 2263; x_wconf 78' lang='grc' dir='ltr'>ὑπὸ</span> <span class='ocrx_word' id='word_1_248' title='bbox 739 2211 887 2264; x_wconf 87' lang='grc' dir='ltr'>πόδας</span> <span class='ocrx_word' id='word_1_249' title='bbox 915 2212 1007 2278; x_wconf 74' lang='grc' dir='ltr'>ἔχει</span> <span class='ocrx_word' id='word_1_250' title='bbox 1033 2211 1119 2275; x_wconf 85' lang='grc' dir='ltr'>τὴν</span> <span class='ocrx_word' id='word_1_251' title='bbox 1145 2211 1301 2262; x_wconf 83' lang='grc' dir='ltr'>κτίσιν</span> <span class='ocrx_word' id='word_1_252' title='bbox 1328 2212 1352 2261; x_wconf 84' lang='grc' dir='ltr'>ὁ</span> <span class='ocrx_word' id='word_1_253' title='bbox 1381 2211 1502 2264; x_wconf 80' lang='grc' dir='ltr'>Θεὸς</span> <span class='ocrx_word' id='word_1_254' title='bbox 1531 2212 1606 2261; x_wconf 72' lang='grc' dir='ltr'>καὶ</span> <span class='ocrx_word' id='word_1_255' title='bbox 1634 2209 1818 2276; x_wconf 86' lang='grc' dir='ltr'>Πατὴρ,</span> <span class='ocrx_word' id='word_1_256' title='bbox 1845 2212 1920 2261; x_wconf 78' lang='grc' dir='ltr'>καὶ</span> <span class='ocrx_word' id='word_1_257' title='bbox 1943 2230 1989 2268; x_wconf 90' lang='lat'>25</span> 
     </span>
     <span class='ocr_line' id='line_1_36' title="bbox 335 2290 1919 2360; baseline -0.001 -17"><span class='ocrx_word' id='word_1_258' title='bbox 335 2296 430 2343; x_wconf 84' lang='grc' dir='ltr'>τῶν</span> <span class='ocrx_word' id='word_1_259' title='bbox 474 2295 582 2359; x_wconf 87' lang='grc' dir='ltr'>παρ’</span> <span class='ocrx_word' id='word_1_260' title='bbox 632 2295 774 2343; x_wconf 80' lang='grc' dir='ltr'>αὐτοῦ</span> <span class='ocrx_word' id='word_1_261' title='bbox 826 2292 1092 2357; x_wconf 88' lang='grc' dir='ltr'>γεγονότων</span> <span class='ocrx_word' id='word_1_262' title='bbox 1136 2290 1485 2360; x_wconf 74' lang='grc' dir='ltr'>κατεξουσιάζει</span> <span class='ocrx_word' id='word_1_263' title='bbox 1534 2296 1812 2352; x_wconf 80' lang='grc' dir='ltr'>βασιλικῶς,</span> <span class='ocrx_word' id='word_1_264' title='bbox 1858 2294 1919 2345; x_wconf 86' lang='grc' dir='ltr'>ὡς</span> 
     </span>
     <span class='ocr_line' id='line_1_37' title="bbox 337 2371 1919 2439; baseline -0.001 -14"><span class='ocrx_word' id='word_1_265' title='bbox 337 2381 364 2404; x_wconf 81' lang='lat'><strong>“</strong></span> <span class='ocrx_word' id='word_1_266' title='bbox 389 2372 546 2425; x_wconf 89' lang='grc' dir='ltr'>πάντα</span> <span class='ocrx_word' id='word_1_267' title='bbox 584 2373 642 2425; x_wconf 78' lang='grc' dir='ltr'>τὰ</span> <span class='ocrx_word' id='word_1_268' title='bbox 681 2375 796 2439; x_wconf 73' lang='grc' dir='ltr'>ἔργα</span> <span class='ocrx_word' id='word_1_269' title='bbox 833 2373 1053 2424; x_wconf 86' lang='grc' dir='ltr'>σειέσθαί</span> <span class='ocrx_word' id='word_1_270' title='bbox 1085 2396 1134 2424; x_wconf 89' lang='grc' dir='ltr'>τε</span> <span class='ocrx_word' id='word_1_271' title='bbox 1174 2375 1228 2424; x_wconf 77' lang='grc' dir='ltr'>δι’</span> <span class='ocrx_word' id='word_1_272' title='bbox 1258 2372 1400 2424; x_wconf 79' lang='grc' dir='ltr'>αὑτὸν</span> <span class='ocrx_word' id='word_1_273' title='bbox 1434 2374 1509 2424; x_wconf 79' lang='grc' dir='ltr'>καὶ</span> <span class='ocrx_word' id='word_1_274' title='bbox 1548 2372 1770 2439; x_wconf 74' lang='grc' dir='ltr'>τρέμειν,”</span> <span class='ocrx_word' id='word_1_275' title='bbox 1800 2371 1919 2423; x_wconf 75' lang='grc' dir='ltr'>κατὰ</span> 
     </span>
     <span class='ocr_line' id='line_1_38' title="bbox 336 2454 1916 2523; baseline -0.002 -16"><span class='ocrx_word' id='word_1_276' title='bbox 336 2457 390 2508; x_wconf 83' lang='grc' dir='ltr'>τὸ</span> <span class='ocrx_word' id='word_1_277' title='bbox 436 2455 781 2522; x_wconf 74' lang='grc' dir='ltr'>γεγραμμένον·</span> <span class='ocrx_word' id='word_1_278' title='bbox 842 2454 953 2505; x_wconf 81' lang='grc' dir='ltr'>ἀλλ’</span> <span class='ocrx_word' id='word_1_279' title='bbox 988 2455 1169 2519; x_wconf 78' lang='grc' dir='ltr'>εἴδομεν</span> <span class='ocrx_word' id='word_1_280' title='bbox 1207 2455 1320 2506; x_wconf 74' lang='grc' dir='ltr'>ὄντα</span> <span class='ocrx_word' id='word_1_281' title='bbox 1358 2460 1568 2506; x_wconf 84' lang='grc' dir='ltr'>τοιοῦτον</span> <span class='ocrx_word' id='word_1_282' title='bbox 1604 2457 1678 2505; x_wconf 77' lang='grc' dir='ltr'>καὶ</span> <span class='ocrx_word' id='word_1_283' title='bbox 1717 2456 1765 2505; x_wconf 84' lang='grc' dir='ltr'>ἐν</span> <span class='ocrx_word' id='word_1_284' title='bbox 1795 2458 1916 2523; x_wconf 72' lang='grc' dir='ltr'>Υἱῷ,</span> 
     </span>
    </p>
   </div>
   <div class='ocr_carea' id='block_1_14' title="bbox 289 2536 1920 2606">
    <p class='ocr_par' dir='ltr' id='par_1_15' title="bbox 289 2536 1920 2606">
     <span class='ocr_line' id='line_1_39' title="bbox 289 2536 1920 2606; baseline -0.001 -15"><span class='ocrx_word' id='word_1_285' title='bbox 289 2549 316 2590; x_wconf 88' lang='lat' dir='ltr'>d</span> <span class='ocrx_word' id='word_1_286' title='bbox 337 2539 413 2590; x_wconf 78' lang='grc' dir='ltr'>ὅτε</span> <span class='ocrx_word' id='word_1_287' title='bbox 440 2537 655 2605; x_wconf 88' lang='grc' dir='ltr'>θαλάττῃ</span> <span class='ocrx_word' id='word_1_288' title='bbox 682 2539 756 2588; x_wconf 78' lang='grc' dir='ltr'>καὶ</span> <span class='ocrx_word' id='word_1_289' title='bbox 782 2536 1048 2599; x_wconf 83' lang='grc' dir='ltr'>πνεύμασιν</span> <span class='ocrx_word' id='word_1_290' title='bbox 1073 2538 1311 2601; x_wconf 86' lang='grc' dir='ltr'>ἐπιτιμῶν,</span> <span class='ocrx_word' id='word_1_291' title='bbox 1335 2536 1453 2601; x_wconf 77' lang='grc' dir='ltr'>μετὰ</span> <span class='ocrx_word' id='word_1_292' title='bbox 1487 2539 1677 2600; x_wconf 83' lang='grc' dir='ltr'>πολλῆς</span> <span class='ocrx_word' id='word_1_293' title='bbox 1712 2536 1802 2606; x_wconf 75' lang='grc' dir='ltr'>ἔφη</span> <span class='ocrx_word' id='word_1_294' title='bbox 1837 2538 1920 2600; x_wconf 82' lang='grc' dir='ltr'>τῆς</span> 
     </span>
    </p>
   </div>
   <div class='ocr_carea' id='block_1_15' title="bbox 336 2619 1989 2691">
    <p class='ocr_par' dir='ltr' id='par_1_16' title="bbox 336 2619 1989 2691">
     <span class='ocr_line' id='line_1_40' title="bbox 336 2619 1989 2691; baseline -0.005 -18"><span class='ocrx_word' id='word_1_295' title='bbox 336 2621 556 2691; x_wconf 76' lang='grc' dir='ltr'>ἐξουσίας</span> <span class='ocrx_word' id='word_1_296' title='bbox 582 2628 611 2650; x_wconf 87' lang='grc'><strong>“</strong></span> <span class='ocrx_word' id='word_1_297' title='bbox 632 2619 812 2683; x_wconf 82' lang='grc' dir='ltr'>Σιώπα,</span> <span class='ocrx_word' id='word_1_298' title='bbox 837 2619 1135 2688; x_wconf 86' lang='grc' dir='ltr'>πεφίμωσο.”</span> <span class='ocrx_word' id='word_1_299' title='bbox 1941 2640 1989 2676; x_wconf 81' lang='lat'>30</span> 
     </span>
    </p>
   </div>
   <div class='ocr_carea' id='block_1_16' title="bbox 335 2796 1918 2986">
    <p class='ocr_par' dir='ltr' id='par_1_17' title="bbox 335 2796 1918 2986">
     <span class='ocr_line' id='line_1_41' title="bbox 388 2796 1918 2845; baseline -0.004 -9"><span class='ocrx_word' id='word_1_300' title='bbox 388 2814 417 2836; x_wconf 91' lang='lat'>1.</span> <span class='ocrx_word' id='word_1_301' title='bbox 450 2803 509 2845; x_wconf 83' lang='grc' dir='ltr'>τῆς</span> <span class='ocrx_word' id='word_1_302' title='bbox 538 2800 662 2845; x_wconf 78' lang='grc' dir='ltr'>ἡμέρας</span> <span class='ocrx_word' id='word_1_303' title='bbox 690 2802 762 2844; x_wconf 79' lang='grc' dir='ltr'>ἤτοι</span> <span class='ocrx_word' id='word_1_304' title='bbox 789 2801 845 2844; x_wconf 79' lang='grc' dir='ltr'>τῆς</span> <span class='ocrx_word' id='word_1_305' title='bbox 874 2799 933 2845; x_wconf 85' lang='grc'>[-1-</span> <span class='ocrx_word' id='word_1_306' title='bbox 961 2800 1062 2844; x_wconf 70' lang='grc' dir='ltr'>αυτ-ῆς</span> <span class='ocrx_word' id='word_1_307' title='bbox 1093 2805 1134 2834; x_wconf 86' lang='lat' dir='ltr'>ut</span> <span class='ocrx_word' id='word_1_308' title='bbox 1159 2799 1299 2834; x_wconf 80' lang='lat' dir='ltr'>videtur</span> <span class='ocrx_word' id='word_1_309' title='bbox 1332 2797 1391 2844; x_wconf 91' lang='lat' dir='ltr'>E.]</span> <span class='ocrx_word' id='word_1_310' title='bbox 1428 2799 1515 2843; x_wconf 78' lang='grc' dir='ltr'>ὥρας</span> <span class='ocrx_word' id='word_1_311' title='bbox 1547 2798 1686 2832; x_wconf 82' lang='lat' dir='ltr'>inverso</span> <span class='ocrx_word' id='word_1_312' title='bbox 1719 2796 1841 2831; x_wconf 86' lang='lat' dir='ltr'>ordine</span> <span class='ocrx_word' id='word_1_313' title='bbox 1875 2797 1918 2831; x_wconf 88' lang='lat' dir='ltr'>E.</span> 
     </span>
     <span class='ocr_line' id='line_1_42' title="bbox 340 2843 1918 2893; baseline -0.003 -11"><span class='ocrx_word' id='word_1_314' title='bbox 340 2860 393 2883; x_wconf 91' lang='grc' dir='ltr'><strong>ΙΙ.</strong></span> <span class='ocrx_word' id='word_1_315' title='bbox 421 2849 550 2893; x_wconf 79' lang='grc' dir='ltr'>ἔχουσα</span> <span class='ocrx_word' id='word_1_316' title='bbox 570 2848 609 2882; x_wconf 79' lang='grc' dir='ltr'><strong>Ε.</strong></span> <span class='ocrx_word' id='word_1_317' title='bbox 796 2857 848 2889; x_wconf 87' lang='lat'>15.</span> <span class='ocrx_word' id='word_1_318' title='bbox 876 2847 1009 2891; x_wconf 85' lang='grc' dir='ltr'>θεασάμ</span> <span class='ocrx_word' id='word_1_319' title='bbox 1013 2847 1071 2881; x_wconf 86' lang='grc' dir='ltr'>εθα</span> <span class='ocrx_word' id='word_1_320' title='bbox 1090 2847 1131 2881; x_wconf 86' lang='grc' dir='ltr'><strong>Ε.</strong></span> <span class='ocrx_word' id='word_1_321' title='bbox 1314 2857 1368 2888; x_wconf 89' lang='lat'>24.</span> <span class='ocrx_word' id='word_1_322' title='bbox 1396 2846 1460 2888; x_wconf 80' lang='grc' dir='ltr'>ζωη</span> <span class='ocrx_word' id='word_1_323' title='bbox 1479 2845 1561 2879; x_wconf 80' lang='grc' dir='ltr'>κατὰ</span> <span class='ocrx_word' id='word_1_324' title='bbox 1578 2843 1687 2889; x_wconf 80' lang='grc' dir='ltr'>φύσιν</span> <span class='ocrx_word' id='word_1_325' title='bbox 1704 2858 1778 2877; x_wconf 88' lang='grc' dir='ltr'>εστι</span> <span class='ocrx_word' id='word_1_326' title='bbox 1797 2858 1849 2877; x_wconf 85' lang='grc' dir='ltr'>και</span> <span class='ocrx_word' id='word_1_327' title='bbox 1866 2843 1918 2878; x_wconf 83' lang='grc' dir='ltr'>ὅτι</span> 
     </span>
     <span class='ocr_line' id='line_1_43' title="bbox 336 2890 1917 2949; baseline -0.003 -21"><span class='ocrx_word' id='word_1_328' title='bbox 336 2900 557 2929; x_wconf 82' lang='lat' dir='ltr'>accesserunt</span> <span class='ocrx_word' id='word_1_329' title='bbox 576 2907 617 2928; x_wconf 84' lang='lat' dir='ltr'>ex</span> <span class='ocrx_word' id='word_1_330' title='bbox 637 2894 678 2927; x_wconf 92' lang='grc' dir='ltr'>Ε.</span> <span class='ocrx_word' id='word_1_331' title='bbox 847 2904 901 2949; x_wconf 90' lang='lat'>27.</span> <span class='ocrx_word' id='word_1_332' title='bbox 930 2893 970 2927; x_wconf 89' lang='grc' dir='ltr'>δι’</span> <span class='ocrx_word' id='word_1_333' title='bbox 988 2905 1058 2927; x_wconf 88' lang='lat' dir='ltr'>om.</span> <span class='ocrx_word' id='word_1_334' title='bbox 1078 2893 1120 2928; x_wconf 88' lang='lat' dir='ltr'>E.</span> <span class='ocrx_word' id='word_1_335' title='bbox 1139 2893 1182 2927; x_wconf 84' lang='lat' dir='ltr'>cf.</span> <span class='ocrx_word' id='word_1_336' title='bbox 1201 2893 1307 2926; x_wconf 82' lang='lat' dir='ltr'>Thes.</span> <span class='ocrx_word' id='word_1_337' title='bbox 1331 2902 1393 2936; x_wconf 80' lang='lat'>147</span> <span class='ocrx_word' id='word_1_338' title='bbox 1413 2904 1442 2932; x_wconf 83' lang='lat' dir='ltr'>e,</span> <span class='ocrx_word' id='word_1_339' title='bbox 1460 2901 1529 2935; x_wconf 82' lang='lat'>370</span> <span class='ocrx_word' id='word_1_340' title='bbox 1546 2891 1580 2925; x_wconf 86' lang='lat' dir='ltr'>b.</span> <span class='ocrx_word' id='word_1_341' title='bbox 1601 2890 1661 2925; x_wconf 82' lang='lat' dir='ltr'>sed</span> <span class='ocrx_word' id='word_1_342' title='bbox 1680 2905 1732 2925; x_wconf 83' lang='grc' dir='ltr'>και</span> <span class='ocrx_word' id='word_1_343' title='bbox 1750 2891 1858 2925; x_wconf 86' lang='grc' dir='ltr'>πάντα</span> <span class='ocrx_word' id='word_1_344' title='bbox 1876 2890 1917 2925; x_wconf 86' lang='grc' dir='ltr'>τὰ</span> 
     </span>
     <span class='ocr_line' id='line_1_44' title="bbox 335 2938 1597 2986; baseline -0.002 -12"><span class='ocrx_word' id='word_1_345' title='bbox 335 2941 417 2986; x_wconf 71' lang='grc' dir='ltr'>ἔργα</span> <span class='ocrx_word' id='word_1_346' title='bbox 436 2940 476 2975; x_wconf 81' lang='grc' dir='ltr'>δι’</span> <span class='ocrx_word' id='word_1_347' title='bbox 495 2941 598 2986; x_wconf 79' lang='grc' dir='ltr'>αὐτὴν</span> <span class='ocrx_word' id='word_1_348' title='bbox 615 2940 741 2975; x_wconf 84' lang='grc' dir='ltr'>σείεται</span> <span class='ocrx_word' id='word_1_349' title='bbox 759 2940 812 2974; x_wconf 83' lang='grc' dir='ltr'>καὶ</span> <span class='ocrx_word' id='word_1_350' title='bbox 829 2943 942 2985; x_wconf 86' lang='grc' dir='ltr'>τρέμει</span> <span class='ocrx_word' id='word_1_351' title='bbox 961 2941 1042 2975; x_wconf 82' lang='lat' dir='ltr'>eltat</span> <span class='ocrx_word' id='word_1_352' title='bbox 1059 2952 1090 2975; x_wconf 87' lang='lat' dir='ltr'>a.</span> <span class='ocrx_word' id='word_1_353' title='bbox 1234 2940 1289 2974; x_wconf 80' lang='lat'>28.</span> <span class='ocrx_word' id='word_1_354' title='bbox 1317 2940 1354 2973; x_wconf 88' lang='grc' dir='ltr'>τὸ</span> <span class='ocrx_word' id='word_1_355' title='bbox 1372 2951 1443 2973; x_wconf 88' lang='lat' dir='ltr'>om.</span> <span class='ocrx_word' id='word_1_356' title='bbox 1464 2938 1597 2983; x_wconf 84' lang='lat' dir='ltr'>Mlgne.</span> 
     </span>
    </p>
   </div>
  </div>
 </body>
</html>
