1971 3272
102 145 189 187 viii.
210 160 276 202 23.
338 147 412 188 IN
455 148 496 188 S.
532 146 867 188 JOANNEM.
932 146 1054 186 LIB.
1082 146 1132 186 V.
1195 148 1329 187 CAP.
1369 148 1449 187 111.
1661 150 1687 185 ί)

103 256 488 322 ὑστεροβουλιάς,
531 258 618 324 οὐχ
661 257 899 324 εὑρήσετε·
962 258 1011 307 τί
1050 255 1107 320 δὴ
1152 257 1206 307 τὸ
1255 259 1464 308 ἐντεῦθεν
1509 258 1687 326 ε’ξεστω

102 343 312 389 σκοπεῖν.
377 340 690 389 ἀποθανεῖσθε
730 338 823 404 γὰρ
863 338 1051 391 πάντως
1094 340 1142 388 ἐν
1181 340 1439 405 ἁμαρτίαις,
1479 342 1553 389 καὶ
1593 344 1711 391 τοῖς
1706 360 1725 380 11
1758 350 1844 383 502
1859 349 1908 382 A·

101 421 277 470 ἑαυτῶν
306 420 691 485 πλημμελημασι
727 419 1080 487 καταχθόμενοι,
1109 443 1308 484 στυγνοι
1344 421 1687 488 κατοιχήσεσθε

103 501 274 553 λοιπὸν
306 507 367 556 εἰς
403 502 457 553 τὸ
493 509 576 553 τοῦ
612 500 817 554 θανάτου
855 502 1192 567 δεσμωτήριον,
1220 503 1349 556 δίκας
1384 503 1690 556 ἀποτίσοντες

60 592 83 630 5
104 584 198 634 ἐκεῖ
227 586 308 647 τῆς
341 585 460 635 οὕτω
485 589 665 650 μακρᾶς
692 584 938 636 ἀπειθείας.
985 582 1164 648 ἀγαθὸς
1189 591 1439 651 τοιγαροῦν
1466 584 1692 652 ὑπάρχων

104 667 181 715 καὶ
218 667 412 731 σφόδρα
451 666 792 734 φιλάνθρωπος
831 668 855 716 ὁ
899 663 1079 730 Σωτὴρ,
1119 666 1396 717 συνελαύνει
1440 671 1506 735 τῷ
1550 668 1689 736 φόβῳ

103 744 211 799 τοὺς
236 748 487 801 Ἰουδαίους
511 753 605 799 τῶν
633 748 870 812 ἐσομένων
897 750 1052 798 κακῶν
1078 748 1154 797 καὶ
1182 749 1269 815 οὐχ
1304 747 1492 802 ἑκόντας
1527 750 1600 799 ἐπὶ
1636 748 1689 798 τὸ

103 827 356 894 σώζεσθαι.

166 992 241 1036 Καὶ
276 993 420 1043 ἕλει-εν
460 993 604 1037 αὐτοῖς
635 993 782 1045 “Υμεῖε
819 996 866 1037 ὲκ
904 997 990 1038 τῶν
1030 999 1148 1038 κάτω
1184 997 1295 1047 ἑοτὲ,
1333 995 1418 1044 esd)
1455 997 1501 1037 ἐκ
1540 996 1625 1038 τῶν
1712 1005 1758 1038 23

36 1077 84 1103 ¹0
781 1079 873 1120 ἅνω
911 1078 1007 1128 εἶμί.
1707 1078 1733 1117 b

182 1183 342 1237 Πάλιν
374 1187 469 1252 ἐρεῖ
501 1210 571 1240 τις
608 1185 753 1255 τυχὸν
785 1192 880 1237 τῶν
912 1187 1329 1256 φιλομαθεστέραν
1355 1186 1559 1254 ἐχόντων
1586 1188 1686 1239 διά-

107 1288 250 1328 νοιαν,
275 1269 349 1317 καὶ
380 1268 664 1335 λεπτότερον
689 1273 784 1320 τῶν
811 1271 946 1320 θείων
973 1269 1287 1335 θεωρημάτων
1312 1272 1514 1320 ἐπαινεῖν
1542 1293 1692 1321 κατει-

107 1349 359 1412 θισμένων,
378 1351 427 1400 τί
449 1350 502 1401 τὸ
529 1353 792 1402 ἀναπεῖσαν
813 1349 895 1402 τὸν
916 1351 1092 1417 Κύριον
1119 1352 1250 1415 ἡμῶν
1267 1354 1458 1415 Ἰησοῦν
1474 1352 1692 1418 Χριστὸν

107 1429 214 1495 ἄρτι
263 1436 359 1485 τοῖς
403 1432 642 1486 Ἰουδαίοις
693 1436 1077 1500 προσφωνοῦντα
1127 1434 1202 1483 καὶ
1252 1433 1456 1498 λέγοντα
1509 1441 1534 1463 “
1562 1434 1691 1499 Ἐγὼ
1753 1432 1889 1505 ζζᾟζῐ

38 1517 86 1557 15
109 1518 135 1541 ‘⁶
162 1511 342 1578 ὑπάγω,
388 1515 464 1564 καὶ
515 1513 743 1580 ζητήσετέ
779 1514 877 1577 με,”
925 1513 1137 1579 καθάπερ
1185 1537 1231 1564 τι
1281 1519 1376 1564 τῶν
1426 1517 1692 1581 ἀναγκαίων

107 1594 366 1659 ἐπενεγκεῖν
391 1595 540 1663 Ὑμεῖς
580 1596 630 1647 ἐκ
671 1595 748 1646 τῶν
792 1594 916 1647 κοί-τω
955 1595 1066 1658 ἐστὲ,
1107 1594 1196 1661 ἐγῶ
1237 1597 1287 1648 ἐκ
1331 1596 1409 1647 τῶν
1450 1596 1537 1648 alva)
1584 1601 1687 1666 εἰμί.

109 1676 237 1727 δοκεῖ
268 1675 355 1740 μὲν
386 1676 479 1743 γάρ
514 1701 614 1731 πως
650 1678 704 1728 οὐ
739 1676 935 1745 σφόδρα
968 1682 1064 1730 τοῖς
1101 1677 1196 1729 ἅνω
1236 1683 1600 1730 κατακολουθεῖν
1635 1679 1731 1730 τάο

108 1763 313 1821 τοιαῦτα,
347 1758 478 1823 πλὴν
513 1760 662 1810 ὠδίνει
700 1758 804 1810 τινὰ
842 1759 1161 1826 κεκρυμμένην
1197 1763 1479 1824 οἰκονομίαν.
1538 1761 1693 1824 ἐπειδὴ

107 1837 202 1905 γάρ
247 1841 349 1891 ἐστι
390 1839 513 1895 Θεὸς
555 1842 717 1909 χρείαν
755 1842 838 1892 οὐκ
884 1841 1017 1908 ἔχων,
1057 1843 1119 1894 ὡς
1158 1840 1295 1895 αὐτός
1340 1865 1432 1893 που
1479 1846 1630 1911 φησὶν
1669 1845 1693 1894 ὁ

39 1933 89 1958 20
109 1921 363 1975 θεσπέσιος
391 1922 754 1989 Εὐαγγελιστὴς
779 1922 1011 1987 Ἰωάννης,
1040 1930 1066 1951 “
1086 1923 1161 1973 ίνα
1187 1946 1255 1977 τις
1280 1925 1562 1992 μαρτυρήσῃ
1590 1948 1694 1991 περι
1755 1932 1908 2014 ζὲψηῦ·

124 2009 244 2054 (τοῦ
271 2004 535 2070 ἀνθρώπου
573 2002 710 2058 αὐτος
737 2027 829 2070 γαρ
856 2004 1081 2070 ε’γινωσκε
1106 2006 1154 2055 τί
1176 2004 1233 2069 ἧν
1253 2007 1301 2055 ἐν
1324 2009 1390 2056 τῶ
1417 2006 1691 2076 ἀνθρώπω,”

110 2086 346 2136 διικνεῖται
374 2085 500 2152 γιῗιρζ
503 2086 670 2154 ζμεχρι
693 2091 927 2152 μερισμοῦ
953 2088 1115 2154 ψυχῆς
1141 2110 1216 2137 και
1241 2087 1504 2149 πνεύματος
1530 2088 1694 2154 ἁρμῶν
1754 2097 1842 2170 {eb-
1861 2108 1901 2128 ¹v·

109 2172 137 2196 ‘⁶
163 2189 213 2217 τε
247 2168 324 2218 καὶ
357 2172 556 2233 μυελῶν,
583 2191 658 2218 και
691 2167 890 2233 κριτικός
922 2169 1054 2218 ε’στιν
1079 2169 1381 2232 ἐνθυμησεων
1406 2192 1481 2219 και
1508 2171 1695 2220 ἐννοιῶν

111 2256 137 2279 “
163 2249 399 2315 καρδίας·”
453 2251 536 2301 οὐκ
570 2249 777 2316 ἠγνόησε
810 2249 958 2301 πάλιν
991 2249 1075 2304 τὰς
1108 2255 1203 2301 τῶν
1233 2251 1472 2301 Ἰουδαίων
1502 2252 1696 2314 ἀμαθεῖς

43 2343 90 2381 25
112 2333 344 2394 ὑπονοίας,
372 2331 414 2382 οἳ
440 2331 625 2398 ἐπείπερ
649 2333 804 2385 αὐτοῖς
829 2331 983 2399 παχύς
1009 2355 1078 2386 τις
1111 2333 1186 2383 καὶ
1222 2332 1423 2398 ἀδρανὴς
1450 2333 1697 2402 ἐνῴκισται

112 2419 232 2476 νοῦς,
258 2413 313 2464 τό
348 2412 550 2479 ’Υπάγω
588 2413 718 2480 παρὰ
756 2419 838 2464 τοῦ
879 2417 1098 2480 Σωτῆρος
1138 2415 1440 2473 ἀκούσαντες,
1471 2414 1740 2484 ᾠήθησανᾶ

111 2494 349 2548 ἀσυνέτως
382 2493 411 2559 ὴ
448 2495 518 2546 ὅτι
554 2495 781 2564 φεύξεταί
812 2518 893 2546 ποι
927 2495 1012 2560 τὴν
1037 2495 1268 2546 Ἰουδαίαν
1293 2498 1440 2564 ἀφεὶς,
1467 2495 1495 2559 ἢ
1524 2499 1597 2546 καὶ
1625 2495 1695 2546 ὅτι

110 2576 321 2628 τοιοῦτόν
346 2599 390 2627 τι
417 2577 568 2646 φησίν
587 2575 715 2631 ’Έως
742 2576 818 2627 ὅτε
843 2578 1041 2642 περίειμι
1073 2579 1148 2627 καὶ
1180 2577 1261 2643 ζῶ,
1291 2579 1600 2638 πιστεύσατε,
1630 2576 1694 2639 μὴ

111 2656 203 2723 ἄρα
245 2681 346 2711 πως
388 2660 463 2708 καὶ
508 2659 723 2709 τεθνάναι
769 2662 952 2726 συμβῇ.
1026 2657 1081 2709 τὸ
1130 2657 1222 2724 γάρ
1267 2657 1483 2723 (Υπάγω,
1533 2662 1695 2711 κοινῶς

164 2814 193 2837 1.
221 2803 261 2846 δὴ
279 2809 502 2847 assumptum
520 2814 561 2836 ex
581 2802 657 2836 Ra.
869 2812 900 2847 7.
926 2805 992 2837 τῶν
1010 2803 1165 2837 ῖουδαίων
1185 2803 1226 2837 Β.
1246 2802 1364 2838 Holst.
1383 2804 1581 2838 emendavit
1599 2804 1693 2838 Aub.

117 2860 170 2883 12.
197 2851 412 2894 λεπτοτερων
431 2849 473 2883 Β.
491 2848 689 2882 emendavit
708 2849 770 2882 Ht.
871 2860 924 2893 13.
951 2849 1130 2884 ἀναπεῖσαι
1149 2850 1191 2884 Β.
1212 2849 1275 2883 Ht.
1293 2849 1480 2885 ἀναπεῖσαν
1497 2851 1695 2885 emendavit

114 2896 209 2976 Aug.
406 2906 459 2941 23.
487 2894 701 2940 ἐνθυμήσεων
718 2910 753 2929 τε
771 2895 955 2940 ἀνθρώπων
973 2896 1106 2930 ἐννοιῶν
1124 2897 1177 2930 καὶ
1195 2896 1332 2941 καρδίας
1352 2897 1393 2931 Β.
1415 2897 1478 2932 Ht.
1498 2898 1696 2932 emendavit

115 2943 171 2977 Au
200 2968 208 2976 .

171 3009 264 3037 VOL.
288 3010 336 3037 ΙΙ.
900 3009 920 3037 C
