2022 3272
108 135 276 176 xvi.16.
341 137 414 177 IN
457 136 498 178 S.
533 134 875 177 JOANNEM.
938 135 1065 176 LIB.
1099 136 1177 178 Xl.
1240 138 1371 179 CAP.
1408 138 1466 179 ΙΙ,
1615 138 1699 177 639

107 248 341 311 φυσικῶς.
394 244 559 310 ὥσπερ
597 243 642 294 δ’
672 243 729 295 ἂν
764 247 930 313 φῶμεν
964 243 1051 308 τὴν
1085 245 1135 295 ἐκ
1173 249 1269 296 τῶν
1304 245 1569 312 ἀρωμάτων
1599 250 1701 298 ταῖς

106 325 348 394 ἡμετέραις
386 325 667 394 ὁσφρήσεσι
704 324 1130 393 προσβάλλουσαν
1169 327 1377 390 εὐωδίαν,
1417 329 1578 394 ἑτέραν
1616 327 1701 391 μὲν

107 405 272 475 ὥσπερ
307 410 370 462 ὡς
405 407 524 475 πρὸς
558 408 691 471 αὐτὰ,
719 412 755 459 εἰ
790 412 893 462 ταῖς
927 408 1148 462 ἐπινοίαις
1184 410 1287 473 δοίη
1321 432 1391 463 τις
1425 409 1497 471 ἂν,
1522 433 1697 476 προεκ-
1720 434 1742 459 a
1774 426 1859 461 932
1873 424 1925 460 A.

107 489 296 541 κύπτειν
321 489 472 556 γεμὴν
498 491 586 558 οὐχ
611 489 777 557 ἑτέρως
815 489 957 541 οἴοιτο
992 489 1136 558 τυχὸν
1162 489 1190 555 ἢ
1217 495 1312 542 τῶν
1338 491 1395 560 ἐξ
1419 489 1573 557 ὧνπερ
1599 493 1703 542 ἐστι

66 586 88 625 5
108 571 362 638 δεχομένην
388 570 474 635 τὴν
499 573 695 636 δύναμιν
726 575 789 627 εἰς
824 572 1018 641 ἔνδειξιν
1048 575 1228 637 ἑαυτῆς,
1256 574 1339 624 οὐκ
1375 574 1526 624 οὖσαν
1552 573 1704 639 γεμὴν

107 653 269 719 ἑτέραν
319 653 395 704 διὰ
444 653 499 705 τὸ
559 654 616 723 ἐξ
669 655 825 705 αὐτῶν
875 677 924 705 τε
981 656 1058 705 καὶ
1115 656 1164 705 ἐν
1212 656 1369 709 αὐτοῖς
1422 655 1699 723 πεφυκέναι·

106 733 318 787 τοιοῦτόν
343 758 401 798 τι,
427 740 619 799 μᾶλλον
646 736 694 787 δὲ
727 738 804 787 καὶ
839 735 952 802 ὑπὲρ
991 742 1145 798 τοῦτο,
1173 735 1359 801 νοήσεις
1389 738 1470 788 ἐπί
1499 760 1549 788 τε
1577 740 1702 788 Θεοῦ

107 819 184 868 καὶ
219 823 304 868 τοῦ
336 819 507 884 Ἀγίου
541 818 834 883 Πνεύματος.
890 819 1029 869 οἱονεὶ
1066 818 1162 885 γὰρ
1201 818 1331 882 ὀσμή
1371 842 1441 873 τις
1479 820 1582 870 ἐστὶ
1619 822 1703 883 τῆς

107 899 272 953 οὐσίας
298 899 455 962 αὐτοῦ,
482 899 613 966 ζῶσά
648 923 697 951 τε
735 902 811 951 καὶ
846 899 1068 966 ἐναργὴς,
1099 901 1437 967 διακομίζουσα
1467 902 1526 968 τῇ
1553 901 1704 952 κτίσει

38 1003 87 1029 10
106 979 166 1032 τὰ
203 981 333 1048 παρὰ
371 987 454 1033 τοῦ
488 986 630 1046 Θεοῦ,
665 984 740 1033 καὶ
779 985 862 1046 τῆς
900 981 1126 1033 ἀνωτάτω
1164 987 1338 1034 πασῶν
1374 984 1540 1037 οὐσίας
1577 984 1698 1034 ε’ντι-

107 1066 247 1114 θεΐσα
294 1063 350 1114 δι’
390 1064 556 1128 ἑαυτῆς
599 1063 686 1128 τὴν
728 1064 930 1133 μέθεξιν.
1000 1067 1038 1114 εἰ
1084 1064 1179 1132 γὰρ
1224 1065 1253 1128 ἡ
1299 1069 1395 1116 τῶν
1438 1064 1701 1131 ἀρωμάτων
1718 1075 1744 1116 b

107 1144 307 1209 εὐοσμία
344 1143 430 1209 τὴν
461 1146 582 1196 ἰδίαν
614 1144 757 1213 ἰσχὺν
791 1144 1165 1208 ἐναπομάττεται
1206 1150 1302 1199 τοῖς
1340 1146 1598 1211 ἐσθήμασι,
1626 1149 1703 1198 καὶ

108 1227 441 1294 μετασκευάζει
467 1226 645 1295 τρόπον
670 1226 774 1279 τινὰ
808 1226 929 1294 πρὸς
963 1226 1132 1292 ἑαυτὴν
1158 1226 1218 1279 τὰ
1243 1229 1292 1279 ἐν
1318 1227 1386 1283 οἷς
1413 1228 1472 1279 ἂν
1499 1228 1701 1294 γένοιτο,

108 1312 210 1362 πῶς
243 1310 329 1360 οὐκ
363 1307 421 1360 ἂν
447 1310 649 1377 ἰσχύσαι
682 1309 736 1361 τὸ
766 1314 964 1374 Πνεῦμα
998 1309 1053 1360 τὸ
1076 1308 1252 1376 ΓἈγιον
1277 1311 1465 1378 ἐπείπερ
1496 1313 1628 1362 ἐστὶν
1653 1312 1705 1362 ἐκ

42 1400 89 1439 15
111 1392 237 1441 Θεοῦ
269 1395 502 1460 φυσικῶς,
533 1391 781 1446 κοινωνοὺς
815 1394 898 1456 τῆς
933 1391 1059 1445 θείας
1094 1391 1384 1444 ἀποτελέσαι
1415 1394 1608 1461 φύσεως
1647 1395 1702 1445 δι’

108 1471 274 1524 ἑαυτοῦ
299 1472 408 1527 τοὺς
433 1475 481 1524 ἐν
507 1473 575 1528 οἷς
601 1473 658 1525 ἂν
684 1474 868 1540 γένοιτο
890 1496 902 1537 3
947 1472 1129 1540 καρπὸς
1163 1475 1246 1525 οὖν
1276 1473 1369 1542 ἄρα
1405 1477 1482 1526 καὶ
1517 1498 1699 1543 χαρακ-

107 1553 196 1620 τὴρ
238 1557 322 1619 τῆς
367 1555 683 1611 ὑποστάσεως
732 1562 816 1608 τοῦ
864 1555 1186 1623 γεννήσαντος
1231 1556 1459 1625 ὑπάρχων
1501 1558 1526 1608 ὁ
1570 1555 1704 1619 Υἱὸς,

107 1634 265 1687 πάντα
309 1636 370 1688 τὰ
414 1638 556 1689 αὐτοῦ
600 1636 721 1689 κατὰ
766 1637 919 1707 φύσιν
958 1637 1197 1704 ἐπάγεται.
1270 1637 1347 1688 διὰ
1394 1638 1535 1690 τοῦτό
1581 1642 1707 1708 φησι

111 1719 272 1770 Πάντα,
296 1718 383 1770 ’ὄσ-α,
409 1719 500 1783 ἔχει
527 1726 545 1772 ὁ
575 1718 728 1788 Πατῖᾳρ
756 1719 848 1789 ἐμοί
875 1721 985 1772 ἐστι·
1030 1717 1107 1771 ὃιέι
1135 1721 1256 1772 τοῦτο
1289 1719 1407 1772 εἷπον
1434 1724 1531 1790 ὑμῖν
1557 1726 1619 1772 ’ότι
1653 1722 1705 1773 ἐκ

42 1825 91 1850 20
111 1801 181 1852 τοῦ
211 1801 316 1869 ἐμοῦ
350 1800 584 1870 λαμβάνει
619 1808 697 1853 καὶ
734 1804 994 1868 ἀναγγελεῖ
1028 1805 1138 1870 ὑμῖν,
1165 1801 1220 1853 τὸ
1250 1806 1448 1866 Πνεῦμα
1484 1801 1745 1867 δηλονότιο

109 1881 164 1933 τὸ
204 1885 258 1932 δι’
298 1884 441 1933 αὐτοῦ
479 1906 530 1934 τε
571 1885 647 1934 καὶ
686 1884 734 1934 ἐν
772 1885 912 1953 αὐτῷ,
948 1885 1004 1934 δι’
1040 1883 1094 1934 οῦ
1133 1887 1229 1937 τοῖς
1271 1884 1422 1949 ἁγίοις
1463 1887 1526 1939 ὡς
1562 1884 1703 1939 αὐτὸς

109 1965 284 2016 ἐνοικεῖ.
342 1965 397 2016 οὐ
435 1965 530 2032 γὰρ
569 1965 727 2032 ἕτερον
763 1965 872 2031 παρ’
911 1963 1054 2016 αὐτὸν
1088 1963 1143 2016 τὸ
1184 1969 1380 2029 Πνεῦμα
1419 1967 1576 2030 αὐτοῦ,
1615 1965 1704 2018 κᾶν

111 2045 337 2113 ὑπάρχειν
388 2049 549 2110 νοῆται
599 2047 705 2098 καθ’
758 2045 896 2098 ἑαυτὸ
942 2048 1017 2098 καὶ
1060 2047 1198 2101 ἰδίως·
1261 2051 1458 2113 Πνεῦμα
1501 2047 1596 2115 γὰρ
1646 2048 1701 2099 τὸ

112 2131 305 2192 Πνεῦμα
343 2130 420 2179 καὶ
459 2129 547 2196 οὐχ
585 2127 715 2182 Υἱός.

44 2298 92 2337 25
127 2288 294 2347 Μικρὸν
333 2288 397 2330 καὶ
436 2289 578 2331 οὐκέτι
615 2286 820 2346 Θεωρεῖτε
856 2304 921 2340 με,
960 2288 1029 2330 καὶ
1065 2289 1192 2330 Πάλιν
1230 2288 1380 2346 μικρὸν
1420 2288 1489 2329 καὶ
1525 2287 1683 2338 ὄψεσθέ
1726 2290 1771 2326 16

492 2387 557 2423 με,
593 2372 660 2414 ὅτι
696 2372 846 2419 ὑπάτω
882 2372 990 2429 Πρὸς
1026 2372 1100 2415 τὸν
1137 2371 1324 2429 Πατέρα.

184 2479 547 2547 Ἀποκαλύψειν
571 2480 726 2534 αὐτοῖς
763 2479 839 2530 διὰ
872 2485 957 2531 τοῦ
989 2480 1106 2531 ἰδιόυ
1133 2479 1410 2543 Πνεύματος
1447 2478 1508 2530 τὰ
1545 2478 1702 2530 πάντα

110 2563 350 2631 προειπὼν
376 2563 471 2614 ὅσα
501 2585 590 2629 περ
620 2562 679 2627 ἧν
713 2564 946 2629 ἀναγκαῖα
977 2563 1052 2613 καὶ
1078 2561 1440 2630 χρειωδέστατα,
1466 2561 1700 2630 ἐξηγεῖται
1719 2572 1747 2613 (1

159 2713 193 2747 3.
219 2703 337 2746 ὥσπερ
362 2699 422 2746 ὡς]
443 2700 527 2736 ὅσον
545 2701 589 2736 ὡς
605 2701 754 2744 Veceus,
774 2700 834 2735 sed
852 2701 970 2746 ὥσπερ
994 2701 1038 2736 ὣς
1059 2700 1165 2735 habet
1182 2713 1216 2746 q.
1266 2699 1309 2734 In
1329 2700 1451 2744 Epigr.
1470 2704 1587 2733 autem
1604 2710 1700 2733 nono

112 2750 197 2783 haec
223 2749 368 2782 citantes
394 2749 511 2793 ὥσπερ
537 2748 612 2781 sine
636 2748 680 2783 ὡς
705 2747 870 2781 exhibent
895 2760 929 2793 q.
951 2747 1102 2781 Veccus.
1186 2747 1216 2781 εἷ
1241 2752 1462 2791 assumptum
1487 2757 1529 2779 ex
1555 2758 1577 2790 q
1601 2745 1700 2789 (bis).

113 2796 230 2830 Vecco
249 2794 349 2839 (bis).
517 2802 550 2839 7.
574 2809 606 2828 τι
624 2794 702 2839 E.q.
722 2794 871 2828 Veccus.
890 2808 926 2827 τε
944 2793 1012 2827 Ed.
1179 2794 1210 2827 8.
1237 2795 1298 2826 τοῦ
1315 2804 1385 2827 om.
1404 2804 1426 2838 q
1445 2792 1544 2836 (bis).
1563 2792 1701 2826 Veccus

114 2842 150 2876 in
170 2842 291 2886 Epigr.
310 2852 416 2876 nono.
548 2852 581 2885 9.
609 2839 766 2885 ἐναργὴς]
786 2854 842 2885 γρ.
861 2840 998 2884 ἐνεργὴς
1016 2839 1082 2874 Ed.
1102 2851 1187 2884 mg„
1207 2839 1267 2874 sed
1285 2839 1426 2884 ἐναργὴς
1442 2838 1608 2873 exhibent
1629 2838 1702 2884 F.q.

115 2888 264 2922 Veccus.
395 2898 450 2921 21.
477 2888 515 2920 τὸ
533 2898 603 2921 om.
624 2887 664 2921 E.
684 2887 814 2921 habent
832 2898 865 2931 q.
885 2887 1035 2920 Veccus.
1168 2897 1223 2932 23.
1249 2886 1302 2920 καὶ
1320 2891 1545 2930 assumptum
1562 2897 1604 2919 ex
1622 2884 1700 2931 E.q.

116 2935 242 2969 Vecco.
389 2934 444 2968 28.
470 2934 725 2979 χρειωδέστατα
744 2934 784 2968 Ε.
804 2933 1055 2978 χρειωδέστερα
1073 2932 1140 2968 Ed.
