2037 3266
330 110 414 150 538
732 113 783 154 B.
817 113 1092 154 CYRILLI
1134 113 1516 154 ALEXANDR.
1789 123 1858 149 xv.
1882 120 1916 148 1.

293 240 314 266 e
334 216 527 286 σφόδρα
553 220 716 286 τρανὲς
749 221 1090 276 ἀνενδοιάστως
1121 223 1242 289 ἕχον,
1269 224 1332 275 ὡς
1358 221 1471 288 ὅπερ
1499 219 1555 271 ἂν
1581 219 1680 273 ἑνός
1706 241 1751 270 τι
1775 215 1920 284 τυχὸν

333 299 566 365 ε’νέργημα
604 302 815 368 λέγηται,
848 311 986 355 τοῦτο
1024 308 1106 368 τῆς
1147 304 1262 368 ὅλης
1300 305 1403 354 ἐστὶ
1443 304 1519 354 καὶ
1557 307 1664 367 μιᾶς
1703 299 1922 364 θεότητος

334 383 656 447 ἀποτέλεσμα,
679 385 798 436 κατά
826 409 878 451 γε
903 385 986 436 τὸν
1013 388 1061 436 ἐν
1087 386 1278 448 δυνάμει
1304 389 1362 453 τῇ
1390 389 1571 454 φυσικῇ
1598 383 1771 449 λόγον,

412 466 506 515 Καὶ
544 471 660 531 γοῦν
699 468 723 517 ὁ
760 468 934 533 Κύριος
972 467 1105 531 ἡμῶν
1136 469 1325 531 Ἰησοῦς
1364 466 1592 533 Χριστὸς,
1627 461 1925 530 συνεργάτην

336 546 408 614 ἐφ’
450 545 602 598 ἅπασι
640 546 723 598 τὸν
763 549 956 614 Πατέρα
993 547 1385 616 παραδεχόμενος,
1424 553 1520 602 τοῖς
1564 549 1771 599 ἀνοσίοις
1806 546 1924 596 Ἰου-
1944 554 1966 593 5

109 620 216 704 Ξυξζᾶ
337 628 480 682 δαίοις
524 627 638 680 ποτε
681 630 943 699 προσέμιξε
986 631 1141 697 λέγων
1179 638 1206 660 “
1229 630 1405 682 Πολλὰ
1450 630 1575 682 καλὰ
1618 629 1733 696 ἔργα
1772 627 1924 696 ἔδειξα

338 716 363 739 “
390 711 496 772 ὑμῖν
523 711 572 761 ἐκ
606 717 689 761 τοῦ
719 713 907 778 Πατρός
943 736 1047 776 μου,
1076 713 1151 763 διὰ
1186 719 1323 765 ποῖον
1358 714 1512 764 αὐτῶν
1548 713 1684 779 ἔργον
1714 709 1931 777 λιθάζετέ

338 798 365 820 “
391 791 516 854 με;”
567 795 642 844 καὶ
680 793 829 845 πάλιν
867 797 971 861 περὶ
1016 798 1100 858 τῆς
1145 795 1264 846 κατὰ
1308 794 1362 846 τὸ
1407 794 1660 856 σάββατον
1699 791 1925 859 ἐργασίας

111 875 271 914 Ib.v.17.
339 879 365 901 ‘⁶
390 873 452 923 ‘O
494 875 663 941 Πατήρ
701 898 806 938 μου,
847 878 1014 943 φησιν,
1056 877 1140 930 ἕως
1179 877 1284 943 ἄρτι
1322 876 1572 943 ἐργάζεται,
1613 874 1743 941 κάγὼ
1787 872 1924 940 ἐργά-

339 962 366 984 “
393 954 572 1020 ᾣμαι.”
613 959 688 1007 καὶ
725 958 806 1008 οὐκ
846 957 902 1008 ἂν
929 956 1060 1022 οἶμαί
1081 982 1150 1012 τις
1175 960 1348 1023 οἰηθείη
1375 960 1530 1025 λέγειν
1558 957 1718 1018 αὑτὸν,
1750 959 1812 1010 ὡς
1838 954 1927 1006 ἀνὰ
1951 975 2000 1000 10

116 1052 206 1086 860
220 1050 270 1084 Α.
297 1038 478 1102 ειμέρος
518 1037 603 1101 μὲν
643 1039 667 1089 ὁ
709 1039 879 1106 Πατὴρ
920 1041 1116 1105 ε’ργᾶταί
1149 1064 1193 1092 τι
1231 1046 1325 1092 τῶν
1363 1043 1468 1107 περὶ
1507 1040 1592 1105 τὴν
1631 1041 1799 1102 κτίσιν,
1838 1037 1928 1089 ἀνὰ

337 1119 475 1185 μέρος
521 1119 569 1170 δὲ
614 1121 761 1171 πάλιν
800 1122 824 1171 ὁ
862 1122 989 1175 Υἱός·
1047 1122 1202 1186 ἐπειδὴ
1249 1122 1297 1173 δὲ
1341 1124 1396 1173 δι’
1437 1126 1555 1173 Υὶοῦ
1601 1121 1659 1172 τὰ
1702 1121 1858 1172 πάντα
1902 1121 1927 1170 ὁ

340 1201 524 1268 Πατὴρ,
552 1204 626 1252 καὶ
664 1204 746 1253 οὐκ
783 1202 840 1253 ἂν
870 1204 1036 1270 ἑτέρως
1071 1204 1329 1270 ἐργάσαιτό
1365 1228 1408 1256 τι
1442 1209 1537 1255 τῶν
1562 1204 1767 1265 πώποτε,
1794 1203 1928 1256 οὗτος

339 1283 433 1349 γάρ
474 1285 605 1335 ἐστιν
648 1285 674 1349 ἡ
714 1286 865 1351 σοφία
905 1289 980 1336 καὶ
1020 1287 1047 1350 ἡ
1088 1287 1280 1350 δύναμις
1319 1288 1478 1337 αὑτοῦ·
1538 1285 1613 1337 διὰ
1655 1291 1793 1337 τοῦτο
1834 1288 1929 1335 τῶν

340 1366 468 1416 ἰδίων
511 1365 663 1431 ἔργων
707 1367 908 1433 ἐργάτην
951 1367 1100 1420 πάλιν
1147 1369 1365 1432 ὠνόμασε
1416 1368 1498 1419 τὸν
1546 1369 1737 1435 Πατέρα
1788 1366 1929 1418 εἰπών
1954 1386 2000 1426 15

114 1441 254 1523 §flfmg
342 1455 367 1476 ‘⁶
395 1448 504 1498 Ἀπ’
546 1450 747 1511 ἐμαυτοῦ
788 1455 907 1500 ποιῶ
954 1451 1098 1512 οὐδὲν,
1134 1452 1245 1500 ἀλλ’
1281 1452 1305 1501 ὁ
1347 1450 1516 1517 Πατὴρ
1555 1452 1602 1501 ἐν
1640 1452 1739 1514 ἐμοὶ
1779 1449 1931 1512 μένων

114 1528 246 1559 '‘³‘'·¹0·
344 1536 369 1561 “
395 1534 521 1579 ποιεῖ
550 1530 608 1579 τὰ
645 1530 760 1597 ἔργα
795 1531 979 1584 αὐτός.”
1021 1530 1148 1594 οἶμαι
1182 1531 1268 1595 μὲν
1295 1534 1377 1582 οὖν
1400 1532 1658 1598 προσήκειν
1690 1533 1810 1596 ἡμᾶς
1845 1531 1932 1598 οὐχ

341 1611 505 1677 ἑτέρως
555 1610 583 1675 ὴ
635 1616 744 1680 τῇδε
792 1618 925 1675 νοεῖν,
972 1616 1033 1667 ὡς
1077 1615 1126 1664 ἐν
1172 1615 1389 1677 ἀμπέλου
1439 1614 1524 1678 μὲν
1567 1613 1697 1682 τάξει
1746 1617 1932 1664 κεῖσθαι

343 1693 573 1758 Χριστὸν,
609 1695 728 1757 ἡμᾶς
768 1694 816 1745 δὲ
856 1694 1113 1759 κλημάτων
1152 1697 1388 1761 ἠρτῆσθαι
1429 1698 1573 1760 δίκην,
1609 1696 1933 1758 πιαινομένους

299 1784 326 1823 b
345 1774 508 1841 ὥσπερ
553 1781 612 1844 τῇ
657 1776 813 1844 χάριτι
852 1779 927 1827 καὶ
971 1776 1056 1841 τὴν
1102 1777 1177 1827 διὰ
1222 1783 1304 1828 τοῦ
1348 1777 1624 1842 Πνεύματος
1664 1778 1932 1832 ἐκπίνοντας
1954 1801 2004 1826 20

345 1856 542 1920 δύναμιν
574 1862 636 1912 εἷς
674 1860 1005 1927 καρποφοριάν
1037 1859 1366 1924 πνευματικήν.

419 1940 614 2004 Ἐπειδὴ
654 1940 702 1991 δὲ
740 1940 889 1992 πάλιν
928 1942 1049 2005 ἡμᾶς
1091 1943 1366 2007 ὀρθοποδεῖν
1406 1941 1656 2006 ἑλομένους
1700 1943 1725 1992 ὁ
1769 1940 1936 2008 πικρὸς

345 2026 440 2072 τῶν
468 2023 521 2072 δι’
552 2022 760 2076 ἐναντίας
787 2028 1054 2089 περικροτεῖ
1081 2022 1241 2088 λόγος,
1270 2025 1345 2074 καὶ
1380 2025 1646 2075 ἀναπείθειν
1669 2028 1882 2089 πειρᾶται
1907 2023 1938 2074 ἃ

346 2103 412 2167 μὴ
457 2104 586 2168 θέμις
629 2107 812 2167 ε’ννοεῖν,
851 2104 1034 2173 φανερὰ
1073 2110 1168 2158 τοῖς
1211 2106 1527 2170 ἀκροωμένοις
1568 2105 1937 2169 καταστήσομεν

348 2185 628 2240 συνελόντες
667 2186 845 2252 λόγοις,
877 2186 998 2252 ἅπερ
1037 2210 1106 2240 τις
1145 2188 1330 2237 ἐκείνων
1365 2189 1412 2237 ἐν
1444 2193 1639 2253 μακροῖς
1675 2186 1935 2238 συντέθεικε
1959 2206 2006 2244 25

349 2269 532 2334 στίχοις
558 2308 584 2330 ,,
607 2269 676 2318 Εὖ
715 2268 808 2333 γὰρ
843 2267 898 2332 δή
933 2291 1018 2330 τοι,
1055 2270 1219 2335 φησὶν,
1255 2271 1279 2319 ὁ
1316 2267 1593 2333 Μονογενὴς
1629 2268 1855 2336 διήλεγξέ
1886 2291 1936 2319 τε

350 2389 378 2411 ,,
404 2351 479 2398 καὶ
515 2348 902 2414 καταγελάστους
937 2350 1148 2416 ἀπέφηνε
1184 2349 1292 2403 τοὺς
1327 2350 1561 2413 οἰομένους
1596 2349 1737 2401 αὐτὸν
1764 2349 1933 2413 ὁμοού-

312 2450 377 2492 0,,
405 2453 512 2480 σιον
538 2428 649 2480 εἶναι
685 2435 751 2499 τῷ
783 2432 891 2499 Θεῷ
927 2434 1000 2481 καὶ
1030 2432 1201 2496 Πατρί.
1258 2431 1357 2482 ἰδοὺ
1395 2431 1488 2498 γὰρ
1527 2433 1742 2496 ἄμπελον
1774 2431 1938 2483 ἑαυτὸν

350 2553 378 2574 ,,
407 2511 620 2577 ὀνομάζει
658 2517 848 2579 σαφῶς,
878 2513 1090 2578 γεωργὸν
1126 2514 1173 2564 δέ
1207 2512 1289 2564 τὸν
1320 2515 1525 2580 Πατέρα.
1581 2513 1745 2581 ὥσπερ
1778 2515 1859 2564 οὖν
1885 2514 1939 2564 οὐ

351 2635 379 2657 ,,
406 2593 577 2644 ταύτὸν
604 2598 664 2647 εἷς
699 2594 867 2644 οὐσίαν
895 2594 1110 2658 ἄμπελός
1143 2618 1204 2658 τε,
1233 2598 1371 2663 φησι,
1400 2598 1475 2646 καὶ
1510 2594 1734 2662 γεωργός·
1775 2595 1829 2646 τὸ
1854 2593 1940 2658 μὲν
1960 2615 2010 2652 3ο

352 2716 379 2738 ,,
407 2675 499 2742 γὰρ
536 2676 700 2744 ξύλον,
728 2677 752 2725 ὁ
789 2675 843 2725 δέ
872 2678 1002 2727 ἐστιν
1030 2677 1295 2743 ἅνθρωπος·
1345 2679 1584 2743 ἀλλογενῆ
1616 2676 1663 2728 δὲ
1694 2682 1841 2728 ταῦτα
1864 2678 1939 2727 καὶ

406 2825 458 2860 17.
485 2815 586 2850 αὐτὸς
611 2815 651 2848 τὰ
677 2816 759 2860 ἔργα
782 2815 922 2849 inverso
940 2815 1062 2850 ordine
1082 2816 1136 2857 E„
1156 2815 1215 2850 sed
1235 2816 1277 2850 cf.
1295 2816 1330 2849 in
1349 2816 1396 2849 xii
1416 2815 1544 2860 Proph.
1563 2815 1629 2861 687
1649 2827 1678 2856 c,
1698 2827 1804 2860 supra
1823 2816 1889 2860 238
1908 2827 1938 2856 c,

355 2861 484 2951 &6⁸73be
496 2873 563 2907 493
585 2862 619 2902 b,
640 2862 706 2906 776
725 2874 754 2903 c,
776 2862 841 2907 782
861 2874 889 2902 c,
912 2864 976 2907 785
997 2863 1031 2897 d.
1177 2874 1231 2907 23.
1258 2863 1448 2896 διεναντιων
1467 2862 1507 2896 Ε.
1662 2873 1716 2904 25.
1744 2862 1938 2897 συντέθεικα

373 2920 420 2941 εις
490 2935 497 2942 .
