2022 3272
100 133 271 189 xiii.30.
489 139 561 178 1N
603 140 645 179 S.
681 140 1016 181 JOANNEM.
1083 142 1203 182 LlB.
1243 143 1317 183 lx,
1608 145 1688 183 :375

99 242 339 307 πρέποντα
365 245 526 309 τύπον,
554 249 578 297 ὁ
605 247 669 311 μὴ
703 252 761 315 τῇ
797 251 939 318 οἰκεία
974 251 1191 318 φροντίδι
1226 249 1312 313 τὴν
1338 255 1432 301 τῶν
1460 250 1689 312 δεομένων

100 327 468 392 συναναμιγνύς.
522 329 590 393 ε’ίη
617 329 709 396 γὰρ
735 329 792 381 ἂν
818 330 964 384 ὄντως
991 331 1127 398 ἑορτὴ
1152 334 1307 382 τελεία
1334 332 1387 382 τὸ
1414 333 1659 396 σύναμμα.

165 479 313 529 Λαβὼν
352 482 397 522 δὲ
434 483 481 525 τὸ
519 484 690 534 ψωμίον
730 486 852 527 εὐῦὺο
891 487 1069 530 ἐξῆλθεν
1107 485 1286 529 ἐκεῖνος.
1347 485 1397 528 ἦν
1438 488 1481 529 δὲ
1523 489 1609 532 νύΞ.
1708 500 1756 534 30

175 597 416 659 Δρομαῖος
442 597 629 649 ἄπεισιν
655 600 729 650 ἐπὶ
757 599 810 651 τὸ
837 604 903 669 τῷ
929 600 1140 670 διαβόλῳ
1166 604 1347 664 δοκοῦν,
1374 603 1449 652 καὶ
1477 601 1688 667 καθάπερ
1706 624 1727 647 a
1762 616 1843 650 743
1860 616 1911 650 A.

58 688 80 726 5
101 677 304 741 οἰστρῶν
330 680 407 728 καὶ
434 681 737 745 δεδονημένος
763 685 847 746 τῆς
872 681 957 745 μὲν
982 683 1142 736 ἑστίας
1170 683 1436 752 ἐξάλλεται·
1480 689 1690 750 κρεῖττον

99 755 148 806 δὲ
184 756 309 812 ὅλως
343 759 475 811 οὐδὲν
501 764 584 825 τῆς
618 764 943 831 φιλοκερδείας
979 765 1079 832 ὁρᾷ,
1107 767 1182 815 καὶ
1217 765 1270 816 τό
1308 788 1359 831 γε
1392 765 1685 834 παράδοξον,

98 837 231 889 οὐδὲν
281 842 329 891 ἐκ
379 844 461 905 τῆς
511 845 730 910 εὐλογίας
784 846 1094 913 ὠφελημένον
1145 846 1422 913 εὑρήσομεν,
1474 847 1550 898 διὰ
1604 846 1690 911 τὴν

98 921 299 972 ἐνοῦσαν
336 924 463 993 αὐτῷ
501 925 721 989 δηλονότι
759 926 1082 978 δυσκάθεκτον
1120 931 1182 980 εἷς
1223 926 1277 979 τὸ
1316 928 1688 996 χρηματίζεσθαι

96 1002 265 1069 ῥοπήν.
345 1010 778 1074 προκεκρατημένος
828 1008 922 1075 γὰρ
973 1013 1038 1078 τῷ
1089 1008 1243 1072 πάθει,
1295 1013 1371 1061 καὶ
1422 1011 1690 1078 ὁλόκληρον

33 1109 80 1135 10
98 1087 247 1155 ἑαυτῷ
286 1085 369 1137 τὸν
400 1088 593 1154 ἁπάσης·
631 1091 823 1154 ἀνομίας
861 1091 1038 1142 ὠδίνων
1069 1093 1265 1158 πατέρα,
1292 1092 1396 1143 οὐδὲ
1433 1093 1539 1144 ὅποι
1574 1092 1689 1144 ποτὲ

97 1166 248 1235 τρέχει
299 1169 469 1221 λοιπὸν
520 1172 544 1221 ὁ
596 1172 799 1226 δείλαιος
850 1174 1199 1225 διασκέπτεται.
1274 1175 1407 1226 νύκτα
1458 1174 1550 1241 γὰρ
1607 1176 1689 1226 οὖν

97 1247 261 1317 ὥσπερ
305 1252 409 1303 τινὰ
453 1257 528 1304 καὶ
575 1254 765 1321 ζοφώδη
818 1258 1150 1321 διαλογισμῶν
1195 1257 1402 1308 ἀνοσίων
1447 1257 1596 1321 ἐσμὸν
1640 1259 1731 1310 e'vb

98 1332 312 1400 στέρνοις
339 1335 477 1398 ἑλὼν,
504 1339 567 1390 εἰς
595 1335 710 1404 ᾅδου
744 1338 959 1401 πυθμένα
995 1340 1070 1389 καὶ
1105 1341 1166 1391 εἷς
1200 1341 1433 1406 πέταυρον
1459 1345 1685 1408 καταντᾷ,

98 1416 174 1465 καὶ
212 1415 331 1466 κατὰ
369 1416 451 1468 τὸν
485 1419 533 1468 ἐν
570 1418 840 1485 παροιμίαις
879 1419 1042 1485 λόγον,
1084 1422 1145 1474 ὡς
1193 1419 1374 1490 ἐ’λαφος
1419 1422 1688 1473 ἐπισπεύδει

34 1513 78 1550 Ι5
99 1502 125 1525 “
150 1498 410 1564 πεπληγὼς
436 1503 498 1554 εἷς
524 1499 578 1551 τὸ
604 1501 732 1567 ἧπαρ
758 1501 1051 1570 τοξεύματι,”
1079 1500 1108 1566 ἢ
1137 1504 1199 1557 ὡς
1225 1503 1350 1554 κύων
1376 1505 1450 1555 ἐπὶ
1485 1503 1689 1568 δεσμοὺς
1749 1514 1911 1588 {mxxv-ii.

99 1585 127 1608 ‘⁶
153 1580 235 1630 οὐκ
261 1580 391 1635 εἰδὼς
417 1581 488 1633 ὅτι
513 1585 619 1649 περὶ
645 1586 808 1652 ψυχῆς
834 1583 1034 1652 τρέχει.”
1075 1585 1156 1636 καί
1180 1608 1260 1650 μοι
1293 1588 1421 1637 δοκεῖ
1441 1584 1506 1650 μὴ
1533 1585 1688 1651 μάτην
1772 1567 1801 1598 3-

98 1664 240 1714 εἰπεῖν
260 1664 284 1713 ὁ
303 1664 560 1718 θεσπέσιος
578 1665 958 1731 Εὐαγγελιστὴς,
980 1666 1050 1718 ὅτι
1070 1666 1232 1728 λαβὼν
1252 1668 1296 1720 τί)
1320 1664 1503 1738 ψωμίον
1519 1668 1687 1739 ἐξῆλθεν

99 1742 229 1799 εὐθύς.
286 1746 432 1800 δεινὸς
468 1746 561 1814 γὰρ
601 1748 625 1798 ὁ
665 1752 878 1802 σατανᾶς
916 1751 979 1802 εἷς
1014 1748 1068 1800 τὸ
1103 1754 1199 1803 τοῖς
1234 1748 1370 1819 ἅπαξ
1401 1752 1575 1803 ἁλοῦσι
1611 1754 1687 1803 καὶ

99 1827 173 1877 ὑπ’
201 1827 344 1878 αὐτὸν
374 1829 599 1894 γεγονόσι
631 1829 950 1896 προστάττειν
981 1831 1114 1885 εὐθὺς
1149 1832 1359 1901 ἐξανύειν
1390 1833 1450 1884 τὰ
1482 1833 1683 1900 πονηρὰ,

30 1925 79 1951 20
99 1910 175 1959 καὶ
199 1908 485 1974 μελλήσεως
512 1909 705 1975 ἁπάσης
733 1911 842 1979 δίχα
876 1911 930 1963 τὸ
967 1915 1135 1964 δοκοῦν
1160 1915 1286 1983 αὐτῷ
1315 1914 1685 1981 κατεργάζεσθαι
1704 1933 1726 1960 0

98 1992 174 2041 καὶ
224 1992 312 2058 οὐχ
361 1991 551 2046 ἑκόντας
602 1995 888 2058 ἀναγκᾶσαι.
960 1993 1107 2045 δέδιεν
1157 1995 1287 2059 ἰ’σως,
1338 1996 1586 2063 πικρόνους
1635 2020 1686 2048 τε

98 2071 325 2140 ὑπάρχων
350 2074 419 2124 ἀεὶ
453 2075 529 2124 καὶ
564 2074 728 2140 δριμὺς
763 2078 825 2129 εἰς
862 2076 1162 2143 κακουργίαν,
1188 2077 1253 2142 μὴ
1288 2077 1380 2145 ἄρα
1414 2101 1483 2132 τις
1513 2079 1561 2129 ἐν
1587 2083 1687 2132 ταῖς

98 2154 381 2220 ὑπερθέσεσι
410 2158 835 2223 παρεισδραμοῦσα
868 2155 1168 2223 μετάγνωσις
1202 2159 1693 2223 μεταβουλεύσασθαί

97 2257 141 2286 τι
176 2240 271 2287 τῶν
309 2238 502 2303 ἀγαθῶν
540 2239 888 2307 παρασκευάσῃ
926 2240 1009 2291 τὸν
1047 2241 1312 2307 ἄνθρωπον,
1353 2245 1427 2292 καὶ
1473 2241 1687 2308 καθάπερ

29 2330 77 2369 25
97 2316 200 2379 τινὰ
224 2319 373 2383 μέθην
398 2319 664 2371 ἀποθέσθαι
690 2326 773 2372 τοῦ
805 2327 887 2373 νοῦ
921 2321 1007 2386 τὴν
1031 2326 1094 2377 εἷς
1121 2324 1356 2389 ἁμαρτίαν
1382 2322 1567 2389 ἡδονὴν,
1594 2324 1686 2393 ε”ξω

95 2422 146 2450 τε
178 2401 378 2466 παγίδος
412 2400 594 2470 ἑλκύσῃ
630 2405 712 2466 τῆς
743 2405 853 2469 παρ’
883 2405 1026 2455 αὐτοῦ
1063 2403 1145 2456 τὸν
1171 2405 1260 2470 ἤδη
1293 2406 1682 2470 κατειλημμένον.

95 2480 173 2532 διὰ
210 2481 386 2547 ταύτην
424 2481 551 2546 οἶμαι
589 2483 674 2548 τὴν
713 2486 865 2536 αἰτίαν
899 2487 1159 2537 ἐπικεῖσθαι
1197 2486 1280 2538 τὸν
1315 2487 1560 2553 ἀλιτήριον
1590 2493 1686 2541 τοῖς

96 2564 172 2615 ὑπ’
219 2563 363 2614 αὑτὸν
405 2564 673 2630 γεγονόσιν,
721 2569 785 2619 εἷς
833 2565 888 2617 τὸ
940 2569 1057 2633 δρᾶν
1100 2568 1373 2632 ἐπείγεσθαι
1424 2570 1500 2618 καὶ
1551 2568 1685 2631 μάλα

95 2649 283 2712 γοργῶς
322 2643 376 2695 τὸ
415 2644 620 2711 ἀρέσκον
658 2646 797 2716 αὐτῷ.
866 2649 942 2698 καὶ
981 2654 1097 2713 γοῦν
1134 2647 1217 2699 τὸν
1249 2648 1434 2699 Ἰούδαν
1472 2648 1591 2712 μετὰ
1629 2649 1728 2699 τὸᾶ

29 2746 78 2783 30
97 2727 289 2796 ψωμίον
323 2725 457 2780 εὐθὺς
495 2726 743 2793 ἀναγκάζει
781 2728 967 2791 λοιπὸν,
996 2731 1058 2783 ὡς
1098 2729 1188 2780 ὑπὸ
1226 2734 1359 2797 χεῖρα
1398 2729 1581 2791 λαβὼν,
1608 2731 1683 2781 ἐπὶ

144 2859 177 2882 2.
204 2848 337 2892 σύναμα
355 2848 398 2883 Ε.
552 2860 586 2895 3.
614 2847 690 2895 νύξ]
716 2853 750 2890 -ff-
772 2849 827 2884 ὅτε
845 2850 989 2894 ἐξῆλθεν
1008 2850 1075 2885 Ed.
1233 2860 1265 2897 7.
1291 2851 1513 2897 ὠφελημένον
1531 2852 1573 2886 Ε.
1591 2852 1684 2898 ὠφέ-

97 2896 197 2938 λιμον
215 2895 282 2930 Ed.
512 2896 568 2931 16.
595 2896 687 2931 δοκεῖ
704 2903 927 2942 assumptum
945 2909 987 2932 ex
1008 2897 1049 2932 E.
1266 2909 1320 2933 21.
1348 2899 1435 2933 δέδιε
1453 2898 1518 2934 ἴσω
1539 2899 1619 2944 (sic)
1641 2900 1685 2934 E.

100 2951 154 2985 29.
179 2942 262 2985 μετὰ
280 2942 418 2986 ψωμίου
438 2942 480 2977 Ε.
