2037 3266
287 113 373 155 440
690 117 741 158 B.
775 117 1053 158 CYRILLI
1095 119 1481 160 ALEXANDR.
1709 119 1793 160 xiv.
1816 131 1879 158 11.

292 224 418 294 αὐτῷ
456 224 635 293 τέχνης,
674 226 779 290 ἤτοι
817 229 1009 296 σοφίας,
1049 228 1201 279 ε”τεκεν
1241 230 1265 279 ὁ
1307 228 1490 292 Πατὴρ,
1532 230 1607 278 καὶ
1645 227 1801 293 ἕτερόν
1838 250 1884 277 τι

291 307 402 373 παρ’
449 306 565 375 ὅπερ
608 310 741 360 ἐστὶν
787 309 927 363 αὐτὸς
972 309 1253 374 ἀποκυήσας
1297 311 1475 377 ὁρᾶται.
1548 313 1624 361 καὶ
1674 314 1775 364 πῶς
1826 308 1884 360 ἂν

292 389 524 457 ἐνδέχοιτο
546 412 558 453 ;
614 396 714 445 πῶς
754 391 802 442 δὲ
843 393 926 442 οὐκ
965 393 1124 456 εὔηθες
1161 397 1408 447 παντελῶς
1446 391 1500 444 τὸ
1540 397 1660 443 νοεῖν
1697 415 1741 443 τι
1780 415 1880 442 τοι·

295 477 464 532 οῦτον;
520 473 602 523 οὐκ
641 472 933 542 ἀπαλλάξας
972 474 1127 524 τοίνυν
1165 475 1418 540 ὀργανικῆς
1455 498 1504 526 τε
1544 476 1619 526 καὶ
1659 476 1884 537 οἰκετικῆς

296 554 587 623 ὑπολήψεως
623 554 706 605 τὸν
731 555 863 618 Υὶὸν,
890 555 1099 621 γέννημα
1135 555 1183 607 δὲ
1216 556 1335 607 κατὰ
1370 556 1597 622 ἀλήθειαν
1632 557 1926 621 ὁμολογῶνὸ

296 634 439 687 αὐτὸν
465 637 694 700 οὐδαμῶς,
720 638 1004 702 ἀρνούμενος
1038 637 1088 689 δὲ
1119 638 1206 702 τὴν
1232 639 1436 705 ἅρῥητον
1460 639 1697 704 γέννησιν,
1724 637 1810 702 τὴν
1834 639 1885 688 ἐκ

296 720 378 781 τῆς
415 718 579 771 οὐσίας
611 724 694 769 τοῦ
721 722 846 770 Θεοῦ
880 721 956 770 καὶ
986 720 1179 787 Πατρός
1205 724 1343 789 φημι,
1368 720 1514 785 αὐτὴν
1539 719 1775 785 ἀδικήσεις
1801 725 1885 770 τοῦ

391 798 402 814 Ι
575 798 587 814 ἱ
691 800 700 815 Ι
905 803 915 817 )
983 802 1005 819 ’l
1113 802 1125 817 Χ
1195 803 1217 819 ,ν
1456 802 1469 818 ἱ
1619 804 1629 818 9
1674 804 1684 818 )
1739 801 1752 817 Ι

76 811 229 849 79οΑ.
258 821 281 845 a
297 822 512 854 τεκοντος
536 823 622 864 την
649 801 812 870 δοξαν·
865 825 949 853 ουκ
975 825 1041 853 ετι
1068 825 1162 869 γαρ
1187 826 1323 854 εσται
1349 826 1504 869 πατηρ
1531 825 1620 854 κατ
1658 805 1885 866 αληθειαν

82 2615 242 2655 Bar.iii.3.

298 883 323 933 ὁ
352 881 537 948 Πατήρ·
579 883 604 933 ὁ
629 882 723 950 γὰρ
752 882 817 948 μὴ
853 884 1090 950 γεννήσας
1127 885 1252 940 ὅλως
1287 885 1344 954 ἐξ
1374 886 1552 948 ἑαυτοῦ,
1579 885 1705 938 τίνος
1733 881 1791 934 ἂν
1816 882 1885 947 εἴη

298 964 417 1015 κατὰ
446 964 597 1032 φύσιν
622 966 780 1031 πατήρ
801 988 814 1028 3
859 966 1169 1035 ψευδώνυμος
1195 968 1277 1018 οῦν
1303 968 1395 1033 ἄρα
1427 971 1675 1020 παντελῶς
1709 966 1737 1029 ἡ
1773 966 1885 1030 ἁγία
1909 985 1958 1012 10

298 1046 459 1111 Τριάς,
486 1046 604 1111 μήτε
629 1052 713 1098 τοῦ
743 1047 933 1114 Πατρὸς
970 1048 1105 1102 ὄντος
1141 1047 1260 1099 κατὰ
1294 1048 1520 1113 ἀλήθειαν
1545 1047 1740 1114 πατρὸς,
1770 1045 1886 1111 μήτε

297 1127 392 1193 μὴν
424 1133 524 1180 υἱοῦ
562 1128 683 1181 κατὰ
721 1131 872 1198 φύσιν
906 1136 989 1182 τοῦ
1015 1134 1146 1184 Υὶοῦ.
1199 1130 1515 1196 ἀκολουθήσει
1553 1130 1601 1181 δὲ
1639 1129 1888 1195 ἀναλόγως

298 1215 364 1280 τῷ
391 1211 655 1278 θεωρήματι
684 1214 760 1263 καὶ
788 1213 815 1277 ἡ
842 1212 963 1264 κατὰ
989 1218 1072 1264 τοῦ
1101 1213 1380 1276 Πνεύματος
1407 1212 1670 1282 δυσφημιά.

373 1294 564 1344 Οὐκοῦν
590 1294 885 1359 ἠπατήμεθα,
913 1298 987 1347 καὶ
1016 1295 1296 1364 διέψευσται
1320 1295 1405 1360 μὲν
1430 1296 1458 1360 ἡ
1489 1296 1666 1348 πίστις·
1704 1296 1884 1362 ψευδο-

298 1380 438 1439 μυθεῖ
467 1376 516 1427 δὲ
551 1376 579 1440 ἡ
617 1378 728 1443 ἁγία
763 1377 944 1447 γραφὴ,
975 1378 1155 1444 πατέρα
1192 1383 1412 1429 καλοῦσα
1444 1376 1527 1428 τὸν
1554 1375 1694 1428 Θεόν·
1738 1377 1813 1427 καὶ
1849 1379 1887 1426 εἰ
1911 1390 1958 1430 15

299 1457 364 1521 μή
402 1459 507 1508 ε’στι
546 1459 667 1510 κατὰ
706 1459 856 1528 φύσιν
884 1458 1006 1514 Θεὸς
1041 1462 1066 1510 ὁ
1097 1459 1225 1523 Υἱὸς,
1254 1462 1315 1513 ὡς
1350 1462 1399 1511 ἐκ
1432 1464 1558 1511 Θεοῦ
1592 1462 1667 1509 καὶ
1696 1456 1888 1524 Πατρὸς

254 1542 551 1606 ὺγεννηθεῖς,
589 1541 934 1605 πεπλανήμεθα
972 1541 1057 1605 μὲν
1091 1543 1235 1606 ἡμεῖς,
1267 1540 1667 1605 συμπεπλάνηται
1706 1538 1755 1591 δὲ
1792 1544 1889 1592 τοῖς

301 1624 375 1673 ἐπὶ
415 1625 498 1686 τῆς
534 1625 622 1688 γῆς
661 1625 737 1673 καὶ
777 1624 804 1687 ἡ
844 1624 941 1674 ἄνω
979 1622 1119 1677 πόλις
1160 1628 1236 1674 καὶ
1278 1624 1306 1687 ἡ
1348 1627 1443 1674 τῶν
1481 1624 1629 1688 ἁγίων
1668 1620 1890 1687 ἀγγέλων

302 1704 613 1771 καθαρωτάτη
640 1704 843 1769 πληθὺς,
871 1709 937 1775 τῷ
973 1705 1092 1756 κατὰ
1128 1706 1278 1774 φύσιν
1304 1709 1411 1774 Θεῷ
1446 1703 1809 1773 συνδοξάζουσά
1838 1725 1890 1754 τε

302 1789 377 1837 καὶ
411 1793 870 1853 συμπροσκυνοῦσα,
897 1790 974 1838 καὶ
1009 1789 1091 1838 οὐκ
1126 1785 1214 1838 οἶδ’
1244 1787 1371 1840 ὅπως
1407 1787 1685 1855 δοξολογεΐν
1709 1787 1883 1836 ἀναπε-
1910 1805 1961 1831 20

300 1869 530 1933 πεισμένη
570 1868 803 1938 θεοφόρον
837 1893 881 1920 τι
920 1876 1088 1924 σκεῦος
1127 1893 1203 1921 και
1241 1874 1335 1920 τῶν
1368 1867 1643 1932 ποιημάτων
1677 1868 1739 1930 ἓν,
1771 1866 1891 1918 κατά

302 1974 357 2017 γε
392 1950 478 2016 τὴν
509 1953 693 2003 ἐκεινων
725 1953 1015 2019 ἀβελτηρίαν
1048 1954 1184 2021 φημι.
1236 1976 1275 2003 ει
1313 1952 1361 2003 δε
1397 1950 1623 2013 βούλοιτό
1657 1973 1771 2001 ποτε
1808 1952 1891 2014 τῆς

303 2038 365 2087 εἷς
415 2057 498 2084 τον
542 2034 660 2085 Υὶὸν
712 2057 928 2102 σχεσεως
979 2059 1055 2086 και
1102 2038 1185 2097 τῆς
1233 2056 1510 2097 ενοικησεως
1558 2035 1815 2100 ἀναχωρεῖν
1866 2032 1891 2081 ὁ

305 2115 489 2181 Πατηρ,
531 2116 664 2167 οὐδεν
705 2117 871 2168 διοίσει
917 2116 1042 2184 τάχα
1085 2121 1180 2167 τῶν
1224 2114 1612 2179 διωλισθηκότων
1652 2118 1734 2178 τῆς
1775 2114 1892 2166 ιδιας

303 2200 464 2265 ἀρχῆς,
503 2197 620 2248 ἰ’διον
657 2198 741 2261 μὲν
781 2199 902 2266 ἔχων
942 2199 1088 2261 οὐδὲν,
1127 2199 1231 2248 οὔτε
1270 2197 1364 2261 μὴν
1402 2200 1449 2247 ἐν
1490 2197 1582 2265 ἰδίᾳ
1624 2195 1767 2263 φύσει
1809 2192 1890 2245 τὸν
1914 2214 1961 2252 25

264 2278 602 2344 ογεννήσαντα
653 2280 824 2347 φέρων,
868 2279 1026 2330 πάντα
1078 2279 1126 2330 δὲ
1172 2283 1362 2341 μᾶλλον
1409 2278 1636 2344 ὑπάρχων
1678 2277 1737 2328 τὰ
1782 2278 1889 2328 καθ’

303 2361 437 2424 ἡμᾶς,
476 2363 552 2411 καὶ
590 2360 711 2428 μόνῃ
749 2366 807 2428 τῇ
846 2362 946 2430 θείᾳ
986 2360 1286 2427 νευρούμενος
1327 2358 1500 2427 χάριτι,
1541 2358 1674 2409 ἀλλὰ
1711 2360 1788 2409 καὶ
1824 2361 1891 2427 τῷ

302 2444 385 2506 τῆς
423 2441 633 2507 υἱότητος
673 2441 866 2505 ὀνόματι
905 2444 1011 2506 μεθ’
1044 2443 1176 2506 ἡμῶν
1211 2442 1526 2506 τετιμημένος.
1583 2442 1632 2491 τί
1664 2441 1766 2502 οῦν,
1795 2441 1899 2491 εἶπέ

302 2546 397 2588 μοι,
433 2523 499 2589 μὴ
538 2526 613 2575 καὶ
648 2524 788 2579 αὐτὸς
826 2523 919 2575 σὺν
958 2525 1068 2589 ἡμῖν
1105 2523 1192 2589 τὴν
1230 2525 1400 2575 οἰκείαν
1438 2525 1668 2588 ὁμολογεῖ
1704 2522 1887 2591 φύσιν;

303 2608 429 2657 διατί
463 2606 512 2658 δὲ
538 2608 753 2671 ““Ημεῖς
792 2607 1117 2670 ἀπολλύμενοι
1155 2607 1239 2658 τὸν
1269 2611 1428 2668 αἰῶνα,
1456 2609 1532 2656 καὶ
1571 2604 1710 2659 αὐτὸς
1748 2604 1888 2668 καθή-
1912 2623 1963 2659 30

305 2694 331 2717 “
357 2711 495 2751 μενος
536 2688 620 2740 τὸν
658 2693 804 2740 αἰῶνα
826 2690 869 2751 ;”
921 2695 1004 2740 τοῦ
1053 2688 1101 2740 δὲ
1142 2688 1199 2752 δὴ
1239 2687 1376 2756 χάριν
1414 2688 1543 2751 ἡμεῖς
1580 2686 1666 2750 μὲν
1703 2686 1888 2748 οἰκέται,

351 2873 383 2907 8.
411 2874 492 2907 κατὰ
512 2872 553 2907 Ε.
680 2884 733 2915 14.
759 2872 1012 2917 ψευδομυθεῖτο
1031 2872 1071 2907 Ε.
1141 2872 1267 2906 Statim
1285 2871 1350 2916 γὰρ
1369 2882 1431 2916 pro
1451 2871 1486 2905 δέ
1505 2870 1546 2905 Ε.
1669 2877 1724 2914 25.
1749 2869 1830 2913 ἕχον
1848 2868 1889 2903 Ε.

305 2927 360 2964 27.
386 2921 524 2964 χάριτος
542 2920 584 2954 Ε.
658 2921 697 2963 τῇ
718 2920 798 2965 (Sic)
819 2931 881 2964 pro
899 2921 945 2964 τῷ
964 2919 1006 2953 Ε.
1149 2930 1205 2963 30.
1233 2918 1290 2953 Ab
1308 2919 1411 2952 αἰῶνα
1427 2917 1471 2952 ad
1488 2917 1589 2952 αἰῶνα
1609 2916 1759 2950 transilit
1778 2916 1819 2951 E.
