2022 3272
95 131 178 174 xiv.
202 147 267 176 20.
343 136 416 176 IN
460 138 501 177 S.
537 136 874 177 JOANNEM.
939 135 1063 175 12113.
1098 135 1174 175 IX.
1239 133 1370 174 (JAP.
1406 134 1439 173 I.
1604 133 1688 172 -183

94 245 131 292 εἱ
181 242 326 306 μόνον
377 244 430 295 τὸ
480 247 645 296 ἑαυτοῦ
702 244 971 296 διεσώσατο
1024 248 1200 307 σῶμα;
1264 242 1586 304 πιστεύσομεν
1638 241 1685 290 δέ

92 329 298 388 μᾶλλον,
331 329 393 380 ὡς
431 327 522 395 ὅλῃ
561 331 619 395 τῇ
659 327 803 394 φύσει
843 325 899 377 δι’
927 327 1093 376 ἑαυτοῦ
1138 327 1214 376 καὶ
1261 327 1308 375 ἐν
1349 325 1473 392 αὐτῷ
1511 323 1683 391 πρώτῳ

93 406 306 474 καθάπερ
356 410 403 460 ἐν
455 411 647 477 ἀπαρχῇ
698 412 780 473 τῆς
833 407 1195 475 ἀνθρωπότητος
1251 405 1576 473 περιποιήσων
1627 404 1686 454 τὰ

93 488 263 552 ἀγαθὰ,
290 490 454 556 γέγονε
487 493 593 542 καθ’
625 492 744 554 ἡμᾶς
778 492 802 541 ὁ
832 489 1127 556 Μονογενής.
1184 487 1345 554 ὥσπερ
1372 488 1465 554 γὰρ
1492 489 1594 554 οὐχὶ
1622 491 1687 555 τῷ

50 570 280 640 5θανάτῳ
318 573 476 635 μόνον,
509 574 620 624 ἀλλ’
655 573 783 626 ὅλοις
821 572 1216 636 ἠκολουθήσαμεν
1255 576 1351 624 τοῖς
1389 570 1565 621 πάθεσι
1604 572 1688 632 τῆς

92 653 284 719 σαρκὸς,
311 656 360 705 ἐν
384 660 450 724 τῷ
485 655 659 725 πρώτῳ
694 661 833 706 τοῦτο
868 654 1098 707 παθόντες
1133 653 1383 722 ἀνθρώπῳ,
1411 651 1487 701 διά
1521 674 1569 701 τε
1602 651 1688 715 τὴν

91 734 372 799 παράβασιν
398 740 473 788 καὶ
497 737 583 802 τὴν
610 739 738 789 θείαν
763 735 895 803 ἀράν·
934 736 1055 788 κατὰ
1081 735 1163 786 τὸν
1191 735 1332 786 αὑτὸν
1357 733 1484 798 οἶμαι
1511 733 1689 799 τρόπον

93 816 308 884 ἑψόμεθα
353 819 628 883 σύμπαντες
671 823 737 889 τῷ
778 823 981 888 Χριστῷ
1023 817 1302 883 διασώζοντι
1346 815 1683 882 πολυτρόπως,

92 901 169 950 καὶ
208 900 442 967 ἁγιάζοντι
480 901 566 966 τὴν
600 905 683 966 τῆς
723 901 902 968 σαρκὸς
943 901 1092 969 φύσιν
1129 902 1176 950 ἐν
1211 902 1376 968 ἑαυτῷ.
1437 898 1507 948 διὸ
1548 902 1623 949 καὶ
1663 899 1688 948 ὁ

23 1002 72 1028 10
94 985 291 1036 Παῦλος
329 983 510 1051 ε”φασκε
552 991 578 1012 “
603 985 697 1034 Καὶ
742 982 897 1037 καθὼς
938 982 1236 1050 ε’φορέσαμεν
1278 981 1364 1045 τὴν
1406 979 1559 1031 εἰκόνα
1606 985 1687 1030 τοῦ

93 1070 121 1093 “
146 1070 320 1132 χοϊκοῦ,
349 1066 618 1132 φορέσομεν
648 1067 723 1116 καὶ
762 1064 847 1129 τὴν
883 1063 1037 1115 εἰκόνα
1070 1071 1153 1115 τοῦ
1189 1062 1511 1130 ε’πουρανίου.”
1554 1062 1689 1112 εἰκὼν

92 1144 186 1212 γὰρ
216 1152 299 1197 τοῦ
335 1153 512 1214 χοϊκοῦ,
537 1146 784 1198 τουτέστιν
806 1146 978 1211 Ἀδὰμ,
1005 1145 1059 1197 τὸ
1086 1147 1133 1196 ἐν
1162 1145 1337 1197 πάθεσι
1365 1145 1586 1211 γενέσθαι
1613 1146 1688 1195 καὶ

93 1232 267 1297 φθορᾷ·
308 1228 442 1279 εἰκὼν
478 1228 527 1280 δὲ
566 1235 649 1280 τοῦ
688 1230 979 1295 ἐπουρανίου,
1013 1228 1231 1279 τουτέστι
1272 1232 1509 1293 Χριστοῦ,
1546 1226 1600 1277 τὸ
1640 1228 1689 1276 ἐν

93 1311 295 1379 ἀπαθείᾳ
322 1310 542 1377 γενέσθαι
568 1314 644 1362 καὶ
672 1312 936 1380 ἀφθαρσίᾳ.
980 1310 1214 1377 κατέκρινε
1241 1311 1397 1361 τοίνυν
1423 1309 1509 1373 τὴν
1537 1310 1688 1374 ἁμαρ-

26 1409 73 1448 15
93 1392 196 1442 τίαν
220 1395 268 1444 ἐν
294 1397 352 1460 τῇ
386 1395 479 1462 ἰδίᾳ
516 1396 660 1460 σαρκὶ
689 1392 810 1446 Θεὸς
849 1392 1074 1460 ὑπάρχων
1106 1391 1224 1443 κατὰ
1262 1392 1414 1461 φύσιν
1447 1392 1470 1441 ὁ
1506 1391 1683 1456 Λόγος,

93 1476 253 1540 ἀργεῖν
296 1475 521 1545 ἐπιτάξας
564 1477 696 1544 αὐτῇ,
739 1478 816 1526 καὶ
861 1476 1247 1542 μεταῤῥυθμίσας
1290 1478 1484 1539 μᾶλλον
1528 1477 1589 1526 εἷς
1634 1472 1688 1523 τὸ

93 1561 322 1608 κινεῖσθαι
347 1557 465 1624 πρὸς
499 1556 554 1609 τὸ
587 1560 753 1609 δοκοῦν
779 1562 844 1627 τῷ
872 1561 995 1627 Θεῷ,
1023 1559 1098 1608 καὶ
1132 1555 1197 1621 μὴ
1235 1555 1354 1623 πρὸς
1390 1554 1444 1606 τὸ
1481 1555 1597 1605 ’ίδιον
1624 1555 1689 1605 ε”τι

94 1638 297 1703 θέλημα·
347 1641 467 1691 οὕτω
506 1663 555 1691 τε
596 1640 804 1709 ψυχικὸν
844 1638 1057 1707 ὑπάρχον
1091 1638 1144 1690 τὸ
1184 1643 1328 1702 σῶμα
1367 1637 1689 1689 κατεσκεύασε

92 1721 421 1783 πνευματικόν.
501 1721 563 1776 εἷς
613 1722 697 1786 μὲν
743 1723 825 1773 οὖν
875 1725 957 1786 τῆς
1008 1720 1470 1788 ἀνακεφαλαιώσεως
1522 1721 1686 1770 οὑτοσὶ

24 1824 74 1851 20
95 1802 281 1869 τρόπος,
309 1805 334 1854 ὁ
370 1803 418 1855 δὲ
454 1806 529 1855 καὶ
562 1804 780 1869 μάλιστα
812 1804 1007 1871 πρέπων
1039 1806 1115 1855 καὶ
1150 1807 1208 1871 τῇ
1245 1807 1340 1853 τῶν
1372 1800 1687 1868 προκειμένων

94 1886 263 1954 θεωρίᾳ
301 1887 684 1954 χρεωστούμενος
722 1887 816 1949 μετ’
847 1888 1017 1936 ἐκεῖνον
1052 1885 1346 1949 εἰσβήσεται·
1386 1883 1688 1949 προκείσεται

94 1965 143 2017 δὲ
170 1971 311 2018 εἰπεῖν
336 1970 441 2034 περὶ
468 1970 550 2031 τῆς
576 1968 763 2018 αἰωνίου
789 1967 920 2034 ζωῆς,
948 1969 1024 2017 καὶ
1049 1970 1131 2030 τῆς
1158 1971 1240 2017 τοῦ
1274 1964 1477 2016 θανάτου
1513 1964 1685 2030 νεκρώ-

93 2071 229 2110 σεως,
257 2049 382 2103 ὅπως
410 2073 459 2100 τε
487 2052 569 2113 τῆς
595 2050 885 2115 ἀνθρωπείας
920 2049 1111 2117 φύσεως
1144 2045 1230 2111 τὴν
1257 2050 1306 2098 ἐκ
1340 2050 1423 2111 τῆς
1457 2045 1682 2112 παραβά-

94 2153 218 2184 σεως
245 2130 433 2198 φθορὰν
460 2132 736 2195 ἀπέστησεν
762 2132 787 2182 ὃ
817 2129 1112 2196 Μονογενής.
1168 2131 1333 2181 οὐκοῦν
1359 2137 1386 2159 “
1406 2129 1591 2195 ἐπείπερ
1626 2127 1685 2179 τὰ

25 2226 74 2266 25
95 2219 123 2242 ‘⁶
147 2212 312 2264 παιδία
338 2213 667 2278 κεκοινώνηκεν
694 2213 889 2276 αἵματος
916 2215 992 2263 καὶ
1018 2211 1214 2277 σαρκὸς,
1239 2214 1313 2262 καὶ
1350 2210 1490 2265 αὐτὸς
1523 2233 1681 2277 παρα-

95 2301 123 2324 “
147 2296 370 2359 πλησίως
404 2295 607 2362 μετέσχε
642 2300 737 2346 τῶν
764 2296 957 2357 αὑτῶν,”
986 2295 1059 2345 ἵνα
1097 2294 1313 2362 νεκρώσῃ
1349 2293 1431 2344 τὸν
1458 2292 1680 2355 θάνατον,

94 2378 170 2427 καὶ
206 2379 230 2427 ὁ
269 2378 437 2430 κτίσας
473 2379 535 2431 εἷς
569 2377 848 2446 ἀφθαρσίαν
874 2375 934 2427 τὰ
963 2374 1133 2439 πάντα,
1158 2378 1232 2426 καὶ
1269 2377 1531 2442 σωτηρίους
1566 2377 1683 2426 ἀπο-

95 2458 252 2527 δείξας
303 2457 386 2511 τάς
436 2459 642 2523 γενέσεις
692 2463 775 2509 τοῦ
826 2458 1024 2521 κόσμου,
1071 2457 1191 2509 κατὰ
1241 2457 1295 2508 τὸ
1345 2455 1683 2523 γεγραμμένον,

94 2538 385 2607 μεταπλάσῃ
434 2538 582 2590 πάλιν
632 2545 727 2591 τῶν
775 2539 1070 2606 πραγμάτων
1118 2540 1172 2591 τὸ
1230 2542 1397 2607 σχῆμα
1453 2538 1573 2605 πρὸς
1629 2536 1684 2588 τὸ

26 2649 76 2685 30
96 2623 309 2690 ἀρχαῖον.

173 2704 273 2754 Καί
306 2725 385 2766 μοι
422 2701 570 2754 πάλιν
606 2702 630 2752 ὁ
669 2701 816 2768 λόγος
855 2700 1210 2769 περιεργότερον
1244 2701 1329 2766 μὲν
1365 2702 1483 2768 η’περ
1522 2704 1681 2770 ἐχρῆν,

148 2902 210 2971 ΙΙΙὲ
227 2890 426 2935 φορέσομεν
444 2890 486 2925 Ε.
503 2889 709 2935 φορέσωμεν
728 2888 795 2924 Ed.
990 2901 1042 2932 14.
1069 2889 1269 2935 ἀφθαρσίαν
1289 2890 1328 2924 Ε.
1521 2901 1575 2925 20.
1603 2889 1686 2935 πρέ-

98 2952 162 2972 πον
215 2963 222 2972 .

831 3003 953 3045 3Q2

1705 346 1725 370 a
1765 337 1841 370 821
1856 336 1909 370 Α.

1706 993 1732 1035 b
1756 988 1762 1007 1
1778 979 1911 1009 ('‹›1·.XV.

1751 1032 1804 1063 49·

1748 2130 1834 2161 Hel).
1855 2131 1888 2162 11.

1751 2183 1800 2214 14.

1746 2383 1820 2422 Sap.
1841 2383 1860 2413 i.

1751 2435 1798 2466 14.

1707 2469 1734 2509 d
