2022 3272
130 146 230 186 xvii.
251 147 348 187 6—8.
385 147 453 187 IN
498 147 541 188 S.
576 147 915 187 ιΙΟΛΝΝΕΜ.
979 146 1103 186 LIB.
1137 147 1214 187 XI.
1277 147 1412 188 CAP.
1438 146 1540 187 VII.
1635 144 1716 184 685

132 260 282 317 θυμον
307 259 367 309 εἰς
394 255 603 320 ὑπακοὴν
629 261 724 310 τοῖς
750 255 1093 309 ἁνενδοιάστως
1127 255 1435 306 πιστεύουσιν
1460 258 1522 307 εἷς
1558 250 1715 303 αὐτόν.

132 339 257 406 φησὶ
296 337 389 403 γάρ
413 334 514 389 ’Ότι
551 337 611 390 ‘rga
647 340 826 408 ῥήματα
862 336 895 389 οἳ
929 334 1128 392 δέδωκάς
1160 361 1234 405 μοι
1262 333 1439 387 δέδωκα,
1466 338 1612 390 αὐτοῖς
1643 340 1719 385 καὶ

133 423 252 470 αὐτοὶ
294 419 458 479 ἔλαβον
494 425 570 471 καὶ
613 420 805 486 ἔγνωσαν
837 418 1010 480 ἀληθεῖς
1048 418 1110 470 ’ὄτι
1150 417 1281 488 παρα
1320 420 1394 469 σοῦ
1433 416 1601 486 ἑξῆλθον
1643 422 1721 467 καὶ

134 502 398 552 ἐπίστευσαν
443 502 503 553 ’ότι
550 501 606 553 σύ
651 526 710 570 με
759 503 1060 556 ἀπέστειλας·
1119 502 1298 570 ῥήματα
1349 505 1432 551 τοῦ
1473 503 1598 549 Θεοῦ
1649 502 1725 549 καὶ

93 595 115 633 5
139 582 342 650 Πατρὸς,
369 583 453 637 τὰς
490 585 655 635 ἑαυτοῦ
695 582 947 651 διαῤῥήδην
981 582 1223 649 ὀνομάζων
1260 580 1437 652 φωνὰς,
1468 580 1544 631 διὰ
1582 578 1636 630 τὸ
1676 580 1725 629 ἐν

137 667 277 734 οὐσίᾳ
302 665 488 728 ταύτὸν,
515 667 591 716 καὶ
616 667 803 731 ἐπείπερ
830 667 931 716 ἐστὶ
960 663 1082 718 Θεὸς
1109 663 1267 730 Λόγος
1302 668 1397 714 τῶν
1422 667 1506 714 τοῦ
1536 660 1728 727 Πατρός

138 748 419 811 θελημάτων
451 748 727 816 ἐκφαντικὸς
766 746 976 814 καθάπερ
1016 746 1180 810 ἀμέλει
1218 748 1293 797 καὶ
1333 747 1358 796 ὁ
1397 747 1447 795 ἐκ
1485 748 1579 794 τῶν
1611 743 1723 806 ἡμε-

138 830 283 896 τέρων
313 830 597 896 προκύπτων
627 829 899 893 στομάτων,
930 831 1004 880 καὶ
1040 832 1097 896 τῇ
1134 827 1252 894 πρὸς
1287 826 1341 878 τὸ
1377 827 1468 896 ἔξω
1505 827 1768 894 προφορᾷο

139 911 224 973 τὴν
249 917 332 962 τοῦ
357 912 506 965 πέλας
533 911 900 979 προσαράσσων
926 910 1084 976 ἀκοὴν,
1111 912 1186 962 καὶ
1212 910 1266 961 τὸ
1299 911 1346 960 ἐν
1372 911 1439 978 τῷ
1473 908 1610 970 βάθει
1647 911 1730 971 τῆς

75 1016 123 1040 10
141 994 331 1060 καρδίας
370 994 677 1060 διερμηνεύων
714 994 991 1060 μυστήριον.
1047 992 1286 1059 τοιγάρτοι
1326 993 1400 1042 καὶ
1439 990 1731 1060 προφητικός

141 1099 189 1126 τε
229 1078 333 1142 περὶ
373 1077 516 1127 αὑτοῦ
557 1076 702 1141 λόγος
745 1076 850 1145 ἔφη,
891 1075 961 1127 ὅτι
1001 1083 1027 1105 “
1048 1080 1260 1127 καλεῖται
1299 1072 1354 1124 τὸ
1395 1073 1543 1137 ὄνομα
1590 1073 1732 1123 αὐτοῦ
1794 1091 1848 1122 Es.
1865 1090 1907 1121 ix.
1926 1089 1957 1120 6.

145 1166 170 1187 “
202 1157 431 1224 Μεγάλης
475 1161 654 1222 βουλῆς
694 1157 944 1225 ἀ’γγελος.”
991 1157 1077 1222 τὴν
1116 1156 1209 1223 γὰρ
1251 1155 1397 1209 ὅντως
1436 1154 1648 1224 ἐξαίσιόν
1686 1176 1733 1204 τε

146 1242 221 1291 καὶ
262 1242 477 1307 ὑπερφυᾶ
515 1243 590 1291 καὶ
628 1241 843 1306 μεγάλην
875 1245 958 1291 τοῦ
993 1238 1207 1292 τεκόντος
1241 1236 1438 1301 βουλὴν,
1467 1238 1491 1287 ὁ
1530 1238 1578 1287 ἐν
1610 1236 1736 1304 αὐτῷ

148 1327 223 1373 καὶ
267 1322 323 1391 ἐξ
364 1323 506 1373 αὐτοῦ
552 1322 880 1389 διαπορθμεύει
921 1323 1093 1387 Λόγος,
1134 1320 1211 1372 διὰ
1253 1319 1340 1385 μὲν
1377 1318 1471 1386 γὰρ
1515 1317 1737 1386 ῥημάτων

82 1421 127 1457 15
147 1409 407 1473 προφορᾶς,
458 1407 519 1458 ὡς
569 1405 829 1470 ἄνθρωπος,
881 1404 956 1455 ὅτε
1007 1403 1173 1470 γέγονε
1223 1402 1331 1454 καθ’
1380 1401 1514 1465 ἡμᾶς,
1562 1399 1637 1450 διὰ
1689 1399 1738 1449 δὲ

148 1487 369 1553 γνώσεως
420 1489 495 1537 καὶ
547 1488 863 1556 φωταγωγίας
906 1488 1221 1550 πνευματικῆς
1264 1482 1382 1548 μετὰ
1426 1482 1512 1547 τὴν
1554 1486 1617 1536 εἷς
1661 1482 1738 1532 οὐ·

147 1567 317 1635 ρανοῦς
355 1568 607 1630 ἀνάβασιν·
659 1568 983 1620 ἀποκαλύπτει
1021 1567 1115 1634 γὰρ
1155 1571 1251 1620 τοῖς
1289 1565 1438 1635 ἀξίοις
1476 1563 1536 1615 τὰ
1574 1566 1784 1615 ἑαυτοῦά

150 1650 402 1717 μυστήρια,
442 1653 517 1702 καὶ
557 1650 848 1718 μαρτυρήσει
894 1650 1049 1716 λέγων
1089 1651 1114 1700 ὁ
1161 1652 1358 1702 Παῦλος
1398 1650 1503 1698 “Εὶ
1544 1644 1739 1710 δοκιμὴν
1802 1657 1904 1715 {fusor-

153 1742 179 1764 ‘⁶
206 1733 378 1799 ζητεῖτε
411 1739 493 1784 τοῦ
527 1735 575 1784 ἐν
609 1735 708 1797 ἐμοὶ
747 1737 1009 1786 λαλοῦντος
1041 1735 1260 1797 Χριστοῦ
1282 1730 1325 1792 ;’'
1800 1710 1867 1731 ΚΜ
1888 1707 1919 1738 3-

87 1839 135 1864 20
230 1816 574 1883 Μεμαρτύρηκε
614 1816 768 1867 τοίνυν
808 1820 904 1868 τοῖς
945 1816 1199 1880 ἀγαπῶσιν
1239 1810 1395 1874 αὐτὸν,
1440 1813 1502 1864 ὡς
1547 1808 1738 1875 προσή-

155 1922 297 1950 καντο
356 1901 431 1948 καὶ
487 1896 771 1964 τετηρήκασι
831 1895 938 1950 τοὺς
998 1895 1219 1947 δοθέντας
1283 1894 1408 1962 αὐτῷ
1470 1889 1601 1958 παρὰ
1661 1895 1744 1941 τοῦ

159 1980 351 2046 Πατρὸς
400 1977 590 2046 λόγους·
656 1977 1111 2047 πεπληροφόρηνται
1161 1974 1210 2026 δὲ
1260 1974 1380 2041 πρὸς
1430 1973 1626 2036 τούτοις,
1676 1971 1746 2023 ὅτι

156 2064 266 2129 παρ’
333 2063 475 2113 αὐτοῦ
538 2062 710 2131 ἐξῆλθε
774 2062 850 2112 καὶ
917 2059 1232 2120 ἀπέσταλται,
1296 2056 1597 2119 διακειμένων
1661 2055 1749 2122 οὐχ

159 2147 280 2196 οὕτω
343 2149 438 2195 τῶν
495 2143 580 2208 τὴν
634 2144 847 2194 ἐναντίαν
907 2141 1176 2193 νοσούντων
1236 2137 1474 2191 ὑπόνοιαν.
1555 2140 1596 2188 οἱ
1655 2135 1749 2202 γὰρ

92 2242 140 2281 25
161 2227 277 2292 μήτε
327 2225 680 2293 προσηκάμενοι
729 2224 838 2279 τοῦς
887 2225 995 2290 παρ’
1050 2223 1193 2273 αὐτοῦ
1245 2220 1433 2286 λόγους,
1485 2217 1601 2283 μήτε
1658 2216 1751 2281 μὴν

162 2309 410 2376 ἐλευθέραν
460 2307 750 2375 τηρήσαντες
799 2305 886 2371 τὴν
935 2305 1117 2367 πίστιν,
1168 2304 1273 2354 οὔτε
1325 2301 1601 2365 διετέθησαν
1648 2300 1752 2350 οὔτε

161 2390 555 2449 πεπιστεύκασιν,
596 2392 657 2443 ὡς
694 2388 872 2458 ἐξῆλθέ
903 2411 952 2439 τε
990 2385 1121 2453 παρὰ
1153 2389 1280 2436 Θεοῦ
1318 2386 1394 2435 καὶ
1432 2384 1749 2434 ἀπέσταλται.

165 2475 241 2524 καὶ
279 2478 394 2538 γοῦν
432 2472 646 2540 ἔφασκον
676 2472 905 2533 Ἰουδαῖοι,
936 2467 1051 2520 ποτὲ
1088 2467 1173 2532 μέν
1207 2469 1315 2517 “El
1352 2463 1411 2529 ἦν
1450 2464 1584 2518 οὗτος
1621 2462 1753 2529 παρὰ
1815 2478 1924 2529 ‘Supra

167 2562 193 2584 ‘⁶
221 2558 347 2605 Θεοῦ
382 2554 406 2603 ὁ
442 2553 707 2619 ἄνθρωπος,
736 2553 819 2603 οὐκ
852 2550 909 2602 ἂν
935 2549 1042 2602 ἐ’λυε
1075 2549 1129 2600 τὸ
1167 2547 1461 2609 σάββατον,”
1491 2548 1568 2596 καὶ
1605 2545 1753 2596 πάλιν
1813 2533 1857 2553 1x.
1877 2521 1927 2552 16.

98 2643 195 2695 30⁶⁶
218 2637 384 2699 Ἡμεῖς
422 2641 504 2686 τοῦ
543 2633 791 2688 Μωυσέως
829 2632 973 2696 ἐσμὲν
1011 2630 1232 2695 μαθηταί·
1287 2629 1416 2692 ἡμεῖς
1455 2627 1645 2691 οἴδαμεν
1683 2625 1755 2677 ὅτι
1816 2649 1937 2684 Ib.28‚

170 2725 196 2747 ‘⁶
227 2719 419 2785 Μωυσῇ
459 2716 725 2781 λελάληκεν
755 2718 780 2767 ὁ
814 2714 949 2778 Θεὸς,
981 2719 1144 2764 τοῦτον
1181 2710 1229 2762 δὲ
1269 2711 1351 2761 οὐκ
1390 2708 1579 2772 οἴδαμεν
1610 2707 1756 2760 πόθεν
1820 2703 1870 2733 ²9'

174 2949 198 2982 h
221 2912 277 2981 l12.
298 2900 363 2981 ἑὴν
381 2899 422 2934 Ε.
440 2900 498 2934 τὸν
515 2897 694 2944 (asterisco
713 2895 888 2939 notatum)
909 2893 974 2928 Ed.
1088 2900 1142 2937 15.
1169 2891 1223 2925 ὅτε
1243 2890 1286 2924 Ε.
1304 2889 1355 2924 ὅτι
1375 2888 1441 2923 Ed.
1554 2898 1611 2932 31.
1637 2889 1757 2931 μωυσῇ

201 2954 279 2982 aJet
312 2947 339 2981 “.
