2037 3266
337 137 422 176 634
737 139 790 180 B.
822 139 1098 181 CYRILLI
1138 141 1521 182 ALEXANDR.
1747 139 1832 180 xvi.
1854 149 1917 189 14.

337 247 420 308 τῆς
444 246 628 298 ἐκείνων
653 247 861 302 εὐκλείας
886 250 1305 314 μειονεκτούμενον.
1351 255 1545 301 τοιαῦτα
1575 248 1668 316 γὰρ
1695 247 1764 299 ἐπ’
1793 247 1920 314 αὐτῷ

337 328 694 395 πεφρονηκότας
729 329 990 396 εὑρήσομεν
1024 330 1132 385 τοὺς
1166 335 1261 382 τῶν
1295 331 1535 383 Ἰουδαίων
1568 327 1852 396 καθηγητὰς,
1877 325 1921 378 οῗ

339 411 422 472 τῆς
460 410 699 472 εὐσεβείας
733 412 816 462 οὐκ
853 411 1023 465 εἰδότες
1060 411 1114 463 τὸ
1149 411 1425 480 μυστήριον,
1461 411 1642 480 συχνὰς
1680 413 1921 462 ἐποιοῦντο

338 489 423 543 τὰς
472 491 592 542 κατὰ
642 498 726 543 τοῦ
767 497 984 559 Χριστοῦ
1034 495 1320 562 δυσφημίας,
1365 497 1439 545 καὶ
1484 499 1580 547 τοῖς
1623 493 1731 559 παρ’
1779 491 1921 542 αὐτοῦ

511 573 524 590 Ι
675 573 687 589 ἱ
756 578 765 592 9
808 574 818 593 Ι
921 577 931 590 )
987 573 997 589 Ι
1177 577 1187 591 2
1322 575 1335 589 Ι
1643 573 1656 592 Χ
1723 573 1734 591 ἱ
1803 572 1827 591 ³!

117 581 205 615 929
220 580 274 618 A·
299 590 322 615 a
340 577 611 637 λεγομενοις
636 597 721 638 την
753 577 872 625 ιδιαν
905 597 1132 626 απονοιαν
1162 575 1515 645 αντεξαγοντες,
1542 597 1656 627 ποτε
1679 596 1763 638 μεν
1797 576 1917 641 εφα-
1940 584 1963 624 5

115 641 223 690 8910Γῆ

113 694 181 716 vm.
202 693 253 725 25.

115 727 164 759 lb.
182 737 233 769 52,

114 779 167 811 53·

112 972 220 1011 Supra

115 1025 160 1046 νι.
175 1028 225 1055 42.

109 2444 198 2475 Heb.
214 2443 262 2476 iv.

113 2496 163 2527 13.

339 676 460 704 σκον
511 661 537 684 “
558 654 627 705 Σὺ
669 656 738 709 τίς
788 653 861 718 εἶ;
919 656 1147 723 Ἀβραὰμ
1205 658 1407 708 ἀπέθανε
1460 659 1535 708 καὶ
1587 659 1628 707 οἱ
1680 656 1921 723 προφῆται

339 741 367 764 “
393 735 644 799 ἀπέθανον,
671 738 746 787 καὶ
772 736 837 787 σὺ
862 737 1014 804 λε’γεις
1049 738 1167 789 Ἐάν
1193 761 1262 792 τις
1289 738 1372 790 τὸν
1398 737 1510 803 ἐμὸν
1536 736 1686 803 λόγον
1720 735 1920 803 τηρήσῃ,

337 822 365 844 “
392 817 597 868 θοίνατον
623 819 676 868 οὐ
714 818 779 882 μὴ
806 818 880 887 ’ίδῃ
907 823 969 873 εἰς
994 821 1077 870 τὸν
1116 824 1276 871 αἰῶνα·
1330 821 1433 871 τίνα
1472 818 1674 871 σεαυτὸν
1697 821 1841 871 ποιεῖς
1861 838 1874 878 ;
1894 816 1918 832 '⁵

335 897 449 948 ποτὲ
488 897 538 948 δὲ
577 898 724 950 πάλιν
762 899 848 964 τὴν
885 907 969 952 τοῦ
1008 900 1128 952 κατὰ
1166 901 1325 968 σάρκα
1358 902 1521 968 γε’νους
1559 900 1806 962 εὐτέλειαν,
1844 898 1921 949 καὶ

335 978 390 1030 τὸ
422 980 532 1031 λίαν
567 980 756 1045 ἄσημον
794 983 842 1032 ἐν
873 982 1024 1052 τούτῳ
1059 982 1443 1049 κατονειδίζοντες
1482 990 1509 1013 “
1531 984 1640 1050 Οὐχ
1670 980 1764 1035 υἱός
1789 982 1920 1032 ε’στιν

337 1068 364 1092 “
389 1061 577 1130 Ἰωσὴφ
629 1062 779 1125 οὗτος,
827 1063 882 1114 οῦ
927 1064 1055 1127 ἡμεῖς
1106 1063 1293 1129 οἴδαμεν
1345 1064 1428 1116 τὸν
1478 1065 1658 1131 πατέρα
1708 1065 1784 1114 καὶ
1833 1060 1920 1126 τὴν

335 1149 363 1172 “
388 1143 596 1209 μητέρα,
642 1149 744 1199 πῶς
771 1145 852 1195 οῦν
879 1144 1004 1210 λέγει
1031 1144 1102 1196 ὅτι
1132 1148 1182 1196 ἐκ
1207 1153 1290 1197 τοῦ
1317 1147 1515 1214 οὐρανοῦ
1541 1145 1845 1209 καταβέβηκα
1866 1144 1917 1207 ;”

336 1225 448 1293 ὁρᾷς
487 1227 536 1275 ἐν
574 1225 756 1279 τούτοις
792 1227 1062 1278 Ἰουδαϊκῶν
1101 1227 1360 1292 ἀθλιότητα
1399 1232 1686 1294 λογισμῶν;
1743 1229 1916 1277 διακει-

290 1309 316 1350 b
334 1305 486 1370 με’νων
525 1307 606 1357 οῦν
645 1307 736 1373 ὁίρα
767 1312 862 1358 τῶν
899 1313 1115 1371 πολλῶν,
1158 1309 1408 1373 οἰηθέντων
1441 1332 1492 1360 τε
1535 1308 1655 1360 κατὰ
1695 1306 1919 1372 ἀλήθειαν

335 1389 418 1438 οὐκ
465 1386 580 1438 εἶναι
624 1387 749 1439 Θεὸν
794 1389 877 1440 τὸν
920 1389 1117 1456 Κύριον,
1163 1390 1238 1441 διὰ
1283 1389 1337 1441 τὸ
1387 1392 1608 1457 ἐπίκηρον
1658 1391 1785 1442 τουτὶ
1835 1393 1918 1440 τοῦ

333 1469 558 1532 σώματος
583 1473 763 1536 σχῆμα,
791 1472 867 1521 καὶ
900 1471 1284 1538 χθαμαλωτάτην
1308 1475 1413 1538 περὶ
1442 1473 1584 1523 αὐτοῦ
1614 1472 1699 1536 τὴν
1732 1469 1913 1534 ὑπόλη-

331 1554 422 1619 ψιν
473 1551 528 1601 οὐ
578 1552 960 1602 καταδεισοίντων
1010 1554 1145 1614 ἑλεῖν,
1196 1553 1469 1621 φανοτοίτην
1519 1558 1614 1606 τοῖς
1666 1554 1815 1619 ἁγίοις
1864 1550 1918 1602 τὸ

333 1635 530 1695 Πνεῦμα
574 1631 659 1695 τὴν
701 1632 846 1700 δόξαν
889 1634 1032 1684 αὐτοῦ
1077 1638 1438 1703 καταφοιτῆσαν
1477 1636 1630 1686 ἐτίθει·
1694 1637 1770 1685 καὶ
1814 1634 1920 1701 οὐχὶ

331 1711 522 1767 πάντως
541 1712 713 1782 φαμὲν,
734 1716 795 1767 ὡς
823 1713 879 1778 δὴ
901 1713 1046 1778 μόνον
1073 1715 1236 1782 λόγοις
1262 1716 1429 1770 αὐτοῦς
1450 1718 1712 1768 ἀναπεῖσαν
1731 1719 1919 1784 σοφοῖς,

331 1793 464 1844 ἀλλὰ
483 1797 559 1845 καὶ
579 1796 626 1845 ἐν
645 1796 881 1864 ἀποδείξει
898 1796 1194 1862 πραγμάτων
1213 1796 1298 1862 τὴν
1315 1797 1519 1849 ἑκάστου
1534 1800 1919 1866 πληροφορῆσαν

291 1898 313 1925 c
332 1875 557 1938 διάνοιαν,
588 1876 659 1927 ὅτι
692 1879 766 1927 καὶ
797 1877 918 1931 Θεὸς
951 1880 1158 1943 άληθῶς,
1188 1880 1264 1929 καὶ
1301 1879 1479 1945 καρπός
1506 1881 1609 1931 ε’στι
1642 1882 1725 1943 τῆς
1755 1878 1920 1932 οὐσίας

329 1964 413 2009 τοῦ
445 1962 571 2009 Θεοῦ
609 1961 685 2009 καὶ
721 1958 927 2025 Πατρός.
980 1961 1049 2014 τίς
1088 1961 1170 2011 οῦν
1208 1961 1237 2025 ἡ
1276 1960 1529 2029 ἀπόδειξις,
1559 1960 1588 2025 ἢ
1614 1965 1715 2015 πῶς
1753 1962 1920 2012 εὐκλεᾶ

329 2041 405 2090 καὶ
443 2040 702 2106 περίοπτον
746 2041 886 2091 ἐποίει
931 2041 1184 2107 Χριστόνς
1247 2041 1522 2111 παράδοξον
1560 2042 1654 2110 γὰρ
1696 2044 1772 2093 καὶ
1813 2046 1916 2093 θεο-

328 2124 486 2187 πρεπῆ
531 2120 617 2185 τὴν
650 2122 723 2190 ἐφ’
763 2121 945 2174 ἅπασιν
983 2123 1217 2189 ἐνέργειαν
1255 2123 1383 2190 ἕχον,
1424 2126 1499 2174 καὶ
1539 2123 1625 2188 τὴν
1660 2128 1754 2175 τῶν
1792 2123 1920 2175 ὅλων

330 2202 510 2267 ε’ίδησιν
559 2204 731 2268 ἀκριβῆ
788 2208 885 2258 τοῖς
935 2205 1085 2270 ἁγίοις
1134 2206 1409 2273 ἐμφυτεῦον,
1460 2206 1586 2274 αὐτῷ
1637 2205 1723 2269 τὴν
1774 2205 1920 2274 δόξαν

330 2284 727 2349 ἐπραγματεύετο.
773 2285 1021 2336 ἀναθετέον
1047 2284 1141 2351 γὰρ
1166 2285 1286 2353 μόνῃ
1321 2291 1379 2354 τῇ
1413 2291 1508 2337 τῶν
1543 2286 1670 2337 ὅλων
1701 2287 1920 2347 βασιλίδι

332 2363 491 2431 φύσει,
530 2363 585 2415 τὸ
625 2364 783 2416 ποίντα
818 2365 997 2429 εἰδέναι,
1029 2365 1337 2421 διδάσκοντος
1376 2366 1574 2430 οὐδενὸς,
1609 2371 1685 2418 καὶ
1719 2367 1839 2435 ἔχειν
1872 2369 1920 2418 ἐν

333 2446 618 2513 ὀφθαλμοῖς,
662 2446 819 2512 γυμνά
869 2469 918 2497 τε
969 2449 1045 2498 καὶ
1096 2449 1520 2516 τετραχηλισμένα,
1567 2453 1827 2516 κατορθοῦν
1870 2471 1919 2500 τε

288 2529 315 2571 d
334 2526 580 2590 δύνασθαι,
608 2530 683 2578 καὶ
708 2529 818 2578 λίαν
844 2529 1059 2591 εὐπετῶς,
1085 2533 1180 2580 πᾶν
1207 2529 1321 2596 ὅπερ
1345 2529 1403 2581 ἂν
1427 2530 1666 2590 βούλοιτο.

408 2607 609 2677 Δοξάζει
648 2615 900 2676 τοιγαροῦν
934 2609 1016 2661 τὸν
1041 2609 1159 2661 Υὶὸν
1194 2612 1219 2661 ὁ
1257 2611 1585 2677 Παράκλητος,
1612 2611 1840 2673 τουτέστι,
1866 2611 1920 2662 τὸ

332 2689 448 2741 ’ίδιον
474 2691 617 2742 αὐτοῦ
646 2695 859 2755 Πνεῦμα,
891 2691 1049 2743 πάντα
1077 2692 1245 2759 ἰσχύον
1271 2694 1346 2743 καὶ
1371 2693 1527 2744 πάντα
1552 2692 1684 2747 εἶδός.
1739 2691 1920 2761 δοξάζει

384 2885 436 2919 13·
462 2875 661 2918 ἀθλιότητος
682 2875 722 2909 Ε.
945 2884 999 2921 27.
1027 2876 1064 2910 τὸ
1084 2882 1306 2921 assumptum
1325 2888 1364 2910 ex
1386 2876 1427 2910 E.
1668 2887 1772 2921 30-p.
1787 2876 1867 2921 636,
1885 2888 1919 2918 4.

334 2921 442 2956 citant
460 2934 494 2966 q.
512 2921 650 2956 Veccus
670 2921 791 2966 Epigr„
812 2934 843 2955 v,

1943 998 1992 1025 10

1940 1820 1989 1844 20

1940 2632 1990 2668 30
