2022 3272
139 139 223 178 xiii.
245 152 311 194 33.
521 140 584 179 IN
630 139 673 179 S.
707 139 1046 179 JOANNEM.
1110 139 1237 179 LIB.
1272 140 1347 179 lx.
1641 134 1716 177 381

139 249 230 314 ε”φη
265 247 493 314 Χριστὸς,
526 250 611 315 οὐχ
650 250 711 301 ὡς
749 246 1037 316 ἀφεστήξων
1067 252 1327 310 παντελῶς,
1357 247 1461 297 οὐδὲ
1501 250 1562 299 εἰς
1602 244 1727 295 ἅπαν

1789 323 1955 354 &matth

140 333 214 380 καὶ
241 330 517 396 ὁλοκλήρως
543 329 955 396 ἀλλοτριούμενος·
985 330 1092 392 μεθ’
1122 330 1255 393 ἡμῶν
1279 328 1372 396 γάρ
1400 331 1503 379 ἐστι
1524 335 1549 356 “
1567 326 1728 381 πάσας
1791 369 1954 399 xxviiino.

141 419 167 442 ‘⁶
192 412 276 467 τὰς
303 412 475 478 ἡμέρας
502 414 577 462 καὶ
606 412 688 465 ἕως
721 415 803 474 τῆς
834 411 1109 465 συντελείας
1140 417 1222 462 τοῦ
1259 409 1464 473 αἱῶνος,”
1494 409 1615 460 κατὰ
1644 409 1730 472 τὴν

140 496 282 545 αὐτοῦ
319 494 499 563 φωνήν·
543 495 653 544 ἀλλ’
683 494 754 544 ὅτι
789 493 906 556 μετὰ
943 493 1121 560 σαρκὸς
1159 495 1212 544 ού
1248 493 1492 554 συνέσται,
1520 491 1731 556 καθάπερ

99 575 270 643 5ἐχθές
309 579 384 628 καὶ
423 577 601 642 τρίτην·
659 575 715 640 ἦν
754 575 803 626 δὲ
846 578 922 626 καὶ
964 577 1038 627 ἐπὶ
1078 576 1252 642 θύραις,
1292 580 1484 639 μᾶλλον
1528 573 1575 625 δὲ
1619 574 1774 624 ε’ίσωο

140 663 315 725 θυρῶν,
352 660 377 709 ὁ
415 658 574 725 καιρὸς
609 661 692 722 τῆς
727 660 939 709 ἐντεῦθεν
970 659 1233 722 ἀποδημίας
1270 657 1390 725 πρὸς
1427 656 1510 708 τὸν
1542 655 1735 721 Πατέρα

140 744 216 791 καὶ
249 744 332 804 τῆς
365 740 536 792 ἀνόδου
573 744 656 805 τῆς
696 745 757 794 εἷς
796 740 1009 807 οὐρανόν.
1062 743 1327 791 διακεῖσθαι
1366 739 1414 791 δὲ
1454 741 1549 790 δεῖν
1585 741 1731 803 ἀναγ-

141 828 272 874 καῖον
299 821 419 874 εἷναί
450 828 586 892 φημι,
614 822 721 877 τοὺς
747 824 867 888 οἵγε
902 827 1167 890 φρονοῦσιν
1193 824 1343 889 ὀρθῶς
1379 824 1453 873 καὶ
1489 821 1735 888 ἱδρυμένην

141 906 305 974 ἔχουσι
343 904 430 969 τὴν
463 907 642 967 πίστιν,
677 908 739 959 ὡς
777 909 815 956 εὶ
855 907 930 955 καὶ
969 904 1171 956 ἄπεστιν
1201 906 1334 969 ἡμῶν
1368 909 1426 972 τῇ
1465 905 1621 969 σαρκὶ,
1649 902 1735 966 τὴν

76 1009 124 1035 10
140 987 259 1055 πρὸς
292 986 418 1039 Θεὸν
445 990 521 1038 καὶ
551 988 744 1054 Πατέρα
778 987 1086 1051 στειλάμενος
1121 988 1402 1051 ἀποδημίαν,
1431 987 1539 1037 ἀλλ’
1570 986 1651 1036 οὖν
1677 988 1735 1052 τῇ

141 1072 243 1140 θείᾳ
287 1070 476 1134 δυνάμει
519 1070 725 1137 περιέπει
769 1068 828 1120 τὰ
866 1070 1138 1134 σύμπαντα,
1179 1072 1255 1120 καὶ
1293 1068 1600 1135 συμπάρεστι
1639 1072 1735 1120 τοῖς

1796 1143 1954 1175 11).)ςηϊῑ.

141 1155 397 1220 ἀγαπῶσιν
429 1153 586 1204 αὐτόν.
643 1152 719 1204 διὰ
757 1151 852 1219 γάρ
890 1175 961 1203 τοι
999 1157 1139 1203 τοῦτο
1178 1154 1255 1202 καὶ
1293 1151 1504 1220 ἔφασκεν
1530 1149 1735 1213 (ςἈμὴν
1798 1196 1848 1218 20.

143 1244 170 1266 “
197 1235 320 1300 ἀμὴν
347 1236 475 1301 λέγω
512 1237 631 1299 ὑμῖν,
661 1235 780 1286 ὅπου
815 1234 894 1285 ε’ἀν
921 1239 1205 1302 συναχθῶσι
1241 1234 1323 1286 δύο
1359 1234 1386 1299 ἢ
1426 1239 1546 1299 τρεῖς
1583 1237 1646 1286 εἷς
1679 1230 1733 1283 τὸ

144 1326 170 1349 “
198 1318 309 1382 ἐμὸν
361 1318 524 1382 ὄνομα,
576 1319 673 1368 ἐκεῖ
717 1321 809 1381 εἰμι
858 1318 907 1367 ἐν
957 1317 1091 1386 μέσῳ
1143 1316 1343 1368 αὑτῶν.”
1419 1314 1583 1381 ὥσπερ
1640 1314 1780 1380 γάρό.

77 1417 124 1456 15
144 1402 408 1468 ἀνθρώποις
449 1401 515 1451 ε”τι
553 1399 960 1462 συνδιαιτώμενος,
999 1401 1074 1450 καὶ
1113 1401 1187 1450 ἐπὶ
1227 1402 1314 1464 γῆς
1354 1398 1579 1466 ὑπάρχων
1617 1397 1736 1462 μετὰ

143 1483 342 1551 σαρκὸς,
381 1482 590 1549 ἐπλήρου
628 1482 713 1547 μὲν
752 1480 989 1548 οὐρανοὺς,
1026 1485 1178 1546 συνῆν
1216 1481 1265 1532 δὲ
1305 1482 1411 1532 τότε
1451 1485 1547 1534 τοῖς
1587 1480 1737 1546 ἁγίοις

144 1566 385 1634 ἀγγέλοις,
415 1567 498 1617 οὐκ
525 1563 806 1616 ἀπελείπετό
831 1588 881 1615 τε
907 1569 1002 1615 τῶν
1029 1565 1125 1615 ἄνω
1159 1564 1344 1632 χώρων·
1384 1565 1506 1615 οὕτω
1542 1565 1617 1615 καὶ
1653 1569 1737 1613 νῦν

145 1649 370 1717 ὑπάρχων
395 1650 443 1699 ἐν
469 1649 681 1714 οὐρανοῖς
707 1645 826 1710 μετὰ
853 1650 934 1711 τῆς
961 1648 1077 1701 ἰδίας
1108 1646 1301 1714 σαρκὸς,
1328 1651 1512 1713 πληροῖ
1540 1645 1625 1709 μὲν
1651 1644 1737 1709 τὴν

144 1735 250 1798 γῆν,
278 1731 478 1782 σύνεστι
516 1730 565 1781 δὲ
602 1735 700 1784 τοῖς
735 1731 900 1780 ἑαυτοῦ
938 1730 1205 1795 γνωρίμοις.
1260 1728 1467 1795 ἐπιτήρει
1502 1728 1551 1779 δὲ
1587 1728 1732 1790 ὅπως,

77 1832 126 1858 20
145 1815 295 1866 καίτοι
352 1813 472 1865 κατὰ
529 1811 680 1877 μόνην
733 1812 820 1877 τὴν
874 1811 1035 1878 σάρκα
1090 1812 1373 1880 χωρίζεσθαι
1430 1814 1732 1877 προσδοκῶν·

145 1896 345 1948 σύνεστι
376 1895 470 1962 γὰρ
505 1896 615 1959 ἡμῖν
641 1898 699 1962 τῇ
733 1893 923 1958 δυνάμει
957 1897 1040 1957 τῆς
1076 1893 1297 1958 θεότητος
1333 1893 1407 1944 διὰ
1442 1891 1633 1945 παντός·
1675 1891 1737 1942 ἔτι

145 1980 294 2048 μικρὶν
345 1979 486 2048 χρόνον
536 1976 633 2045 μεθ’
683 1977 817 2040 ἡμῶν
873 1976 1077 2026 ἔσεσθαί
1129 1981 1266 2045 φησι,
1314 1977 1503 2028 τελείως
1553 1998 1604 2025 τε
1660 1975 1737 2025 καὶ

147 2061 424 2126 ὁλοκλήρως
474 2058 640 2110 ἑαυτὸν
685 2058 779 2110 ἀπὸ
830 2064 914 2109 τοῦ
958 2059 1127 2124 μέρους
1171 2059 1434 2122 σημαίνων,
1480 2058 1556 2107 ἵνα
1600 2055 1775 2120 μήτιςθ

145 2148 208 2197 εἷς
247 2147 359 2195 υἱῶν
397 2140 545 2193 δυάδα
584 2141 843 2205 διατέμνειν
877 2143 1086 2208 ἐπιχειρῇ
1125 2139 1209 2191 τὸν
1242 2140 1322 2191 ἕνα
1358 2137 1588 2207 Χριστὸν,
1622 2139 1734 2188 ἀλλ’

78 2238 125 2276 25
146 2227 209 2279 ὡς
247 2226 295 2277 ἕν
326 2248 371 2277 τι
410 2229 493 2292 νοῇ
532 2228 607 2275 καὶ
646 2223 841 2291 δέχοιτο,
870 2225 945 2274 καὶ
984 2222 1067 2274 τὸν
1100 2225 1150 2274 ἐκ
1184 2226 1309 2274 Θεοῦ
1343 2221 1534 2289 Πατρὸς
1569 2243 1736 2288 γεννη-

146 2307 286 2373 θέντα
330 2305 493 2374 Λόγον
539 2308 616 2357 καὶ
665 2305 748 2357 τὸν
793 2307 842 2357 ἐκ
886 2309 969 2370 τῆς
1020 2305 1159 2372 ἁγίας
1209 2305 1445 2372 παρθένου
1489 2303 1737 2374 ληφθέντα

146 2389 272 2451 ναὸν,
312 2391 399 2457 οὐχ
433 2389 505 2441 ὅτι
542 2392 625 2453 τῆς
663 2390 806 2452 αὐτῆς
844 2388 1009 2442 οὐσίας
1048 2390 1184 2451 εἰσὶν,
1227 2388 1338 2439 ἀλλ’
1379 2388 1450 2439 ὅτι
1492 2385 1610 2450 μετὰ
1650 2385 1737 2449 τὴν

147 2471 350 2538 ἄῤῥητον
389 2472 573 2533 ἕνωσιν,
612 2472 637 2522 ὁ
675 2477 759 2521 τοῦ
798 2471 1063 2522 διακόπτειν
1101 2469 1247 2537 λόγος
1286 2472 1369 2521 οὐκ
1408 2469 1625 2534 εὐσεβής·
1673 2466 1736 2521 εἷς

146 2552 241 2619 γὰρ
268 2553 326 2621 ἐξ
348 2554 529 2621 ἀμφοῖν
555 2554 580 2603 ὁ
606 2552 837 2619 Χριστός.

193 2714 228 2750 5.
255 2705 309 2739 καὶ
327 2705 384 2738 alt.
403 2709 625 2749 assumptum
643 2716 685 2738 ex
703 2703 746 2738 E.
941 2713 992 2736 10.
1020 2701 1094 2747 οὖν]
1115 2701 1174 2736 οὖν
1190 2717 1228 2747 γε
1249 2702 1290 2736 Ε.
1454 2713 1506 2746 13.
1533 2700 1733 2746 συναχθῶσι

148 2752 190 2787 Ε.
210 2751 436 2797 συναχθέντες
452 2750 518 2786 ὦσι
539 2750 604 2785 Ed.
750 2748 804 2784 26.
831 2749 1104 2794 προσληφθέντα
1121 2761 1151 2783 a.
1171 2749 1288 2783 invitis
1307 2761 1336 2783 c.
1358 2746 1465 2783 Cord.
