2001 3231
313 98 366 139 16
703 99 752 140 B.
787 99 1061 142 CYRILLI
1102 101 1485 143 ALEXANDR.
1719 100 1804 142 viii.
1825 112 1891 156 23.

270 205 438 272 ολέγω
476 210 578 259 Οὐκ
620 210 712 277 εἶμί
750 213 902 277 φησιν
935 209 987 261 ἐκ
1025 212 1097 261 τοῧ
1137 210 1307 278 κόσμου
1345 209 1505 261 τούτου.
1562 210 1729 261 οὐκοῦν
1766 210 1894 259 ἀντι-

309 292 535 355 παραθεὶς
574 294 636 343 εἰς
681 294 863 356 γνῶσιν
908 289 994 354 τὴν
1042 290 1241 356 θεότητα
1287 295 1354 361 τῷ
1396 289 1577 360 κόσμῳ,
1616 290 1763 342 τούτου
1807 288 1894 353 μὲν

309 371 465 440 ἐκείνῳ
516 373 723 435 δίδωσιν,
773 372 938 423 ἑαυτὸν
984 371 1031 423 δὲ
1083 376 1149 442 τῷ
1199 373 1498 440 γεγεννηκότι
1549 376 1657 442 Θεῷ
1707 375 1783 423 καὶ
1834 375 1893 439 τῇ

308 452 532 503 ἀνωτάτω
570 459 743 505 πασῶν
775 455 916 523 οὐσίᾳ
953 455 1223 521 προσνέμει.

381 574 408 595 ,,
435 535 578 586 Ἀλλ’
607 535 739 586 οὐδὲν
775 536 1000 600 ἀδικήσει,
1028 538 1166 605 φησὶ,
1193 540 1287 586 τῶν
1313 534 1535 602 ἀγγέλων
1568 535 1654 600 τὴν
1686 535 1836 604 φύσιν
1867 537 1892 587 ὃ
1913 552 1935 591 5

307 655 334 677 ,,
363 615 486 670 Θεὸς
524 619 599 667 καὶ
641 616 822 684 Πατὴρ,
863 622 899 668 εὶ
937 617 1002 681 μὴ
1041 617 1223 672 τούτοις
1261 617 1407 681 αὐτὴν
1446 617 1513 672 οἷς
1552 621 1628 669 καὶ
1666 617 1749 668 τὸν
1775 618 1894 669 Υὶὸν

307 736 335 759 ,,
363 696 483 762 ε”γνω
509 703 662 762 τιμᾶν.
720 699 880 750 ἄδικον
907 699 1000 765 γὰρ
1036 701 1250 763 οὐδαμῶς
1284 700 1533 768 ἀποφαίνει
1565 699 1648 750 τὸν
1675 698 1813 762 Θεὸν,
1838 698 1892 750 τὸ

307 818 334 840 ,,
362 780 411 830 ἐν
437 784 494 848 τῇ
522 781 670 831 κτίσει
695 782 926 844 ποικίλον,
951 780 979 846 ὴ
1015 785 1082 851 τῷ
1116 780 1303 851 ἑκάστῳ
1337 781 1610 848 πρεπόντως
1646 782 1894 846 ἀπονέμειν

307 900 335 923 ,,
359 860 445 925 τὴν
471 861 630 931 δόξαν,
658 864 755 914 ἐπεὶ
791 863 912 914 κατά
943 886 1048 914 τινα
1074 863 1251 930 τρόπον
1277 864 1407 928 ἡμεῖς
1434 863 1655 930 ἀγγέλων
1678 862 1893 927 ἠλαττώ-

308 983 334 1005 ,,
361 947 495 1006 μεθα,
535 944 684 995 καίτοι
723 945 901 996 δίκαιον
939 943 1054 996 εἶναι
1090 947 1435 1011 ὁμολογοῦντες
1473 944 1556 996 τὸν
1583 944 1723 996 Θεόν·
1779 944 1893 1011 ὅπερ
1916 966 1965 992 10

308 1064 336 1086 ‚‚
363 1025 444 1075 οὖν
484 1026 612 1089 ἡμεῖς
652 1026 771 1093 πρὸς
812 1025 1067 1092 ἀγγέλους,
1112 1033 1251 1078 τοῦτο
1294 1030 1369 1078 καὶ
1410 1027 1609 1092 ἄγγελοι
1652 1026 1771 1092 πρὸς
1810 1026 1894 1077 τὸν

263 1114 290 1155 d
308 1146 336 1168 ,,
362 1106 492 1157 Υὶόν·
531 1114 875 1175 παραχωροῦσι
901 1108 948 1159 δε
976 1111 1037 1162 ὡς
1062 1109 1265 1172 ἀμείνονι
1292 1111 1367 1160 καὶ
1393 1132 1446 1160 το
1473 1111 1521 1160 ἐν
1546 1106 1821 1174 μείζοσιν
1780 1113 1894 1159 εἰναι

306 1229 335 1251 ,,
361 1193 528 1250 τιμαῖς,
556 1188 584 1253 ἡ
611 1191 658 1240 ἐν
685 1188 857 1255 αῖσπερ
885 1194 1004 1240 εἰσιν
1032 1190 1195 1240 αὐτοί.’

381 1271 540 1334 ”,Αλλ
559 1269 596 1321 ὠ
622 1270 862 1332 βελτιστε·
891 1270 1040 1322 πάλιν
1060 1273 1252 1338 ε’ρουμεν
1272 1269 1354 1322 τὸν
1381 1273 1539 1336 ἀμαθῆ
1567 1274 1895 1326 δυσωποῦντες

307 1353 555 1418 αἱρετικόν·
596 1358 633 1403 εἰ
662 1357 736 1403 καὶ
764 1356 844 1417 τῆς
877 1358 971 1404 τῶν
998 1353 1220 1419 ἀγγέλων
1248 1353 1389 1422 δόξης
1420 1353 1771 1423 ἀφεστήκαμεν,
1800 1356 1894 1406 ἐπεὶ
1918 1374 1964 1410 15

308 1437 382 1484 καὶ
419 1437 501 1498 τῆς
535 1435 733 1499 ἐνούσης
768 1436 924 1488 αὐτοῖς
958 1435 1196 1495 εὐσεβείας
1224 1435 1483 1499 ἡττώμεθα,
1511 1437 1585 1485 καὶ
1623 1440 1658 1485 εἰ
1692 1435 1820 1487 πολύ
1850 1459 1895 1487 τι

308 1516 363 1566 τὸ
389 1518 437 1566 ἐν
457 1520 514 1584 τῇ
542 1518 693 1567 κτίσει
718 1518 937 1568 ποικίλον
958 1519 1032 1567 καὶ
1058 1517 1464 1583 παρηλλαγμένον
1484 1518 1559 1568 καὶ
1584 1524 1895 1569 πλεονεκτοῦν

308 1600 358 1649 ἐν
396 1604 561 1661 τιμαῖς,
601 1598 704 1662 ἤτοι
747 1598 1156 1663 μειονεκτούμενον
1196 1598 1315 1650 κατὰ
1360 1598 1446 1663 τὴν
1483 1605 1566 1650 τοῦ
1608 1599 1895 1664 ποιήσαντος

309 1680 563 1744 βούλησιν,
591 1680 723 1731 ἀλλά
757 1703 811 1746 γε
844 1686 939 1734 τοῖς
966 1685 1116 1731 πᾶσιν
1140 1680 1193 1732 τὸ
1220 1682 1433 1731 ἐκτίσθαι
1459 1679 1626 1742 κοινὸν,
1655 1683 1728 1731 καὶ
1764 1681 1895 1732 οὐδὲν

310 1762 436 1815 ὅλως
471 1765 519 1813 ἐν
543 1762 724 1816 τούτοις
758 1761 812 1813 τὸ
848 1763 1003 1828 ἕτερον
1030 1761 1364 1829 ὑπερτεροῦνῆ
1399 1761 1692 1825 λειπόμενον.
1746 1765 1890 1829 προῦ-
1915 1789 1965 1813 20

310 1867 410 1911 χειν
434 1845 520 1908 μὲν
546 1844 639 1910 γὰρ
665 1844 713 1895 ε”ν
739 1868 787 1895 τε
814 1849 924 1912 τιμῇ
951 1847 1026 1895 καὶ
1051 1843 1167 1913 δόξῃ
1194 1850 1277 1895 τοῦ
1303 1843 1554 1910 ἀνθρώπου
1579 1843 1661 1895 τὸν
1687 1844 1895 1910 ἄγγελον

270 1924 591 1989 θθαυμαστὸν
627 1925 771 1989 οὐδὲν,
805 1924 833 1990 ἦ
874 1928 949 1977 καὶ
987 1931 1070 1976 τοῦ
1109 1924 1324 1991 ἀγγέλου
1361 1925 1443 1976 τὸν
1477 1924 1797 1992 ἀρχάγγελον·
1840 1925 1894 1977 τὸ

311 2006 462 2071 γεμὴν
501 2011 563 2062 εἷς
600 2013 683 2058 τοῦ
720 2007 780 2058 τὰ
817 2007 973 2059 πάντα
1011 2006 1320 2072 πεποιηκότος
1358 2007 1624 2068 ἀναβαίνειν
1663 2008 1895 2059 δύνασθαι

312 2088 460 2157 δόξαν
505 2091 652 2140 οὐδενὶ
697 2094 792 2140 τῶν
831 2089 1106 2153 κτισμάτων
1145 2088 1330 2155 προσὸν
1370 2088 1646 2154 εὑρήσομεν·
1705 2089 1759 2139 οὐ
1801 2088 1895 2155 γὰρ

312 2170 447 2220 ε”σται
473 2193 517 2221 τι
547 2175 641 2221 τῶν
666 2170 934 2236 γεγονότων
961 2170 1105 2238 φύσει
1131 2170 1263 2233 Θεὸς,
1291 2171 1391 2220 οὐδ’
1421 2170 1636 2233 ἰσότιμον
1662 2170 1796 2221 ε”σται
1829 2175 1895 2240 τῷ
1915 2195 1964 2234 25

311 2250 542 2319 Δεσπότῃ
580 2250 633 2302 τὸ
673 2255 859 2314 δοῦλον,
895 2250 1124 2318 σύνεδρόν
1154 2274 1203 2301 τε
1243 2253 1318 2302 καὶ
1356 2257 1718 2315 συμβασιλεῦον
1751 2253 1892 2320 αὐτῷ.

311 2337 448 2383 ποῖον
487 2334 569 2383 οὖν
607 2333 698 2400 ἄρα
741 2333 914 2400 με’τρον
953 2333 1087 2384 ε”σται
1129 2335 1265 2396 τιμῆς
1309 2338 1376 2402 τῷ
1416 2335 1516 2402 Υὶῷ
1560 2337 1741 2402 γενητῷ
1785 2336 1893 2385 καθ’

311 2415 431 2476 ὑμᾶς
476 2414 588 2477 ὄντι,
629 2417 704 2465 καὶ
749 2417 798 2465 ἐκ
848 2421 931 2465 τοῦ
978 2415 1163 2478 κόσμου
1208 2420 1291 2464 τοῦ
1334 2421 1501 2478 νοητοῦ
1546 2413 1600 2465 τὸ
1645 2415 1896 2481 θεοπρεπὲς

309 2495 526 2564 ἀξίωμα;
560 2501 668 2550 ’πῶς
701 2495 748 2547 δὲ
784 2500 846 2551 εἷς
871 2495 957 2560 τὴν
984 2496 1129 2559 αὐτὴν
1153 2497 1486 2562 ἀναδραμεῖται
1513 2494 1659 2565 δόξαν
1685 2501 1751 2565 τῷ
1777 2496 1896 2547 κατὰ

310 2577 461 2643 φύσιν
500 2582 610 2647 Θεῷ
653 2577 707 2629 τὸ
749 2583 844 2632 τοῖς
887 2579 1147 2642 κτίσμασιν
1186 2577 1417 2643 ὁμογενὲς,
1458 2579 1606 2628 καίτοι
1649 2585 1732 2629 τοῦ
1772 2583 1896 2630 Θεοῦ
1914 2599 1965 2634 30

362 2722 391 2744 Ι.
416 2712 507 2756 λέγω
528 2712 570 2746 Β.
588 2712 699 2757 λέγων
719 2712 837 2747 Holst.
857 2712 923 2746 Ed.
988 2712 1224 2756 ἇντιπιιραθεις
1243 2711 1284 2746 Β.
1303 2712 1495 2756 ἀντιπαρεὶς
1514 2711 1578 2746 Ht
1599 2711 1665 2745 Ed.
1764 2723 1794 2745 2.
1818 2711 1894 2744 τού-

312 2756 388 2801 του]
409 2758 446 2790 τὸ
464 2758 584 2792 τούτου
605 2760 669 2794 Ht.
689 2760 754 2794 Ed.
855 2768 884 2805 7.
902 2758 957 2804 τὸ]
974 2761 1032 2793 τὸν
1046 2759 1182 2803 Nllgne.
1279 2770 1382 2803 9-11.
1400 2758 1697 2810 ιιγγελων-ἡμεις
1714 2770 1783 2791 om.
1800 2757 1893 2791 A.ub

315 2814 367 2836 12.
395 2804 486 2846 μείζω
470 2819 518 2837 om
538 2805 578 2838 B.
597 2806 794 2840 emendavit
814 2806 878 2841 Ht.
987 2817 1043 2840 22.
1070 2806 1267 2849 θαυμαστὸν
1284 2805 1381 2839 οὐδὲν
1399 2805 1453 2839 hic
1471 2806 1650 2849 expunxit,
1668 2810 1748 2848 post
1765 2804 1893 2848 ἀρχάγ-

310 2851 413 2893 γελον
430 2850 548 2883 intulit
568 2852 609 2885 B.
799 2861 856 2897 27.
881 2852 940 2887 οὖν
957 2864 1026 2886 ass.
1045 2864 1085 2886 ex
1108 2852 1136 2886 B
1156 2864 1228 2897 mg
1297 2854 1425 2897 γενητῷ
1444 2851 1638 2884 emendavi.
1657 2852 1804 2896 γεννητῷ
1825 2849 1892 2884 Ed.

312 2896 368 2929 28.
394 2895 478 2939 ὑμᾶς
496 2896 571 2929 B·
557 2912 640 2940 ημιις
662 2898 724 2932 Ht.
744 2898 811 2933 Ed.
957 2910 1012 2944 29.
1038 2899 1279 2944 ἀναδραμεῖται
1298 2898 1341 2932 Β.
1360 2898 1544 2942 ἀναδράμοι
1562 2912 1597 2931 τε
1617 2897 1680 2931 Ht.
1702 2896 1766 2930 Ed.
