2022 3272
687 620 1004 668 ΚΕΦΑΛΗ
1061 621 1117 667 Β.

132 798 226 840 “Ort
258 805 431 853 φυσικῶς
463 803 503 843 ἐν
533 805 585 857 τῷ
617 803 696 858 Ύῑῷ
730 803 793 843 καὶ
825 805 867 843 ἐν
898 803 942 858 τῇ
975 802 1088 857 οὐσία
1120 802 1236 843 αὐτοῦ
1266 801 1309 842 τὸ
1343 806 1504 853 Πνεῦμα
1535 802 1665 851 αὐτοῦ,

276 887 451 927 τουτέστι
482 887 524 927 τὸ
550 886 705 939 ’Ἀγιοις
739 889 837 927 καθὰ
868 888 930 928 καὶ
961 889 1002 927 ἐν
1032 888 1077 943 τῇ
1109 887 1220 942 οὐσία
1251 890 1318 927 τοῦ
1352 888 1519 938 Πατρός.

107 1062 253 1103 Πάντα
291 1063 370 1104 ὅσα
408 1062 493 1118 ἔχει
531 1062 554 1104 ὃ
591 1062 740 1119 Πατὴρ
776 1063 858 1111 ἐμά
899 1063 1000 1104 ἐστι·
1063 1062 1130 1103 καὶ
1169 1061 1237 1103 διὰ
1276 1064 1404 1103 τοῦτο
1442 1057 1561 1102 εἶπον
1601 1059 1693 1109 ὑμῖν
1720 1071 1764 1108 15

63 1157 85 1196 5
319 1157 383 1198 ὅτι
418 1157 466 1198 ἐκ
504 1159 578 1198 τοῦ
615 1157 719 1206 ἐμοῦ
758 1158 965 1207 λαμβάνει
1004 1156 1072 1197 καὶ
1109 1153 1333 1204 (ivam-em?
1370 1153 1479 1204 ὑμῖν.

182 1307 607 1355 ΧΑΡΑΚΤΗΡΑ
634 1304 782 1355 πάλιν
807 1303 889 1354 τὸν
915 1307 1137 1369 εἰλικρινῆ
1169 1327 1217 1354 τε
1250 1305 1324 1354 καὶ
1352 1301 1695 1368 ἀκριβέστατον
1717 1327 1736 1351 0

108 1388 189 1449 τῆς
235 1386 546 1440 ὑποστάσεως
588 1391 670 1436 τοῦ
714 1385 905 1452 Πατρός
947 1385 1110 1437 ἑαυτὸν
1149 1386 1258 1449 ἡμῖν
1297 1388 1384 1435 κάν
1425 1383 1604 1436 τούτοις
1648 1385 1697 1433 εὖ

106 1467 240 1531 μάλα
284 1467 484 1536 δέδειχεν
536 1469 560 1518 ὁ
607 1467 742 1530 Υἱὸς,
789 1469 960 1519 δίδωσί
1006 1491 1054 1519 τε
1102 1469 1156 1518 δι’
1201 1465 1266 1518 ὧν
1307 1467 1399 1535 ἔφη
1451 1471 1585 1528 νοεῖν,
1627 1465 1698 1516 ὅτι

107 1549 286 1614 καρπὸς
324 1549 548 1617 ὑπάρχων
586 1553 669 1614 τῆς
707 1551 872 1604 οὐσίας
911 1551 1066 1612 αὐτοῦ,
1106 1549 1262 1600 ποῖντα
1300 1547 1359 1599 τὰ
1397 1549 1539 1611 αὐτῆς
1578 1547 1698 1598 κατὰ

41 1654 88 1678 10
107 1631 256 1699 φύσιν
281 1631 517 1698 ἐπάγεται,
546 1631 639 1683 ’ίδιά
663 1655 711 1682 τε
739 1630 857 1683 εἶναί
884 1636 1021 1701 φησι,
1050 1633 1125 1683 καὶ
1163 1630 1296 1695 μάλα
1331 1630 1535 1683 εἰκότως·
1590 1632 1691 1680 δια-

105 1712 355 1776 τέμνοντος
381 1713 489 1780 γὰρ,
516 1713 618 1777 ἤτοι
645 1713 911 1768 διιστάντος
935 1714 1120 1767 οὐδενὸς
1146 1717 1209 1767 εἰς
1239 1711 1587 1778 ἀλλοτριότητα
1613 1718 1697 1763 τοῦ

109 1795 299 1861 Πατρὸς
333 1795 415 1846 τὸν
442 1795 572 1858 Υἱὸν,
601 1795 717 1846 ὅσον
747 1796 855 1859 ἧκεν
888 1800 949 1849 εἷς
984 1795 1037 1846 τὸ
1073 1795 1193 1846 κατὰ
1227 1799 1322 1846 πᾶν
1356 1796 1510 1845 ὁτιοῦν
1536 1793 1696 1857 ὅμοιόν

106 1900 155 1928 τε
183 1879 257 1928 καὶ
282 1877 402 1939 ἰ’σον,
429 1878 536 1944 δίχα
572 1876 716 1940 μόνου
751 1882 833 1928 τοῦ
867 1875 980 1927 εἶναι
1009 1876 1216 1943 Πατέρα,
1245 1876 1610 1939 διαλαμπούσης
1645 1898 1693 1926 τε
1712 1901 1735 1926 a
1774 1893 1852 1927 931
1866 1891 1917 1926 A.

106 1962 189 2022 τῆς
225 1958 388 2012 οὐσίας
421 1960 469 2009 ἐν
493 1960 670 2025 ἀμφοῖν
696 1960 782 2026 οὐχ
817 1957 1144 2024 ἑτεροτρόπως,
1172 1962 1272 2011 πῶς
1299 1959 1381 2008 οὐκ
1406 1956 1462 2008 ἂν
1489 1955 1577 2008 εἶεν
1605 1957 1694 2021 ἤδη

42 2057 87 2095 15
107 2039 249 2103 κοινὰ,
291 2045 481 2103 μᾶλλον
525 2039 573 2090 δὲ
613 2039 760 2091 ταύτὰ
794 2042 842 2090 ἐν
883 2042 1075 2108 ἀμφοῖν,
1117 2042 1179 2093 ὡς
1220 2038 1334 2090 εἶναι
1375 2039 1458 2103 μὲν
1504 2041 1552 2090 ἐν
1595 2043 1696 2108 Υὶῷ

106 2122 166 2173 τὰ
203 2128 286 2173 τοῦ
328 2121 531 2189 Πατρὸς,
559 2123 607 2172 ἐν
634 2121 681 2172 δὲ
719 2126 785 2192 τῷ
823 2121 1002 2172 τεκόντι
1036 2121 1096 2172 τὰ
1135 2127 1217 2173 τοῦ
1255 2121 1576 2187 γεννήματος;
1620 2121 1697 2171 διὰ

106 2204 200 2271 γὰρ
224 2209 377 2267 τοῦτο,
404 2203 613 2270 καθάπερ
649 2206 837 2273 ἐγῷμαι,
866 2202 983 2267 μετὰ
1015 2204 1220 2270 δριμείας
1257 2203 1380 2256 τινὸς
1414 2206 1497 2267 τῆς
1530 2204 1692 2266 ἐπιτη-

106 2287 302 2351 ρήσεως,
327 2285 434 2339 τοὺς
467 2287 572 2352 περὶ
606 2285 785 2337 τούτων
810 2286 919 2350 ἡμῖν
945 2284 1201 2350 ἐποιήσατο
1235 2285 1425 2351 λόγους.
1481 2285 1572 2353 ἔφη
1603 2284 1697 2350 γὰρ

107 2369 194 2435 οὐχ
220 2367 291 2418 ὅτι
318 2366 472 2419 πάντα
498 2367 584 2417 ’ὅσοι
611 2366 702 2430 ἔχει
730 2373 748 2419 ὁ
779 2367 930 2434 Πατὴρ
954 2367 1046 2434 ἔχω
1072 2367 1223 2432 κάγώ·
1266 2368 1342 2418 ἵνα
1374 2366 1439 2431 μὴ
1477 2367 1601 2434 ψιλή
1628 2390 1696 2420 τις

41 2473 90 2497 20
108 2448 241 2499 εἰκὼν
267 2449 295 2512 ἡ
321 2447 440 2499 κατὰ
465 2447 611 2511 μόνην
639 2448 861 2512 νοουμένη
888 2447 973 2512 τὴν
1000 2448 1263 2511 ictorum-lav,
1291 2451 1367 2499 καὶ
1397 2454 1492 2502 τοῖς
1523 2449 1696 2517 ἔξωθεν

108 2533 365 2596 ὡραϊσμοῖς
391 2530 735 2597 μεμορφωμένη
762 2533 920 2593 νοῆται
945 2528 1064 2594 πρὸς
1096 2529 1150 2580 τὸ
1182 2528 1458 2597 ἀρχέτυπον,
1485 2528 1695 2595 καθάπερ
1714 2538 1740 2578 b

108 2613 188 2662 οὖν
215 2613 290 2662 καὶ
325 2612 450 2675 ἡμεῖς
486 2612 632 2662 αὐτοί·
676 2611 935 2677 γεγόναμεν
961 2611 1054 2677 γὰρ
1087 2612 1186 2661 κατ’
1217 2610 1370 2661 εἰκόνα
1397 2615 1538 2661 Θεοῦ·
1583 2611 1694 2661 ἀλλ’

160 2785 223 2818 1-3
242 2785 312 2808 om.
333 2773 374 2807 E.
393 2805 396 2808 ,
496 2785 600 2818 4—p.
619 2772 699 2818 639,
719 2784 762 2815 24
781 2774 888 2808 citant
907 2785 940 2818 q.
960 2773 1110 2807 Veecus.
1228 2785 1260 2815 4.
1289 2773 1342 2806 καὶ
1361 2779 1394 2806 et
1411 2773 1488 2816 ὑμῖν
1505 2771 1645 2806 exhibet
1665 2779 1698 2807 et

110 2820 260 2854 Veccus.
392 2829 426 2864 5.
452 2821 619 2864 λαμβάνει
638 2820 716 2865 E.q.
736 2820 885 2854 Veccus.
903 2819 1054 2864 λήψεται
1073 2819 1140 2853 Ed.
1273 2819 1305 2852 6.
1332 2820 1389 2853 τὸν
1407 2831 1477 2853 om.
1495 2831 1528 2864 q.
1552 2819 1697 2853 Veccus.

113 2877 166 2901 10.
193 2864 275 2901 εἶναι
293 2878 362 2901 om.
383 2879 416 2911 q.
434 2866 538 2901 habet
555 2866 705 2900 Veceus.
853 2877 904 2910 13.
930 2868 1032 2910 μόνον
1051 2866 1185 2910 Migne.
1263 2880 1299 2899 τε
1317 2866 1376 2900 alt.
1396 2866 1474 2911 E.q.
1492 2865 1640 2899 Veccus.
1661 2866 1698 2899 δέ

111 2913 174 2946 Ed.
278 2913 329 2946 18.
356 2912 432 2957 ἡμῖν
450 2918 673 2958 assumptum
691 2925 732 2946 ex
751 2924 783 2957 q.
805 2912 932 2947 Vecco.
1032 2923 1086 2946 21.
1112 2913 1225 2955 νοῆται
1244 2912 1285 2946 Ε.
1305 2914 1427 2946 νοεῖται
1445 2913 1594 2946 Veccus.
1615 2912 1681 2945 Ed.
