2022 3272
87 123 230 175 xvi.7.
332 124 401 164 IN
445 124 487 165 S.
523 124 861 165 JOANNEM.
926 123 1049 162 LIB.
1085 123 1134 162 X.
1198 122 1332 162 CAP.
1370 121 1426 160 ΙΙ.
1588 119 1670 157 619

87 230 252 298 ὥσπερ
298 233 683 298 κεκαινοτόμηκεν
725 235 834 298 ἡμῖν
876 232 950 283 διὰ
989 235 1072 295 τῆς
1119 232 1234 284 ἰδίας
1273 228 1581 281 ἀναστάσεως
1617 226 1671 276 τὸ

87 316 326 379 διαδρᾶναι
361 315 591 365 δύνασθαι
623 315 709 379 τὴν
737 313 936 382 φθορὰν,
964 315 1110 366 οὕτως
1137 313 1245 375 ἡμῖν
1272 311 1453 379 ἀνοῖξαι
1482 312 1555 360 καὶ
1587 308 1671 371 τὴν

87 399 150 448 εἷς
180 395 234 445 τὸ
267 396 363 447 ἄνω
389 396 611 463 πάροδον,
639 400 713 448 καὶ
741 398 789 447 ἐν
816 396 924 464 ὄψει
964 398 1146 459 στῆσαι
1179 399 1261 444 τοῦ
1291 392 1482 458 Πατρὸς
1515 391 1597 442 τὸν
1625 394 1672 442 ἐκ

87 478 350 543 προσώπου
388 480 578 530 τεθέντα
611 479 687 530 διὰ
724 479 809 543 τὴν
837 481 884 529 ἐν
913 476 1072 539 Ἀδὰμ
1103 474 1398 542 παράβασιν.
1455 476 1576 525 οὕτω
1614 474 1674 524 τὰ

46 565 280 610 5τοιαῦτα
317 563 473 615 συνεὶς
509 565 584 613 καὶ
624 563 649 611 ὁ
687 561 943 615 θεσπέσιος
981 563 1177 612 Παῦλος
1217 556 1380 623 ἐ’λεγεν
1419 565 1445 586 “
1467 557 1542 607 Οὐ
1581 556 1673 622 γὰρ
1736 558 1823 589 Πώ·
1843 558 1887 589 ix.

89 648 117 670 ‘⁶
143 646 205 696 εἷς
240 644 539 710 χειροποίητα
579 643 692 709 ἅγια
733 646 954 706 εἰσῆλθεν
992 643 1016 691 ὁ
1051 639 1280 707 Χριστὸς,
1308 639 1412 690 οὐδὲ
1448 643 1511 692 εἷς
1543 639 1671 689 ἀντί-

89 730 267 775 “τυπα
317 729 411 776 τῶν
458 727 714 790 ἀληθινῶν,
763 726 872 775 ἀλλ’
919 728 979 777 εἰς
1024 721 1167 773 αὐτὸν
1209 721 1293 773 τὸν
1334 720 1546 787 οὐρανὸν,
1593 726 1674 771 νῦν

90 811 117 834 “
142 807 489 874 ἐμφανισθῆναι
515 812 581 877 τῷ
607 807 852 876 προσώπῳ
879 811 963 857 τοῦ
984 809 1109 856 Θεοῦ
1136 804 1250 870 ὑπὲρ
1276 804 1454 867 ἡμῶν.”
1496 802 1674 856 ἀκούεις
1692 822 1714 848 θ

90 887 161 938 ὅτι
186 887 262 939 διὰ
287 887 464 943 παντὸς
491 891 539 940 ἐν
566 889 677 957 ὄψει
704 891 779 940 καὶ
805 891 852 940 ἐν
878 893 936 956 τῇ
965 887 1109 956 φύσει
1136 892 1218 937 τοῦ
1245 887 1362 936 ἰδίου
1390 884 1675 951 Γεννήτορος

25 991 73 1016 10
90 968 168 1033 ὧν,
202 970 277 1021 διὰ
314 970 400 1035 τὴν
426 970 689 1036 ταυτότητα
728 974 810 1034 τῆς
850 971 1028 1031 οὐσίας,
1069 975 1151 1020 νῦν
1182 969 1235 1019 οὐ
1275 969 1329 1018 δι’
1358 967 1536 1030 ἑαυτὸν,
1564 968 1673 1017 ἀλλ’

92 1049 204 1117 ὑπὲρ
234 1052 365 1116 ἡμῶν
391 1053 688 1122 ἐμφανίζεται
713 1075 724 1115 ;
771 1052 795 1104 ὃ
823 1053 916 1118 γὰρ
943 1050 1072 1103 εἷπον
1098 1051 1202 1115 ἤδη,
1229 1055 1368 1101 τοῦτο
1394 1048 1543 1101 πάλιν
1568 1050 1674 1114 ε’ρῶ·

91 1134 212 1197 ἡμᾶς
238 1134 433 1195 ἵστησιν
458 1137 506 1186 ἐν
533 1135 643 1204 ὄψει
670 1141 754 1186 τοῦ
773 1134 978 1201 Πατρὸς,
1006 1132 1197 1200 ἀπαρχὴ
1225 1131 1290 1183 ὧν
1315 1135 1397 1196 τῆς
1425 1129 1675 1196 ἀνθρωπό-

92 1238 245 1278 τητος,
267 1217 584 1281 ἀποδημήσας
605 1221 668 1271 εἷς
693 1215 934 1283 οὐρανούς.
974 1215 1139 1281 ὥσπερ
1165 1214 1258 1281 γὰρ
1285 1213 1376 1281 ζωὴ
1398 1212 1681 1280 κατὰφύσιν

94 1297 333 1366 ὑπάρχων,
383 1301 637 1350 ἀποθανεῖν
681 1322 731 1350 τε
777 1301 853 1350 καὶ
905 1300 1168 1361 ἀναστῆναι
1210 1297 1398 1362 λέγεται
1440 1294 1495 1346 δι’
1544 1295 1680 1358 ἡμᾶς,

27 1401 74 1438 15
94 1382 240 1434 οὕτως
276 1382 350 1430 καὶ
387 1382 455 1431 ἀεὶ
493 1381 690 1442 βλέπων
716 1379 799 1431 τὸν
825 1381 990 1431 ἑαυτοῦ
1021 1378 1225 1445 Πατέρα,
1263 1376 1497 1444 ὁρώμενός
1535 1399 1583 1426 τε
1624 1376 1682 1426 αὖ

93 1462 242 1513 ποίλιν
266 1463 343 1512 καὶ
367 1461 497 1528 παρὰ
522 1468 606 1513 τοῦ
632 1463 747 1513 ἰδίου
775 1461 980 1528 Πατρὸς,
1000 1467 1081 1512 νῦν
1101 1462 1452 1529 ἐμφανισθῆναι
1479 1458 1681 1524 λέγεται,

95 1543 352 1607 τουτέστιν,
381 1543 457 1595 ὅτε
496 1544 689 1610 γέγονεν
728 1545 990 1610 ἄνθρωπος,
1031 1544 1084 1593 οὐ
1123 1543 1179 1592 δι’
1215 1541 1395 1603 ἑαυτὸν,
1426 1541 1535 1591 ἀλλ’
1566 1538 1681 1606 ὑπὲρ
1700 1560 1722 1585 a
1753 1552 1833 1586 919
1853 1551 1905 1586 A·

95 1626 247 1690 ἡμῶν,
290 1628 352 1680 ὡς
391 1626 650 1693 ἄνθρωπος,
690 1628 765 1677 καὶ
805 1628 866 1679 ὡς
904 1623 1187 1678 ἐλλελοιπὸς
1227 1625 1308 1675 οὖν
1346 1623 1438 1689 ἄρα
1477 1626 1535 1689 τῇ
1574 1622 1680 1672 καθ’

95 1708 215 1772 ἡμᾶς
254 1709 493 1776 οἰκονομία
531 1709 850 1777 κατεφαίνετο,
884 1706 939 1757 τὸ
980 1709 1054 1757 καὶ
1095 1710 1156 1760 εὶς
1196 1704 1363 1759 αὐτοὺς
1403 1707 1524 1770 ἡμᾶς
1563 1706 1679 1755 ἀνα-

31 1817 79 1842 20
97 1793 238 1854 βῆναι
278 1814 386 1845 τους
429 1790 665 1856 οὐρανους,
705 1792 767 1843 ὡς
802 1791 850 1840 ἐν
893 1790 1085 1856 ἀπαρχῇ
1125 1812 1200 1839 και
1241 1788 1415 1856 πρώτω
1463 1790 1679 1856 Χριστῶ.

96 1871 362 1938 πρόδρομος
400 1895 494 1938 γαρ
532 1895 609 1922 και
646 1895 708 1925 εις
747 1870 912 1924 αὐτους
952 1869 1244 1934 ἀνελήλυθεν
1282 1869 1396 1936 ὑπὲρ
1436 1870 1579 1932 ημῶν,
1621 1866 1682 1922 ὡς
1745 1874 1857 1949 ΞΘῙΖᾏ

97 1977 189 2005 που
229 1977 304 2004 και
345 1953 483 2008 αὐτός
522 1958 675 2022 φησιν
710 1955 734 2004 ὁ
767 1952 1024 2006 θεσπεσιος
1053 1955 1266 2005 Παυλος·
1320 1975 1394 2002 και
1422 1949 1450 2018 ᾗ
1477 1950 1562 2013 μὲν
1595 1949 1677 2000 ἄν·

99 2040 300 2102 θρωπος,
336 2040 505 2087 νοεῖται
543 2034 687 2103 τυχὸν
725 2033 961 2102 ἀρχιερεὺς
1000 2034 1065 2084 ε”τι
1104 2037 1198 2084 τῶν
1236 2033 1472 2100 ἡμετέρων
1510 2036 1683 2099 ψυχῶν

99 2121 174 2168 καὶ
210 2116 514 2184 παράκλητος
541 2119 616 2168 καὶ
651 2116 857 2180 ὶλασμὸς
884 2115 998 2181 ὑπὲρ
1024 2120 1118 2166 τῶν
1154 2115 1389 2181 ἡμετέρων
1426 2115 1680 2179 ἁμαρτιῶν·

32 2198 128 2267 25ᾗ
155 2199 204 2250 δὲ
231 2198 351 2254 Θεὸς
379 2201 453 2250 καὶ
483 2199 654 2264 Κύριος
682 2197 800 2249 κατὰ
827 2198 990 2265 φύσιν,
1017 2198 1243 2264 σύνεδρος
1279 2201 1345 2266 τῷ
1378 2197 1476 2266 ἰδίῳ
1505 2194 1679 2259 Γεννή-
1703 2211 1730 2251 b

99 2304 213 2348 τορι,
241 2281 373 2332 ἀλλὰ
407 2285 482 2332 καὶ
514 2286 574 2335 εἷς
601 2282 720 2345 ἡμᾶς
755 2279 922 2334 αὐτοὺς
953 2279 1085 2330 οὐδὲν
1115 2280 1256 2345 ἧττον
1283 2278 1431 2330 πάλιν
1469 2281 1544 2328 καὶ
1576 2277 1604 2341 ἡ
1636 2278 1686 2327 ἐκ

100 2363 268 2414 τούτου
307 2362 585 2427 διαβήσεται
624 2362 755 2431 δόξα.
809 2362 879 2413 διὸ
921 2364 995 2412 καὶ
1036 2365 1233 2416 Παῦλος
1278 2360 1410 2426 ἐ’λεγε
1456 2362 1563 2426 περὶ
1603 2364 1686 2409 τοῦ

103 2443 308 2510 Πατρὸς,
344 2444 413 2495 ὅτι
454 2446 575 2494 ιςκαὶ
609 2443 856 2508 συνήγειρε
893 2445 968 2494 καὶ
1004 2443 1315 2494 συνεκάθισεν
1351 2443 1472 2506 ἡμᾶς
1506 2443 1554 2492 ἐν
1590 2446 1686 2494 τοῖς
1747 2443 1879 2484 ΕΡΜ·

103 2533 128 2556 “
153 2526 442 2592 ἐπουρανίοις
474 2527 521 2575 ἐν
557 2524 802 2593 Χριστῲ.”
853 2525 1203 2590 τετελεσμένων
1242 2525 1323 2575 οὖν
1357 2525 1449 2589 ἄρα
1483 2527 1578 2573 τῶν
1611 2524 1686 2573 ἐπὶ

33 2634 83 2670 30
102 2610 183 2672 τῆς
210 2610 311 2672 γῆς,
338 2606 393 2658 τὸ
424 2605 704 2659 ἐλλελοιπὸς
741 2606 829 2656 ἔδει
855 2612 1085 2672 πληροῦν,
1113 2606 1343 2669 τουτέστι,
1369 2605 1422 2656 τὸ
1455 2606 1687 2668 ἀναβῆναι

101 2687 221 2755 πρὸς
257 2688 340 2740 τὸν
375 2688 584 2755 Πατέρα.
640 2687 715 2738 διὰ
760 2687 898 2738 τοῦτό
935 2692 1057 2756 φησι
1102 2687 1322 2756 Συμφέρει
1360 2690 1456 2755 ὑμῖν
1483 2686 1557 2737 ἵνα
1597 2684 1686 2751 ἐγῶ

152 2882 185 2912 4.
211 2868 365 2913 τεθέντα]
385 2870 564 2912 γενόμενον
582 2867 675 2901 haud
695 2869 784 2902 male
804 2866 895 2901 Catt.
1137 2869 1170 2901 (J.
1199 2867 1274 2901 οὐδὲ
1294 2866 1339 2901 εἷς
1357 2866 1521 2900 exhibent
1541 2869 1574 2899 et
1593 2863 1686 2899 Catt.

111 2928 162 2961 13.
191 2915 352 2960 οὐρανούς
371 2915 411 2948 Ε.
431 2916 571 2959 ot’pfflso'v
590 2914 656 2948 Ed.

838 2981 959 3017 ,μὴ-2
