1971 3272
108 148 281 201 viii.44.
489 149 562 189 IN
605 148 647 188 S.
683 147 1019 188 JOANNEM.
1083 147 1206 187 ‚1211ae
1236 147 1311 186 VI.
1640 149 1694 185 97

105 259 330 324 πονηρίας
382 257 521 324 ἀρχή·
587 257 740 322 ἐπειδὴ
793 257 840 308 δὲ
893 257 975 308 τὸν
1020 257 1105 321 μὲν
1151 256 1272 308 Κάϊν
1326 256 1548 307 δεδόσθαι
1600 262 1694 309 τοῖς

105 340 343 392 Ἰουδαίοις
369 339 564 405 πατέρα,
593 341 718 408 αὐτῷ
753 339 800 389 δὲ
833 343 899 408 τῷ
930 338 1052 389 Κάῖν
1079 338 1161 390 τὸν
1188 343 1403 389 σατανᾶν
1430 338 1690 403 εἰρήκαμεν,

106 421 218 489 φέρε
270 421 326 485 δὴ
377 421 524 472 πάλιν
569 427 664 474 τοῖς
714 422 892 472 ἑαυτῶν
942 421 1158 484 ἑπόμενοι
1211 421 1373 485 λόγοις
1422 419 1695 486 ἀναφανδὸν
1714 442 1734 464 a
1773 432 1915 466 561Α.

105 503 405 571 ἐπιδείξωμεν
455 508 645 568 πρῶτον
695 502 780 566 μὲν
832 507 892 556 εἰς
947 503 1171 569 ἐλέγχους
1225 501 1333 556 τοὺς
1391 501 1520 567 παρὰ
1573 505 1695 550 Θεοῦ

64 603 85 639 5
105 590 436 652 τραχηλιῶντα
471 584 553 635 τὸν
580 589 808 647 σατανᾶν,
836 583 933 635 εἶτα
960 586 1034 634 καὶ
1060 583 1375 648 ἀπατήσαντα
1402 585 1475 634 καὶ
1503 582 1691 643 ψευσά-

106 689 260 729 μενον,
299 669 375 717 καὶ
414 667 467 717 τὸ
507 672 774 718 τελευταῖον
813 666 889 716 διὰ
928 667 1109 734 φθόνου
1150 666 1468 734 φονεύσαντα.
1522 665 1690 714 ἐπιδεί-

106 749 271 816 ξαντες
310 749 357 800 δέ
396 749 546 817 τούτῳ
586 748 667 799 τὸν
701 748 822 799 Κάϊν
862 746 1120 814 ἰσότροπόν
1159 771 1207 799 τε
1248 751 1322 798 καὶ
1363 746 1692 812 ὁμογνώμονα,

107 830 431 897 καταφε’ρομεν
457 830 539 881 τὸν
567 830 716 895 λόγον
742 832 815 881 ἐπὶ
843 830 1001 896 τρίτου
1028 834 1090 883 εἰς
1115 829 1222 883 τοὺς
1247 831 1499 881 Ἰουδαίους
1531 831 1614 891 τῆς
1650 830 1697 878 ἐν

106 913 231 980 αὐτῷ
257 912 557 976 φαυλότητος
585 913 704 976 ὅλην
731 913 924 980 ε”χοντας
950 912 1034 975 τὴν
1061 912 1228 963 εἰκόνα.

41 1019 87 1043 10
181 995 369 1044 Οὐκοῦν
396 995 632 1056 ἀτιμάσας
671 994 755 1058 μὲν
790 994 954 1060 ὥσπερ
995 993 1079 1057 τὴν
1112 995 1231 1045 ἰδίαν
1264 992 1428 1061 ἀρχὴν,
1455 996 1530 1043 καὶ
1569 993 1696 1044 πολὺ

105 1080 200 1125 τῶν
240 1074 353 1142 ὑπὲρ
397 1077 545 1144 φύσιν
585 1076 670 1140 τὴν
709 1078 873 1127 ἑαυτοῦ
917 1075 1213 1143 γλιχόμενος,
1255 1075 1366 1142 ὅρον
1404 1098 1453 1125 τε
1493 1075 1575 1125 τὸν
1613 1078 1739 1138 τῆςῑ)

106 1159 270 1209 ἑαυτοῦ
320 1158 496 1227 τάξεως
555 1160 608 1209 οὐ
664 1159 875 1225 τηρήσας
934 1159 958 1208 ὁ
1020 1162 1232 1211 σατανᾶς
1293 1158 1568 1224 κατηνέχθη,
1622 1159 1696 1207 καὶ

106 1239 350 1291 πέπτωκεν
376 1244 615 1308 ἐλεγχθεὶς
656 1239 820 1307 ὥσπερ
860 1239 935 1291 διὰ
972 1240 1138 1290 τούτου
1173 1239 1302 1305 παρὰ
1338 1243 1476 1301 Θεοῦ,
1505 1241 1580 1289 καὶ
1616 1242 1699 1301 τῆς

107 1323 273 1376 οἰκείας
319 1323 510 1392 φύσεως
556 1322 610 1373 τὸ
659 1323 828 1389 με’τρον
868 1321 1270 1385 ἐκδιδασκόμενος·
1320 1322 1430 1371 ἀλλ’
1480 1321 1699 1383 οὐδεμίαν

41 1426 86 1462 15
109 1405 317 1455 ἐντεῦθεν
342 1404 428 1468 τὴν
454 1404 620 1470 ὄνησιν
648 1405 767 1472 ἔχων
795 1403 870 1454 διὰ
900 1403 983 1467 τὴν
1009 1404 1174 1454 ἑαυτοῦ
1207 1404 1517 1466 δυσβουλίαν,
1547 1403 1697 1454 ε’νόσει

107 1485 166 1536 τὰ
201 1487 388 1553 χείρονα
420 1487 615 1547 βλέπων
641 1487 725 1550 μὲν
753 1488 966 1549 οὐδαμῶς
1002 1490 1064 1539 εἰς
1098 1484 1152 1536 τὸ
1187 1488 1356 1553 χρῆναι
1392 1490 1579 1552 γοργῶς
1613 1484 1698 1549 τὴν

108 1568 279 1618 οἰκείαν
329 1569 526 1633 γνώμην
571 1571 872 1635 ἐπανορθοῦν,
918 1570 966 1618 ἐν
1012 1567 1261 1636 ἀκλονήτῳ
1309 1567 1356 1618 δὲ
1406 1567 1569 1633 ὥσπερ
1616 1570 1698 1630 τῆς

108 1650 400 1715 δυστροπίας
459 1653 685 1714 διαμεῖναι
742 1648 1041 1702 σπουδάσας.
1123 1648 1278 1712 ἐπειδὴ
1336 1648 1383 1699 δὲ
1436 1650 1460 1698 ὁ
1512 1653 1699 1715 πρῶτος

109 1730 355 1796 ἄνθρωπος
398 1731 620 1795 ἐπλάσθη
661 1731 791 1798 παρὰ
835 1735 960 1782 Θεοῦ
1003 1730 1123 1781 κατὰ
1164 1730 1249 1794 τὴν
1291 1731 1537 1784 Μωυσέως
1575 1753 1697 1795 συγ-

41 1839 91 1864 20
110 1811 316 1880 γραφὴν,
345 1817 420 1864 καί
456 1812 514 1877 ἧν
546 1815 593 1864 ἐν
622 1818 688 1883 τῷ
724 1814 1000 1882 παραδείσῳ
1034 1812 1122 1876 τὴν
1155 1816 1377 1863 δοθεῖσαν
1403 1813 1467 1864 ἔτι
1502 1812 1735 1877 ἐντολὴνο

110 1895 380 1961 φυλάττων,
421 1895 507 1959 τὴν
547 1897 620 1947 ἐπὶ
665 1899 731 1965 τῷ
774 1895 907 1965 ξύλῳ
948 1897 1083 1964 φημὶ,
1122 1898 1307 1961 πρῶτος
1349 1898 1410 1949 εἰς
1455 1895 1633 1962 φθόνον
1672 1896 1696 1945 ὁ

110 1981 320 2030 σατανᾶς
346 1977 591 2041 ἀνεκαύθη,
618 1976 931 2044 ἐλεγχομένης
965 1976 1013 2026 δὲ
1048 1974 1211 2042 ὥσπερ
1247 1979 1328 2040 τῆς
1363 1978 1506 2027 αὐτοῦ
1536 2000 1692 2042 παρα-

108 2056 301 2117 βάσεώς
335 2082 381 2109 τε
418 2060 492 2108 καὶ
531 2062 772 2124 παρακοῆς
810 2063 906 2111 τοῖς
943 2056 1360 2125 πρωτοπλάστοις,
1388 2058 1462 2108 ὅτε
1501 2059 1587 2122 τὴν
1617 2062 1694 2109 δο-

110 2142 276 2190 θεῖσαν
301 2138 499 2203 ἐντολὴν
531 2139 800 2207 ἐφύλαττον
824 2140 902 2202 ἔτι,
930 2138 1254 2193 πολυπλόκοις
1293 2139 1493 2194 ἀπάταις
1532 2139 1697 2192 αὐτοὺς

42 2244 60 2268 2
70 2240 91 2278 5
112 2224 174 2274 εἰς
198 2221 442 2286 παρακοὴν
469 2221 676 2290 ἐξέλκειν
703 2222 937 2287 ἠπείγετο.
995 2220 1125 2275 εἰδὼς
1158 2220 1207 2272 δὲ
1242 2220 1312 2272 ὅτι
1347 2221 1560 2290 τέξονται
1586 2225 1695 2287 παρ’

112 2301 244 2353 οὐδὲν
268 2303 578 2368 ποιησάμενοι
605 2310 688 2355 τοῦ
714 2303 928 2369 μεγάλου
954 2303 1196 2364 βασιλέως
1230 2303 1289 2353 τὰ
1320 2304 1694 2369 προστάγματα,

112 2381 188 2435 καὶ
214 2390 354 2435 τοῦτο
379 2388 494 2451 δρᾶν
521 2387 755 2436 ἀναπείθει
781 2384 889 2439 τοὺς
914 2385 1046 2436 οὐδὲν
1071 2384 1389 2449 ἀδικήσαντας
1415 2391 1510 2439 τοῖς
1545 2385 1693 2454 ἐσχά-

112 2490 207 2520 τοις
245 2467 557 2533 περιβάλλων
596 2472 766 2520 κακοῖς.
833 2466 903 2517 ὅτι
944 2465 1038 2532 γὰρ
1083 2468 1358 2530 διαβολικῆς
1399 2465 1582 2531 ἀπάτης
1623 2469 1743 2520 καὶᾶ

114 2548 294 2616 φθόνου
338 2548 533 2613 γέγονεν
578 2549 717 2614 ἔργον
756 2549 783 2612 ἡ
827 2550 876 2598 ἐν
914 2547 1074 2610 Ἀδὰμ
1118 2547 1410 2613 παράβασις,
1451 2550 1525 2599 καὶ
1571 2549 1596 2597 ὁ
1641 2547 1696 2598 δι’

161 2672 194 2704 8.
222 2669 458 2714 καταφέρομεν
475 2671 533 2703 τὸν
550 2671 657 2712 λόγον
675 2670 729 2704 ἐπὶ
747 2670 863 2714 τρίτου
885 2669 932 2704 εἷς
954 2669 1031 2704 τοὺς
1046 2668 1231 2703 Ἰουδαίους
1254 2669 1415 2702 emendat
1436 2668 1565 2713 Heyse.
1585 2682 1697 2702 καται-

113 2717 264 2762 φέρομεν
284 2716 533 2761 [κατεφέρομεν
553 2715 689 2760 Holst.]
710 2717 767 2749 τὸν
790 2718 895 2761 λόγον
918 2716 972 2749 ἐπὶ
997 2716 1112 2757 τρίτου
1139 2716 1232 2749 ἔτους
1250 2715 1433 2750 Ἰουδαίους
1458 2715 1499 2748 Β.
1520 2714 1582 2748 Ht.
1602 2728 1697 2748 κατε-

114 2763 273 2808 φέρωμεν
293 2763 552 2808 [καταφέρωμεν
573 2761 725 2807 Migne]
745 2763 804 2795 τὸν
828 2763 934 2806 λόγον
960 2762 1014 2795 ἐπὶ
1041 2762 1118 2796 τοὺς
1136 2760 1319 2796 Ἰουδαίους
1342 2761 1449 2800 Aub„
1470 2761 1528 2805 qui
1555 2760 1697 2796 adnotat

116 2822 151 2843 se
169 2810 223 2844 ἐπὶ
241 2810 357 2854 τρίτου
375 2809 468 2843 ἔτους
487 2808 738 2842 emendavisse.
1004 2819 1057 2841 II.
1082 2810 1149 2841 τῶν
1166 2807 1363 2841 emendavit
1380 2807 1474 2841 Aub.
1492 2809 1552 2851 τὴν
1572 2807 1612 2841 Β.
1635 2808 1698 2843 Ht.

117 2865 171 2900 25.
197 2856 350 2899 τέξονται
368 2855 503 2889 restitui
524 2867 565 2888 ex
584 2854 638 2896 Β.,
658 2866 769 2899 quum
792 2854 1029 2897 periculosum
1053 2860 1104 2887 est
1128 2854 1324 2888 emendare.
1344 2853 1516 2898 τεύξονται
1536 2855 1697 2894 correxit,

116 2908 155 2935 ut
181 2902 325 2936 adnotat
350 2902 423 2946 ipse
442 2901 537 2935 Aub.
555 2900 770 2945 τεθνήξονται
794 2900 957 2934 emendat
978 2900 1106 2945 Heyse.
1158 2900 1318 2934 Fortasse
1335 2900 1387 2934 ὅτι
1409 2902 1467 2935 τὸν
1484 2901 1628 2935 θάνατον
1645 2900 1697 2935 τέ-

118 2948 243 2990 ξονται.
387 2947 442 2983 26.
468 2947 698 2991 ποιησαμένου
719 2947 759 2980 Β.
782 2946 845 2981 Ht..
864 2946 1061 2981 emendavit
1080 2946 1173 2981 Aub.

175 3015 267 3043 VOL.
292 3016 339 3042 11.
884 3014 908 3038 Ο
