2001 3261
21 232 180 265 Es.xxxV.

22 283 51 314 5.

20 488 71 519 Ib.
82 488 138 519 liii.
152 489 181 520 8.

23 963 73 993 lb.
89 963 143 993 vii.

27 1017 74 1045 14.

25 1227 109 1260 625
126 1225 175 1259 Α.

23 1381 130 1421 Supra

22 1435 78 1455 vu.
97 1432 159 1463 25—-

24 1477 40 1497 2
49 1475 74 1507 7.

244 119 326 159 190
641 121 691 162 B.
725 121 1004 163 CYRILLI
1044 123 1425 164 ALEXANDR.
1686 120 1740 160 ix·
1761 132 1829 174 30·

244 225 315 277 ὅτι
357 234 384 257 “
406 227 528 280 Τότε
574 231 942 298 ἀνοιχθήσονται
986 233 1231 300 ὀφθαλμοὶ
1276 231 1522 300 τυφλῶν·”
1582 228 1713 280 ἀλλὰ
1756 230 1831 279 καὶ

245 308 398 375 ἕτερός
432 333 502 365 τις
535 310 621 376 τὴν
648 312 967 379 Ἰερουσαλὴμ
992 314 1267 381 περιεφοίτα
1293 314 1453 379 λόγος,
1480 310 1724 377 ἐπειδήπερ
1750 310 1833 362 τὸν

245 396 327 441 τοῦ
354 395 479 442 Θεοῦ
512 395 588 443 καὶ
614 392 805 460 Πατρὸς
832 395 1036 461 ὖίῤῥητον
1061 394 1201 445 τόκον
1227 394 1480 459 ἄγνωστον
1505 392 1620 444 εἶναι
1645 391 1834 446 πάντως

248 475 399 540 φησὶν
431 475 455 524 ὁ
493 475 743 543 προφήτης
769 475 981 529 Ἠσαίας
1021 475 1175 541 λέγων
1201 484 1229 505 “
1248 475 1352 540 Τὴν
1385 475 1550 542 γενεὰν
1585 476 1728 526 αὐτοῦ
1765 474 1834 528 τίς

247 562 274 584 “
302 555 576 621 διηγήσεται
595 558 638 619 ;''
686 556 834 608 πάλιν
875 558 1091 608 Ἰουδαῖοι
1135 556 1254 624 πρὸς
1298 559 1414 611 ἰδίας
1456 557 1875 623 παρατρέποντεςὸ

247 638 422 691 ἐννοίας
466 643 561 689 τῶν
603 639 855 705 εἰρημένων
896 638 983 703 τὴν
1027 639 1237 702 δύναμιν,
1275 639 1664 706 ἁγνοηθήσεσθαι
1707 661 1827 690 παν-

207 741 228 768 e
247 724 394 773 τελῶς
421 720 504 770 τὸν
527 721 744 787 Χριστὸν
772 720 1090 785 ὑπετόπησαν,
1117 720 1301 776 οὐδενὸς
1328 720 1382 773 τὸ
1407 721 1635 788 παράπαν
1661 720 1834 774 εἰδότος

245 800 389 852 πόθεν
426 803 541 863 ἐστὶ,
569 804 718 853 καίτοι
757 806 840 866 τῆς
880 803 1003 856 θείας
1042 807 1233 872 γραφῆς
1269 803 1541 872 φανοτάτην
1572 804 1714 854 αὐτοῦ
1749 802 1835 866 τὴν

246 882 366 933 κατὰ
391 883 550 949 σάρκα
576 884 798 950 γε’ννησιν
825 885 1132 950 καθιστώσης
1156 886 1278 949 ἡμῖν,
1301 885 1377 936 διά
1402 909 1451 937 τε
1477 892 1616 937 τοῦτο
1641 884 1835 948 βοώσης

247 972 273 994 “
298 964 422 1015 Ἰδοὺ
448 966 475 1029 ἡ
500 967 731 1032 παρθένος
755 968 804 1017 ἐν
830 969 1009 1033 γαστρὶ
1044 968 1135 1036 ἕξει
1171 970 1246 1018 καὶ
1281 968 1462 1037 τέξεται
1498 967 1643 1019 υἱόν.”
1686 966 1756 1018 ὅτι
1788 966 1835 1017 δὲ
1859 990 1906 1015 10

244 1046 393 1097 πάλιν
419 1048 801 1114 ἀχειραγώγητος
827 1053 888 1102 εἰς
915 1048 1002 1112 τὴν
1027 1054 1121 1100 τῶν
1147 1051 1415 1116 ἀναγκαίων
1441 1049 1718 1117 κατάληψιν
1743 1053 1836 1099 τῶν

244 1128 485 1180 Ἰουδαίων
522 1128 747 1197 ὑπάρχων
782 1132 806 1181 ὁ
847 1136 967 1193 νοῦς,
995 1131 1320 1196 ἀγνοήσεσθαι
1359 1131 1442 1183 τὸν
1470 1129 1687 1197 Χριστδν
1718 1132 1831 1181 ὑπε-

207 1236 229 1259 a
248 1211 511 1274 λάμβανον,
540 1214 592 1263 οὐ
624 1213 838 1280 χαλεπὸν
865 1214 946 1264 οὖν
974 1216 1098 1276 ἰδεῖν,
1125 1214 1182 1283 ἐξ
1214 1213 1278 1265 ὧν
1304 1215 1328 1265 ὁ
1359 1214 1586 1280 μακάριος
1614 1214 1831 1279 Εὖαγγε-

248 1293 420 1358 λιστὴς
450 1294 672 1359 Ἰωάννης
705 1295 1107 1361 Ἱεροσολυμίταις
1145 1297 1214 1347 ἐπ’
1249 1298 1375 1365 αὐτῷ
1414 1296 1560 1365 φάναι
1600 1295 1830 1362 διισχυρί-

247 1399 386 1427 σατο.
429 1375 686 1443 (ζ”Ελεγον
721 1377 814 1443 γάρ
853 1402 973 1432 τινες
1011 1383 1106 1428 τῶν
1132 1380 1528 1444 Ἱεροσολυμιτῶν
1556 1379 1666 1445 Οὐχ
1704 1374 1836 1430 οὗτός
1860 1398 1905 1435 15

249 1466 274 1488 ‘⁶
300 1460 432 1509 ἐστιν
471 1458 524 1509 ὃν
563 1459 784 1525 ζητοῦσιν
824 1461 1123 1522 ἀποκτεῖναι,
1178 1463 1254 1511 καὶ
1294 1461 1359 1512 ἰ’δε
1398 1460 1642 1528 παῤῥησίᾳ
1680 1464 1834 1522 λαλεῖ,

247 1548 273 1570 “
299 1543 375 1591 καὶ
420 1541 552 1592 οὐδὲν
597 1543 722 1611 αὐτῷ
768 1541 979 1607 λέγουσι.
1056 1542 1238 1606 μήποτε
1291 1545 1483 1606 ἀληθῶς
1535 1543 1752 1608 ἔγνωσαν
1794 1545 1837 1592 οἱ

248 1629 273 1652 “
301 1623 525 1690 ἄρχοντες
584 1624 655 1674 ὅτι
709 1623 843 1678 οὗτός
898 1626 1031 1675 ἐστιν
1083 1626 1107 1675 ὁ
1166 1623 1418 1690 Χριστός;
1482 1624 1612 1675 ἀλλὰ
1672 1630 1840 1675 τοῦτον

249 1713 275 1735 “
305 1706 493 1769 οἴδαμεν
525 1705 672 1757 πόθεν
706 1707 853 1756 ἐστίν·
901 1707 926 1756 ὁ
968 1707 1016 1757 δὲ
1057 1705 1269 1773 Χριστὸς
1308 1706 1422 1757 ὅταν
1461 1707 1666 1775 ἔρχηται,
1695 1707 1840 1759 οὐδεὶς

249 1795 276 1817 “
303 1788 526 1853 γινώσκει
562 1787 708 1839 πόθεν
743 1788 920 1838 ε’στίν.”
1860 1814 1909 1839 20

324 1871 513 1921 Οὐκοῦν
539 1869 599 1921 τὰ
631 1876 824 1921 τοιαῦτα
861 1869 1239 1936 δογματιζόντων
1265 1872 1503 1924 ἀσυνέτως
1539 1872 1613 1922 ἐπὶ
1639 1872 1841 1938 Χριστῷ

205 1965 231 2005 b
252 1957 343 2002 τῶν
369 1953 621 2015 Ἰουδαίων,
646 1953 824 2006 ἐννοίας
856 1952 946 2016 ἤδη
982 1952 1064 2006 τὰς
1090 1955 1158 2004 ἐπ’
1189 1956 1314 2024 αὐτῷ
1342 1952 1577 2018 λαμβάνει
1603 1956 1790 2018 γοργῶς
1816 1953 1841 2002 ὁ

248 2034 362 2086 ποτὲ
396 2033 580 2102 τυφλὸς
617 2033 711 2086 ἀπὸ
748 2040 831 2085 τοῦ
867 2034 1119 2098 θαύματος,
1147 2036 1292 2099 μόνον
1319 2036 1366 2087 δὲ
1403 2036 1506 2102 οὐχὶ
1541 2037 1614 2085 καὶ
1650 2031 1842 2100 ἁρπάζει

248 2117 366 2182 πρὸς
410 2118 674 2178 βεβαίωσιν
713 2121 806 2167 τῶν
846 2118 1026 2167 οἰκείων
1065 2121 1395 2184 διαλογισμῶν
1434 2122 1528 2168 τῶν
1564 2117 1842 2183 Φαρισαίων

248 2198 302 2249 τὸ
340 2201 483 2265 ῥῆμα.
543 2200 581 2250 ἐν
622 2198 758 2268 τούτῳ
802 2198 893 2267 ’γάρ
932 2200 1085 2265 φησίν
1125 2201 1215 2251 ε’σ-τι
1258 2201 1303 2251 τὶ
1343 2198 1629 2267 παράδοξον,
1669 2198 1729 2249 ὅτι
1766 2202 1841 2249 οὐκ
1861 2224 1910 2262 25

251 2278 395 2331 οἴδατε
423 2279 546 2331 πόθεν
573 2281 679 2343 ἐστὶ,
711 2285 788 2331 καὶ
818 2279 1053 2349 ἤνοιξέμου
1079 2281 1177 2336 τοὶς
1202 2281 1479 2350 ὀφθαλμούς.
1531 2280 1633 2343 δυό,
1665 2282 1839 2348 φησὶν,

249 2362 341 2429 ε”χω
373 2367 561 2426 σημεῖα,
589 2363 665 2412 καὶ
703 2362 836 2426 μάλα
872 2365 1025 2429 σαφῆ,
1051 2369 1133 2414 τοῦ
1168 2363 1310 2414 αὐτὸν
1343 2361 1457 2413 εἶναι
1496 2362 1578 2412 τὸν
1603 2360 1837 2428 Χριστόν.

250 2445 353 2495 οὔτε
396 2443 489 2510 γὰρ
535 2444 687 2494 οἴδατε
730 2443 877 2495 πόθεν
918 2446 1063 2508 ἐστὶν,
1104 2444 1236 2496 ἀλλὰ
1280 2447 1355 2496 καὶ
1400 2444 1564 2513 ἤνοιξέ
1599 2467 1691 2506 μου
1735 2442 1843 2497 τοὺς

250 2525 546 2593 ὀφθαλμούς.
602 2525 740 2579 αὐτὸς
767 2526 848 2576 οὖν
876 2525 967 2591 ἄρα
995 2526 1128 2580 οὗτος
1160 2531 1333 2595 σαφῶς
1369 2528 1393 2576 ὁ
1429 2526 1505 2576 διὰ
1542 2525 1684 2588 νόμου
1719 2548 1837 2592 προ-

212 2632 232 2657 c
249 2607 501 2671 βοώμενος,
529 2609 604 2657 καὶ
630 2606 705 2658 διὰ
732 2610 894 2675 φωνῆς
919 2613 1181 2677 προφητῶν
1208 2608 1603 2675 μαρτυρούμενος.
1863 2634 1912 2670 30

302 2752 332 2775 2.
358 2741 418 2785 τὴν
434 2743 644 2775 τοῦ-τόκου
664 2741 706 2775 Β.
726 2743 784 2775 τὸν
800 2743 1010 2776 τοῦ-τόκον
1027 2742 1225 2776 emendavit
1247 2742 1366 2776 Holst.
1495 2742 1528 2775 8.
1553 2741 1748 2785 φανοτάτην
1765 2752 1842 2774 cor-

252 2788 323 2820 rexi
342 2800 382 2821 ex
401 2800 431 2822 a.
449 2789 651 2833 φανωτάτην
671 2788 736 2822 Ed.
846 2801 879 2834 9.
905 2789 1041 2834 ’γένεσιν
1059 2801 1089 2824 a.
1200 2800 1255 2823 21.
1283 2789 1338 2822 ἐπὶ
1355 2790 1494 2833 Χριστῷ
1514 2788 1684 2822 ἀσυνέτως
1701 2787 1842 2820 inverso

252 2833 375 2866 ordine
393 2847 423 2867 a.
546 2846 600 2879 23.
629 2836 706 2880 οὐχὶ
724 2836 759 2869 δέ
778 2835 918 2869 inverso
937 2835 1058 2869 ordine
1077 2848 1106 2869 a.
1233 2847 1288 2877 24.
1315 2836 1549 2879 διαλογισμῶν
1566 2838 1631 2867 τῶν
1649 2833 1844 2877 Φαρισαίων

253 2881 445 2924 assumpsit
470 2893 487 2914 e
513 2880 589 2915 Cat.
611 2881 711 2915 Harl.
732 2881 826 2915 Aul).
846 2889 880 2915 et
906 2882 951 2915 ita
977 2894 1007 2916 a.
1060 2882 1155 2916 Haec
1182 2882 1321 2924 retinui,
1348 2893 1458 2926 quum
1484 2880 1540 2914 hic
1566 2891 1637 2914 non
1664 2879 1843 2914 abbreviat

255 2925 413 2960 Niketas.
559 2937 612 2972 27.
639 2929 698 2962 τὸν
715 2940 785 2963 om.
805 2940 834 2962 a.
855 2928 985 2962 habent
1004 2940 1032 2962 ce
1054 2928 1161 2963 Cord.
