2037 3266
323 125 408 165 494
727 125 778 165 B.
811 124 1085 166 CYRILLI
1127 124 1514 166 ALEXANDR.
1742 124 1825 166 xiv,
1848 137 1913 167 22.

285 256 307 283 e
325 233 460 299 ἕτερα
486 232 533 285 δὲ
559 233 678 300 πρὸς
703 234 884 288 τούτοις
915 233 1268 286 ἀποκαλύπτων
1293 235 1545 301 μυστήρια.
1605 234 1680 285 διὰ
1715 235 1808 300 γάρ
1841 257 1915 285 τοι

324 321 463 367 τοῦτο
501 318 577 367 καὶ
615 317 833 370 συνέντες
871 318 1078 383 ἀκριβῶς
1117 315 1250 379 αὐτὰ,
1286 316 1399 368 ποτὲ
1440 316 1525 381 μὲν
1563 317 1803 382 λέγουσιν,
1843 316 1915 366 ὅτι

105 401 251 476 {3⁰¹2st
325 404 353 427 “
373 398 482 461 ἡμῖν
507 396 591 461 μὲν
616 397 928 466 ἀπεκάλυψεν
953 400 977 449 ὁ
1005 397 1128 453 Θεὸς
1160 398 1235 450 διὰ
1266 403 1349 449 τοῦ
1377 398 1703 460 Πνεύματος,”
1723 396 1838 450 ποτὲ
1866 397 1915 448 δὲ

102 494 219 526 Ib-16-
323 481 471 532 πάλιν
498 488 525 510 “
543 482 711 544 Ἡμεῖς
737 479 787 530 δὲ
813 486 924 531 νοῦν
949 484 1168 548 Χριστοῦ
1194 480 1401 549 ε”χομεν,”
1420 486 1531 532 νοῦν
1555 479 1668 532 εἶναι
1695 480 1916 546 λέγοντες

324 563 378 614 τὸ
408 567 602 627 Πνεῦμα
630 565 785 615 αὐτοῦ.
1934 582 1958 620 5

258 741 304 766 22
357 725 476 771 ΛέΓει
514 724 631 778 αὐτῷ
663 723 844 775 Ἰούδας,
876 725 950 779 οὐχ
987 725 1010 765 ὁ
1042 723 1324 781 ἸσκαριὼτΗο
1364 725 1501 781 Κύριε,
1534 723 1572 765 τί
1610 724 1778 771 ΓὲΓονεν
1815 724 1883 765 ὅτι

442 804 542 855 ἡμῖν
579 807 752 855 μέλλεις
790 806 1034 864 ἐμφανίζειν
1073 807 1252 849 σεαυτὸν
1292 808 1361 849 καὶ
1398 807 1488 863 οὐχὶ
1524 808 1586 862 τῷ
1624 809 1798 860 κόσμῳ,

278 922 305 963 d
398 915 493 984 Ἐξ
516 914 703 982 ἀγάπης
728 915 813 980 μὲν
840 915 1027 982 πρόεισι
1056 915 1466 985 φιλοπευστήσων
1487 918 1512 967 ὁ
1539 914 1766 980 μαθητὴς,
1785 913 1917 979 πλὴν

323 998 406 1048 οὐκ
442 1000 649 1062 ἀκριβῶς
685 999 850 1063 ὁρᾶται
885 1001 1043 1052 συνεὶς
1078 1005 1161 1050 τοῦ
1189 1002 1410 1064 Σωτῆρος
1446 999 1529 1050 τὸν
1554 997 1719 1064 λόγον.
1775 999 1799 1049 ὁ
1831 998 1916 1062 μὲν

322 1079 417 1146 γὰρ
459 1081 634 1146 Κύριος
673 1081 805 1143 ἡμῶν
844 1082 1034 1144 Ἰησοῦς
1073 1082 1098 1132 ὁ
1140 1080 1355 1147 Χριστὸς
1398 1081 1637 1150 ἐξαίρετόν
1678 1104 1782 1131 τινα
1819 1085 1915 1134 τοῖς
1939 1099 1989 1124 10

324 1162 474 1227 ἁγίοις
525 1164 800 1230 ὑπισχνεῖτο
845 1162 932 1228 τὴν
977 1167 1172 1229 γνῶσιν,
1218 1165 1295 1214 καὶ
1346 1165 1449 1231 οὐχὶ
1500 1168 1557 1231 τῇ
1609 1168 1705 1214 τῶν
1749 1163 1917 1213 ἄλλων

323 1245 719 1310 παρεικασμένην.
783 1244 1049 1312 ἰσχνότεροι
1083 1245 1176 1313 γάρ
1212 1248 1288 1297 καὶ
1322 1245 1442 1297 κατὰ
1468 1245 1595 1297 πολὺ
1622 1244 1918 1310 διειδέστεροι

324 1332 419 1378 τῶν
446 1328 581 1378 θείων
608 1329 882 1394 μυστηρίων
909 1331 951 1378 οἱ
986 1331 1278 1396 χαρακτῆρες
1313 1330 1360 1379 ἐν
1393 1333 1489 1382 τοῖς
1523 1328 1788 1395 ἀνθρώποις
1821 1333 1919 1382 τοῖς

326 1410 464 1463 θείοις
509 1410 856 1473 ἐκλάμπουσιν·
908 1413 956 1461 ἐν
992 1411 1040 1461 δὲ
1081 1415 1177 1464 τοῖς
1221 1412 1350 1462 οὔπω
1391 1411 1510 1476 πρὸς
1549 1396 1688 1461 τοῦτο
1732 1414 1918 1477 φρενῶν

326 1493 644 1558 καθαρότητος
687 1492 977 1560 ἀφιγμένοις,
1019 1495 1081 1546 ὡς
1120 1495 1242 1543 ἑλεῖν
1281 1493 1513 1543 δύνασθαι
1551 1496 1784 1558 λαμπρῶς
1823 1496 1917 1543 τῶν
1940 1509 1988 1548 15

326 1572 442 1639 ὑπὲρ
477 1572 628 1638 λόγον
660 1573 746 1637 τὴν
777 1575 959 1638 εἴδησιν
996 1573 1072 1625 διὰ
1107 1577 1191 1638 τῆς
1229 1581 1312 1626 τοῦ
1342 1575 1619 1639 Πνεύματος
1656 1578 1844 1639 δωρεᾶς,
1869 1575 1918 1625 ἐν

287 1656 497 1710 θάπλοῖς
533 1656 559 1720 ἡ
595 1661 774 1722 γνῶσις
811 1658 973 1722 ὁρᾶται
1010 1663 1276 1723 λογισμοῖς,
1304 1659 1378 1707 καὶ
1410 1656 1530 1707 κατὰ
1563 1657 1708 1720 μόνον
1733 1658 1837 1707 ἐστὶ
1862 1654 1918 1707 τὸ

326 1738 489 1789 εἰδέναι
528 1737 687 1805 τυχὸν,
721 1737 792 1788 ὅτι
828 1739 949 1792 Θεός
987 1741 1119 1789 ἐστιν
1152 1741 1176 1789 ὀ
1212 1739 1426 1805 Χριστὸς
1465 1741 1540 1789 καὶ
1572 1738 1686 1792 Υἱὸς
1727 1740 1918 1802 ἀληθῶς

325 1825 409 1871 τοῦ
436 1820 556 1870 κατὰ
592 1820 742 1889 φύσιν
772 1824 913 1871 Θεοῦ.
971 1821 1209 1885 τοσαύτης
1243 1827 1492 1887 τοιγαροῦν
1518 1821 1697 1890 μεταξὺ
1729 1820 1914 1888 χωρού-

326 1925 418 1967 σης
461 1905 544 1966 τῆς
588 1906 833 1970 διαφορᾶς,
874 1905 949 1953 καὶ
995 1903 1114 1954 κατὰ
1158 1902 1285 1954 πολὺ
1332 1904 1627 1969 διειργούσης
1670 1909 1765 1954 τῶν
1802 1905 1912 1969 ἀγε-
1940 1925 1990 1950 20

326 1985 476 2035 λαίων
503 1985 588 2049 τὴν
622 1989 804 2050 γνῶσιν
836 1988 920 2049 τῆς
954 1987 1001 2036 ἐν
1035 1990 1132 2039 τοῖς
1168 1987 1317 2051 ἁγίοις
1353 1986 1685 2052 θεωρουμένης,
1712 1988 1914 2053 ἀδιαφο-

325 2065 480 2132 ρήσας
526 2067 550 2117 ὁ
595 2065 810 2131 μαθητὴς
853 2068 1107 2134 πρόσεισιν
1146 2070 1332 2134 ἐρωτῶν
1365 2068 1500 2119 Ἀνθ’
1539 2067 1648 2119 ὅτου
1686 2067 1752 2132 μὴ
1796 2072 1919 2118 πᾶσι

327 2154 423 2202 τοῖς
468 2147 588 2199 κατὰ
632 2149 718 2213 τὴν
766 2151 1039 2213 οἰκουμένην
1085 2150 1417 2218 ἀποκαλύψειν
1454 2149 1632 2211 ἑαυτὸν,
1672 2149 1830 2212 μόνοις
1870 2148 1920 2200 δὲ

327 2236 423 2284 τοῖς
461 2233 610 2296 ἁγίοις
643 2231 1008 2297 ἐπαγγέλλεται.
1066 2231 1120 2282 τὸ
1160 2232 1214 2281 δέ
1248 2235 1303 2282 Ti
1334 2232 1505 2297 ’γέγονεν
1543 2233 1775 2293 ἀναβοῶν,
1802 2231 1926 2282 ε”οικέ

108 2332 194 2366 829
211 2330 263 2365 Α.
291 2336 372 2364 ειτι
399 2318 611 2363 τοιοῦτον
639 2313 995 2364 ὑπαινίττεσθαι
1022 2314 1194 2364 θέλειν·
1237 2312 1421 2367 σκοπός
1456 2336 1549 2375 σοι,
1578 2316 1714 2381 φησὶ,
1738 2317 1821 2377 τῆς
1855 2317 1917 2368 εἷς
1939 2334 1989 2373 25

328 2394 449 2458 ἡμᾶς
476 2395 695 2463 ἀφίξεως,
723 2393 758 2444 ῶ
786 2394 1029 2456 Δέσποτα,
1058 2394 1111 2446 τὸ
1145 2394 1210 2458 μὴ
1245 2397 1342 2446 τισὶ
1369 2395 1454 2458 μὲν
1478 2395 1567 2445 ἀνὰ
1597 2395 1737 2462 μέρος
1771 2395 1914 2461 γινώ-

329 2480 546 2539 σκεσθαι,
589 2479 687 2527 τισὶ
732 2476 780 2527 δὲ
825 2478 991 2527 οὐκέτι·
1047 2477 1275 2541 ἠκούομεν
1314 2477 1407 2544 γὰρ
1453 2479 1501 2527 ἐν
1539 2477 1807 2545 προφήταις
1846 2477 1918 2528 ὅτι

391 2558 411 2575 5!
646 2564 665 2572 Α
837 2559 849 2575 X
995 2558 1008 2573 Χ
1181 2559 1191 2574 Ι
1399 2565 1417 2574 Α
1565 2560 1625 2575 Α),
1683 2562 1692 2576 ³
1780 2558 1792 2576 ἵ
1902 2561 1917 2577 X

107 2572 267 2611 Es.x1.5.
330 2567 355 2588 ‘⁶
383 2562 555 2627 οψεται
599 2582 737 2610 πασα
787 2559 922 2627 σαρξ
963 2582 1016 2610 το
1060 2583 1296 2626 σωτηριον
1335 2583 1418 2610 του
1459 2563 1600 2622 Θεου,
1667 2566 1798 2610 αλλα
1842 2582 1918 2609 και

107 2640 205 2671 Ζηοὶι.
225 2641 257 2672 ii.

374 2642 383 2655 ,
423 2641 434 2654 x
508 2642 516 2656 ‚
580 2641 592 2657 Ι
792 2645 811 2654 Α
981 2641 992 2655 Ι
1204 2643 1217 2659 x
1280 2642 1289 2656 ‚
1409 2641 1418 2659 Ι
1587 2641 1597 2656 Ι
1839 2640 1851 2656 x

111 2692 150 2714 10
178 2694 211 2714 H
329 2664 467 2694 αυτος
495 2646 687 2708 εφωνεις
713 2647 844 2701 βοων
870 2648 897 2669 “
920 2645 1109 2706 Τερπου
1144 2664 1219 2692 και
1245 2648 1509 2710 ευφραινου,
1538 2646 1743 2707 θυγατερ
1770 2644 1914 2704 Σιων,

331 2730 357 2752 “
383 2722 452 2772 ὅτι
492 2721 590 2773 ἰδοὺ
630 2722 723 2788 ἐγὼ
770 2723 965 2789 ἔρχομαι
1010 2725 1086 2773 καὶ
1131 2723 1492 2787 κατασκηνώσω
1537 2725 1585 2774 ἐν
1623 2723 1756 2792 μέσῳ
1802 2746 1912 2786 σου,
1939 2744 1990 2781 30

329 2812 356 2834 ἐς
431 2803 443 2819 Ι
617 2804 627 2819 Ι
840 2807 854 2822 x
1100 2804 1110 2820 Ι
1325 2805 1346 2821 ³!
1614 2804 1626 2822 Χ
1745 2805 1758 2820 Χ
1867 2805 1880 2820 N

383 2811 511 2870 λεγει
552 2808 740 2871 Κυριος,
781 2828 857 2855 και
898 2805 1276 2874 καταφευξονται
1317 2809 1426 2868 εθνη
1465 2812 1633 2856 πολλα
1673 2828 1790 2872 προς
1834 2828 1918 2856 τον

564 2938 595 2973 7.
623 2930 755 2974 σεαυτῷ
776 2928 817 2963 Ε.
1220 2939 1274 2974 23.
1302 2927 1524 2975 ἀποκαλύψω
1541 2929 1622 2973 (sic)
1642 2928 1683 2963 E.
