2037 3266
79 1155 243 1188 Cf.Ps.eii.
264 1171 285 1199 ρ

81 2139 186 2169 Exod.

80 2183 146 2213 xvi.
162 2181 209 2213 16.

80 2476 131 2507 lb.
150 2476 197 2507 18.

300 125 386 166 374
706 127 756 168 B.
791 127 1070 169 CYRILLI
1111 128 1492 169 ALEXANDR.
1716 127 1802 168 xiii.
1824 140 1888 182 29.

236 299 284 335 29
304 296 429 340 Τινὲς
472 297 518 340 δὲ
560 298 754 352 ἐδόκουν,
799 300 892 342 ἐπεὶ
940 300 988 343 τὸ
1039 302 1345 351 Γλωσοόκομον
1390 297 1501 357 εἶχεν
1545 302 1567 344 ὃ
1603 300 1785 351 Ἰούδας,
1828 301 1893 341 ὅτι

372 377 487 423 εἶπεν
529 383 647 436 αὐτῷ
689 384 711 424 ὀ
746 383 909 425 ἸΗσοῦε
941 384 1179 441 ἈΓόρασον
1226 384 1286 427 ὧν
1332 385 1477 442 χρείαν
1521 384 1674 441 ἔχομεν
1713 381 1773 425 εἰς
1815 382 1893 425 τήν

258 457 285 498 b
371 464 542 520 ἑορτύψ
594 465 618 506 εἳ
657 462 746 507 τοῖς
784 463 971 522 Πτωχοῖς
1008 467 1077 507 ἵνα
1115 484 1153 509 τι
1191 467 1264 522 ὃῲ.

378 586 454 634 Οὐ
480 584 715 638 συνιέντες
742 588 782 635 οἱ
817 586 1025 649 μαθηταὶ
1060 591 1144 637 τοῦ
1178 585 1327 652 λόγου
1362 585 1448 651 τὴν
1472 585 1682 650 δύναμιν,
1710 587 1783 637 ἐπὶ
1809 585 1893 640 τὰς

302 664 522 728 συνήθεις
556 666 775 721 ὑπονοίας
811 668 1145 734 εὐπετέστερον
1176 668 1412 736 τρέχουσι,
1441 673 1515 719 καὶ
1549 667 1668 735 ἅπερ
1700 666 1758 732 ἧν
1789 668 1892 721 ε”θος
1913 688 1935 726 5

302 750 368 816 τῷ
397 750 582 813 Σωτῆρι
607 747 937 813 προστάττειν,
963 755 1110 800 ταῦτα
1147 749 1293 800 πάλιν
1320 749 1462 800 αὐτὸν
1489 750 1662 800 οἴονται
1697 753 1888 814 δηλοῦν.

301 827 444 894 ἐγγυς
468 828 561 895 γὰρ
589 831 736 894 οὔσης
762 833 846 894 τῆς
876 832 1050 898 ἑορτῆς,
1077 830 1446 898 προσεδόκησάν
1471 855 1514 882 τι
1541 836 1636 882 τῶν
1663 836 1721 887 εἰς
1749 830 1894 896 αὐτὴν

301 911 572 975 ἐπιτηδείων
600 912 881 979 ἐκπρίασθαι
908 912 1113 964 κελεύειν
1140 914 1265 982 αὐτῷ
1291 917 1357 983 τῷ
1382 914 1707 982 γλωσσόκομον
1727 913 1893 981 ἔχοντι,

301 992 449 1056 ἤγουν
484 992 701 1057 μάλιστα
739 992 794 1045 τὸ
839 995 965 1063 αὐτῷ
1009 995 1430 1060 περισπούδαστον
1469 995 1697 1063 ἐξανῦσαι
1740 1017 1894 1061 προσ-

302 1073 500 1137 τάττειν,
542 1076 774 1138 τουτέστι,
815 1075 874 1127 τὰ
918 1081 1013 1130 τοῖς
1059 1076 1293 1140 δεομένοις
1336 1078 1593 1143 ἐπαρκέσαι
1635 1076 1888 1141 δυνάμενα,
1917 1101 1965 1127 10

303 1156 423 1207 κατά
449 1179 501 1222 γε
528 1157 582 1208 τὸ
609 1162 703 1208 τῶν
730 1158 1180 1225 προσκομιζομένων
1206 1160 1392 1226 μέτρον.
1447 1158 1658 1226 χρηστὸς
1689 1159 1782 1225 γὰρ
1817 1160 1895 1209 καὶ

302 1238 514 1303 ἐλεήμων
566 1241 591 1290 ὁ
644 1239 833 1306 Κύριος,
884 1240 1003 1291 κατὰ
1063 1240 1117 1291 τὸ
1177 1241 1519 1308 γεγραμμένον.
1599 1242 1795 1307 ἄριστος
1846 1240 1894 1292 δὲ

302 1321 499 1389 σφόδρα
551 1324 626 1372 καὶ
679 1322 789 1386 ἡμῖν
840 1324 995 1376 αὐτοῖς
1047 1323 1072 1373 ὁ
1123 1328 1206 1374 τοῦ
1257 1323 1537 1389 πράγματος
1594 1323 1895 1389 εὑρεθήσεται

302 1402 463 1456 τύπος.
536 1407 705 1470 χρῆναι
755 1402 849 1469 γὰρ
900 1402 1027 1468 οἶμαι
1072 1404 1180 1457 τους
1224 1403 1455 1470 ἑορτάζειν
1499 1403 1761 1468 ἐθέλοντας,
1803 1427 1889 1455 κα-

303 1488 459 1550 θαρῶς
486 1508 534 1535 τε
561 1488 635 1536 καὶ
664 1486 962 1552 ἀρεσκόντως
991 1489 1113 1555 Θεῷ,
1141 1487 1244 1553 οὐχὶ
1270 1486 1417 1551 μόνης
1452 1489 1536 1551 τῆς
1570 1490 1714 1555 σφῶν
1741 1487 1894 1537 αὐτῶν
1917 1507 1963 1546 15

303 1567 520 1629 εὐθυμίας
564 1571 802 1618 ποιεῖσθαι
848 1569 1014 1632 λόγον,
1058 1567 1162 1619 οὐδὲ
1203 1568 1330 1621 ὅπως
1372 1567 1431 1619 ἂν
1468 1569 1598 1619 αὐτοὶ
1642 1570 1717 1619 καὶ
1761 1567 1896 1632 μόνοι

304 1651 561 1700 διατελοῖεν
603 1653 778 1715 ἱλαρῶς
827 1654 1060 1716 προνοεῖν,
1100 1650 1476 1701 συναναπλέκειν
1513 1650 1561 1701 δὲ
1605 1655 1798 1713 μᾶλλον
1837 1654 1896 1718 τῇ

304 1730 448 1800 οἰκείᾳ
473 1733 686 1799 φροντίδι
723 1734 797 1782 καί
830 1730 916 1795 τὴν
945 1733 1020 1783 ἐπὶ
1052 1737 1148 1785 τοῖς
1184 1733 1416 1795 δεομένοις
1453 1732 1617 1801 φειδώ.
1671 1731 1775 1783 τότε
1802 1730 1896 1799 γὰρ

304 1811 407 1863 τότε
444 1813 525 1864 τὸν
551 1816 633 1878 τῆς
668 1818 731 1867 εἰς
767 1813 1013 1877 ἀλλήλους
1047 1814 1235 1879 ἀγάπης
1271 1816 1659 1880 ἀποπληροῦντες
1695 1813 1892 1878 θεσμὸν,

260 1901 286 1941 d
306 1893 471 1962 ἑορτὴν
498 1894 643 1949 ὅντως
669 1895 988 1960 πνευματικὴν
1015 1897 1349 1960 ε’πιτελέσομεν
1375 1900 1441 1966 τῷ
1468 1899 1653 1963 Σωτῆρι
1678 1899 1894 1965 Χριστῷ.
1916 1914 1966 1940 20

305 1976 544 2043 τοιγάρτοι
570 1980 646 2028 καὶ
681 1979 706 2028 ὁ
742 1977 893 2029 πάλαι
918 1983 1014 2032 τοῖς
1040 1979 1282 2032 Ἰουδαίοις
1307 1981 1654 2032 διακελευσθεὶς
1681 1976 1822 2041 νόμος
1847 1978 1897 2028 ἐν

305 2063 363 2126 τῇ
390 2065 472 2110 τοῦ
497 2058 652 2123 μάννα
678 2062 959 2127 συγκομιδῇ,
989 2061 1041 2110 οὐ
1067 2059 1227 2123 μόνοις
1253 2061 1410 2113 αὐτοῖς
1437 2060 1602 2129 ἐφίησι
1635 2058 1896 2125 συλλέγειν

304 2140 413 2195 τοὺς
446 2147 585 2192 τοῦτο
619 2142 843 2208 πράττειν
876 2142 1147 2209 ἰσχύοντας·
1191 2142 1481 2195 “”Ἐκαστος
1516 2141 1625 2207 γὰρ,
1653 2142 1791 2209 φησί,
1818 2144 1895 2191 καὶ

304 2229 332 2251 “
357 2228 454 2277 τοῖς
480 2223 738 2287 συσκήνοις
766 2225 895 2286 ὑμῶν
921 2223 1238 2291 συλλεξατε.”
1291 2226 1327 2273 εἰ
1355 2223 1448 2289 γάρ
1474 2245 1543 2276 τις
1569 2221 1773 2286 ἠτόνησε
1799 2226 1895 2272 τῶν

304 2304 586 2369 ὁμοσκήνων
610 2306 778 2367 αὐτοῖς,
806 2308 848 2354 οἱ
873 2303 938 2368 μὴ
963 2310 1103 2354 τοῦτο
1128 2303 1429 2367 πεπονθότες,
1453 2308 1702 2371 κιχρῶντες
1729 2303 1894 2370 ὥσπερ
1914 2321 1963 2361 25

303 2386 429 2455 αὐτῷ
464 2385 549 2450 τὴν
577 2387 697 2436 ἰδιάν
724 2384 881 2453 ἰσχὺν,
910 2384 1219 2451 συνεκόμιζον
1244 2390 1310 2455 τῷ
1346 2386 1498 2455 οἰκείῳ
1532 2384 1687 2455 μέτρῳ
1728 2387 1803 2436 καὶ
1838 2384 1893 2437 τὸ

302 2472 399 2521 τοῖς
424 2467 594 2533 ἑτέροις
620 2471 806 2534 ἀρκοῦν,
833 2468 908 2518 ἵνα
935 2467 1055 2518 κατὰ
1081 2467 1135 2519 τὸ
1162 2467 1502 2534 γεγραμμένον,
1530 2469 1555 2518 ὁ
1577 2467 1662 2531 μὲν
1687 2466 1741 2519 τὸ
1768 2466 1895 2518 πολὺ

264 2574 285 2599 e
302 2548 368 2614 μὴ
394 2548 657 2617 πλεονάσῃ,
686 2551 710 2600 ὁ
743 2549 791 2600 δὲ
827 2548 881 2600 τὸ
918 2548 1119 2600 ἐ’λαττον
1144 2548 1209 2614 μὴ
1235 2552 1498 2618 ἐλαττωθῇ.
1555 2551 1677 2600 οὕτω
1703 2547 1797 2615 γὰρ
1822 2547 1893 2613 ἧν,

304 2631 608 2698 ἀνακράσεως
635 2629 799 2698 ὥσπερ
823 2631 949 2686 τινὸς
976 2631 1245 2697 γενομένης,
1272 2631 1356 2683 τὸν
1381 2634 1463 2695 τῆς
1490 2630 1708 2695 ἰσότητος
1740 2627 1894 2681 ἅπασι

305 2711 544 2778 σώζεσθαι
580 2713 744 2779 λόγον.
801 2715 953 2764 ἀδικεῖ
987 2719 1240 2780 τοιγαροῦν
1272 2713 1355 2765 τὸν
1389 2718 1489 2767 ταῖς
1527 2713 1682 2778 ἁγίαις
1714 2711 1894 2778 ἑορταῖς
1913 2728 1963 2765 30

356 2873 385 2897 1.
411 2862 518 2897 ἐδόκει
537 2863 577 2897 Ε.
674 2864 706 2905 8,
722 2876 755 2910 9.
782 2864 1326 2910 ἐπιτηδείων-περισπούδαστον
1344 2875 1413 2900 om.
1429 2864 1470 2899 Ε.
1568 2874 1601 2907 9.
1626 2860 1832 2907 προστάττει
1849 2860 1892 2895 Ε.

307 2935 361 2967 24.
388 2919 592 2969 συλλέξετιειι
614 2927 654 2961 Ε.
796 2937 853 2971 30.
880 2926 990 2961 ἀδικοῖ
1009 2927 1048 2961 Ε.
