2001 3261
298 116 382 155 154
700 117 750 157 B.
784 115 1062 157 CYRILLI
1104 116 1486 158 ALEXANDR.
1770 118 1827 159 ix,
1847 126 1886 171 5.

297 232 324 254 ‘⁶
351 247 465 275 ωται
505 223 599 276 ἀπὸ
637 228 721 289 τῆς
759 226 1034 292 ἁμαρτιάς,”
1063 225 1182 277 κατὰ
1220 225 1307 290 τὴν
1340 233 1425 278 τοῦ
1464 227 1666 278 Παύλου
1698 226 1882 295 φωνὴν,

297 305 391 357 ἀπὸ
436 312 520 357 τοῦ
564 307 709 371 μηδὲν
753 307 986 359 δύνασθαι
1037 311 1155 374 δρᾶν
1199 308 1291 378 ἔξω
1336 311 1411 359 καὶ
1458 315 1541 360 τοῦ
1587 312 1888 373 πλημμελεῖν

297 388 640 455 εὑρισκόμενος.

371 469 516 522 Οἶδεν
542 471 626 535 μὲν
652 472 733 523 οὖν
760 469 881 522 οἶδεν
907 471 935 535 ἡ
963 475 1064 523 θεῖα
1090 471 1256 540 γραφὴ
1282 474 1361 523 καὶ
1392 473 1565 540 ἡμέρας
1601 475 1684 537 τῆς
1723 475 1889 537 νοητῆς

297 553 455 620 ἕτερον
482 553 646 620 λόγον,
670 555 745 605 καὶ
773 554 917 604 νύκτα
944 553 992 604 δὲ
1019 555 1152 605 οὐδὲν
1177 554 1321 619 ἧττον
1345 553 1476 622 παρὰ
1506 555 1681 619 ταύτην
1707 554 1884 621 ἑτέραν.
1909 573 1932 612 5

298 637 408 686 ἀλλ’
438 637 486 687 ἐν
518 640 663 704 καιρῷ
701 639 768 704 τῷ
805 636 1034 702 πρέποντι
1073 641 1168 687 τῶν
1208 636 1456 701 νοημάτων
1495 637 1697 687 ἕκαστον
1729 659 1884 703 παρα-

260 717 478 786 Οδεχθέν,
514 721 706 782 ἀπλανῆ
745 722 839 769 τῶν
875 716 1169 783 ζητουμένων
1201 717 1288 783 τὴν
1323 721 1521 786 θεωρίαν
1558 719 1780 787 ἐκφαίνει.
1835 717 1889 769 τὸ

298 800 347 852 δὲ
382 801 453 869 ἐφ’
483 798 513 852 ἂ
546 800 611 865 μὴ
649 803 877 866 προσῆκε,
906 803 981 851 καὶ
1022 800 1099 852 ὅτε
1137 801 1201 866 μὴ
1237 804 1310 852 δεῖ
1340 800 1602 868 περιέλκειν
1635 803 1892 867 πειρᾶσθαι

296 884 461 945 βιαίως
503 888 566 937 εἷς
605 882 924 947 πνευματικὴν
966 883 1211 949 ἑρμηνείαν
1253 882 1307 935 τὸ
1353 887 1602 949 ἱστορικῶς
1648 885 1887 952 ὠφελοῦν,

297 965 429 1017 οὐδὲν
463 964 618 1032 ἕτερόν
654 967 801 1024 ἐστιν,
830 964 858 1030 ὴ
894 971 1093 1033 συγχεῖν
1129 967 1296 1020 ἁπλῶς
1331 964 1385 1017 τὸ
1420 965 1708 1032 ἀπεριέργως
1745 971 1885 1015 λυσι-
1914 983 1961 1008 10

297 1053 479 1111 τελοῦν,
519 1050 595 1099 καὶ
635 1046 689 1099 τὸ
732 1047 971 1115 χρήσιμον
1011 1047 1208 1100 αὐτόθεν
1245 1050 1295 1100 ἐκ
1339 1051 1528 1112 πολλῆς
1573 1046 1769 1116 σφόδρα
1809 1048 1892 1110 τῆς

298 1130 500 1195 ἀμαθίας
538 1134 849 1181 καταθολοῦν.

259 1305 281 1343 5
504 1302 642 1344 ’Ὀταν
680 1299 717 1343 ὦ
753 1302 798 1343 ὲν
836 1303 898 1356 τῴ
937 1302 1094 1356 κόσμῳ,
1133 1301 1228 1357 ῳώο
1266 1299 1350 1349 εἰμι
1387 1305 1461 1342 τοῦ
1501 1301 1674 1350 κόσμου.

365 1414 496 1483 ςΑρα
534 1416 628 1483 γὰρ
667 1417 791 1471 ὅλως
832 1417 914 1467 οὐκ
953 1414 1072 1466 εἶναί
1112 1439 1228 1467 ποτε
1268 1421 1517 1480 νομιοῦμεν
1556 1416 1594 1467 ἐν
1633 1421 1694 1486 τῷ
1737 1415 1891 1488 κόσμῳ

256 1497 531 1565 ᾱΧριστὸν,
558 1497 586 1563 ἢ
622 1498 960 1567 ἀναληφθέντα
995 1497 1114 1565 πρὸς
1150 1497 1349 1565 οὐρανὸν
1373 1497 1491 1563 μετὰ
1523 1497 1608 1562 τὴν
1635 1499 1685 1549 ἐκ
1718 1503 1891 1564 νεκρῶν
1913 1519 1960 1558 15

300 1580 578 1643 ἀναβίωσιν,
595 1581 678 1631 οὐκ
703 1582 915 1645 ἐνδημεῖν
936 1580 1002 1630 ε”τι
1029 1585 1125 1634 τοῖς
1151 1582 1198 1631 ἐν
1219 1583 1336 1650 τῶδε
1364 1584 1430 1649 τῶ
1456 1581 1547 1649 βίῳ
1574 1579 1887 1643 πιστεύομεν;

299 1664 449 1714 καίτοι
481 1662 602 1717 Θεὸς
639 1661 865 1730 ὑπάρχων
899 1663 1124 1726 ἀληθινὸς
1164 1663 1250 1730 οὐχ
1290 1662 1417 1716 ὅπως
1456 1662 1678 1727 οὐρανοὺς
1717 1665 1793 1713 καὶ
1831 1662 1890 1713 τὰ

297 1744 506 1796 ἐπέκεινα
543 1750 626 1796 τοῦ
662 1745 989 1811 στερεώματος
1027 1744 1186 1809 μόνον,
1224 1743 1353 1795 ἀλλὰ
1393 1747 1469 1795 καὶ
1507 1743 1593 1809 τὴν
1633 1743 1741 1795 καθ’
1770 1745 1890 1809 ἡμᾶς

298 1827 573 1892 οἰκουμένην
603 1832 786 1893 πληροῖ
812 1850 863 1878 τε
899 1829 973 1878 καὶ
1009 1828 1231 1894 περιέπει·
1277 1830 1352 1878 καὶ
1388 1827 1552 1893 ὥσπερ
1587 1828 1635 1878 ἐν
1671 1830 1788 1895 τῷδε
1823 1830 1889 1896 τῷ

298 1908 467 1978 κόσμῳ
492 1908 612 1971 μετὰ
637 1907 817 1976 σαρκὸς
844 1909 1108 1976 ἀνθρώποις
1136 1909 1530 1974 συνδιαιτώμενος
1557 1913 1653 1959 τῶν
1679 1910 1889 1974 οὐρανῶν
1910 1936 1961 1962 20

299 1991 383 2042 οὐκ
424 1991 797 2055 ἀπελιμπάνετο,
840 1992 962 2042 οὕτω
1008 1990 1342 2056 διακεισόμεθα
1388 1996 1671 2060 φρονοῦντες
1717 1992 1885 2056 ὀρθῶς,

298 2073 368 2125 ὅτι
407 2072 495 2125 κᾶν
532 2076 582 2125 ἐκ
619 2079 702 2124 τοῦ
741 2073 926 2137 κόσμου
964 2074 1153 2139 γένηται
1195 2073 1270 2124 διὰ
1311 2072 1398 2137 τὴν
1437 2073 1609 2140 σάρκα,
1653 2073 1888 2137 παρέσται

297 2155 446 2207 πάλιν
472 2154 605 2206 οὐδὲν
630 2156 772 2220 ἧττον
798 2161 894 2210 τοῖς
920 2157 968 2206 ἐν
993 2156 1120 2224 αὐτῷ
1147 2158 1221 2207 καὶ
1248 2155 1557 2220 ἐπιστατήσει
1582 2160 1678 2208 τοῖς
1705 2154 1833 2208 ὅλοις
1861 2155 1888 2219 ἡ

260 2238 402 2288 οθεία
435 2260 485 2288 τε
518 2240 594 2288 καὶ
629 2237 830 2304 ἄῤῥητος
864 2239 1005 2288 αὐτοῦ
1042 2236 1189 2306 φύσις
1224 2236 1410 2291 οὐδενὸς
1445 2239 1760 2301 ἀποδημοῦσα
1793 2240 1889 2287 τῶν

300 2318 462 2382 ὄντων,
511 2318 539 2384 ἢ
591 2319 1011 2383 ἀπολιμπανομένη
1062 2318 1200 2381 τινὸς,
1251 2321 1471 2386 πανταχῆ
1522 2318 1571 2368 δὲ
1621 2323 1715 2372 τοῖς
1764 2322 1887 2369 πᾶσι
1909 2340 1957 2380 25

298 2407 539 2467 παροῦσα·
588 2402 664 2451 καὶ
697 2407 955 2467 πληροῦσα
992 2400 1076 2464 μὲν
1107 2399 1213 2451 τόδε
1252 2399 1306 2451 τὸ
1343 2400 1540 2461 σύμπαν
1573 2403 1648 2451 καὶ
1682 2400 1735 2452 τὸ
1772 2400 1888 2467 ὑπὲρ

299 2488 440 2534 τοῦτο
466 2484 728 2546 νοούμενον,
756 2483 1025 2550 χωρουμένη
1053 2481 1100 2534 δὲ
1128 2483 1217 2534 ὑπὸ
1244 2482 1391 2547 μόνης
1416 2483 1593 2546 ἑαυτῆς.

375 2565 442 2617 Τί
473 2566 555 2616 οῦν
593 2566 724 2616 ἐστιν
763 2565 788 2616 ὅ
832 2569 985 2634 φησιν
1022 2566 1071 2616 ἐν
1108 2564 1290 2619 τούτοις
1333 2566 1358 2615 ὁ
1407 2563 1580 2631 Κύριος
1622 2563 1886 2615 ἀκόλουθον

349 2727 380 2750 2.
406 2716 473 2751 ἀπὸ
491 2728 521 2751 a.
539 2717 603 2751 ὑπὸ
622 2716 690 2751 Ed.
834 2729 867 2759 4.
893 2714 984 2751 οἶδεν
1000 2716 1098 2761 prius
1117 2716 1159 2751 B.
1178 2717 1241 2751 ὧδε
1261 2716 1380 2751 Holst.
1399 2715 1467 2751 Ed.
1619 2716 1653 2750 8.
1680 2715 1737 2750 ὅτε
1752 2716 1796 2760 μὴ
1814 2714 1882 2761 δεῖ]

300 2763 380 2797 “In
403 2763 499 2798 hunc
522 2763 670 2798 modum
693 2763 824 2809 accipio
847 2764 1033 2809 ambiguas
1055 2764 1226 2798 litteras.'’
1247 2764 1377 2817 Heysq.
1397 2763 1467 2808 ὅψε
1482 2763 1527 2807 μὴ
1545 2763 1615 2797 δεῖν
1634 2763 1697 2797 Ht.
1716 2762 1810 2797 unde
1828 2762 1884 2808 ἐφ’

298 2840 319 2875 ἂ
335 2842 380 2886 μὴ
399 2843 448 2877 δεῖ
464 2843 664 2878 emendavit
680 2849 720 2878 ut
737 2843 882 2878 adnotat
899 2844 974 2888 ipse
991 2843 1085 2878 Aub.
1233 2855 1286 2878 11.
1312 2819 1465 2877 ἐῦζζίθεν
1484 2843 1526 2876 Β.
1544 2841 1640 2876 unde
1657 2842 1798 2876 αὐτόθεν
1817 2842 1881 2876 Ht.

299 2887 367 2969 ἓξ.
384 2934 438 2969 Ed
508 2900 564 2936 27.
589 2890 786 2936 χωρουμὲνη
805 2891 841 2925 δὲ
859 2891 924 2925 ὑπὸ
941 2892 1044 2934 μόνης
1061 2892 1179 2935 ἑαυτῆς
1196 2890 1238 2926 Β,
1256 2889 1489 2937 χορηγουμένη
1507 2888 1549 2923 δι’
1567 2889 1735 2933 ὑπομονῆς
1751 2890 1882 2924 ἑαυτοῖς
