2022 3272
116 157 214 196 xvii.
241 170 384 213 14‚15.
434 159 504 199 IN
550 162 592 199 S.
625 158 969 199 JOANNEM.
1033 157 1157 197 1113.
1195 158 1269 197 xl.
1333 157 1567 197 CARIX.
1626 159 1702 198 711

115 266 394 330 ἀποστολῆς
432 267 514 318 τὸν
554 267 730 334 δρόμον
770 264 1072 328 τελέσαντας,
1110 265 1137 330 ἢ
1175 270 1275 319 ταῖς
1318 268 1416 316 κατ’
1461 267 1706 328 εὐσέβειαν

115 348 469 416 διαπρέψαντας
495 351 691 415 ἀρεταῖς,
720 346 851 398 ἀλλὰ
874 352 969 400 τοῖς
995 348 1043 397 ἐν
1068 347 1236 417 κόσμῳ
1263 348 1706 410 συμβιοτεύσαντας
1727 371 1749 396 a
1775 364 1862 397 982
1880 363 1927 396 A.

115 429 190 478 καὶ
211 433 273 482 εἷς
292 429 544 496 εὐάρεστον
570 433 636 500 τῷ
664 434 771 500 Θεῷ
790 430 1030 481 πολιτείαν
1047 427 1154 482 τοὺς
1178 431 1225 479 ἐν
1244 431 1368 498 αὐτῷ
1388 430 1700 495 ποδηγήσαν-

115 532 213 573 τας,
240 511 357 574 μετὰ
390 518 626 580 λαμπρῶν
652 512 756 564 τότε
795 516 890 562 τῶν
924 510 1302 578 κατορθωμάτων
1333 511 1451 578 πρὸς
1489 513 1573 575 τὴν
1609 513 1706 562 α”νω

75 606 97 645 5
117 592 344 660 φέρεσθαι
369 594 525 657 πόλιν,
553 596 629 645 καὶ
660 599 756 647 τοῖς
787 598 882 645 τῶν
912 594 1058 658 ἁγίων
1088 592 1309 659 ἀγγέλων
1335 593 1704 658 συναυλίζεσθαι

113 679 288 740 χοροῖς.
334 675 594 742 εὑρήσομεν
619 682 734 742 γοῦν
759 680 854 727 τῶν
876 677 1021 741 ἁγίων
1045 675 1150 725 τινὰ
1174 675 1438 740 προσιόντα
1463 679 1529 744 τῶ
1556 680 1702 743 φιλα-

114 756 231 825 ρέτῳ
280 760 389 826 Θεῷ
439 761 515 809 καὶ
565 759 826 826 ψάλλοντα
879 765 904 786 “
928 756 1014 821 Μὴ
1058 756 1303 825 ἀναγάγῃς
1347 781 1403 820 με
1449 759 1498 808 ἐν
1548 757 1705 821 ἡμίσει
1770 755 1880 837 Ρῦῗοί·

114 843 143 865 “
169 837 354 904 ἡμερῶν
386 841 516 903 μου,”
549 841 602 891 οὐ
637 839 730 906 γὰρ
765 838 958 906 ἀζήμιον
989 844 1091 893 ταῖς
1122 840 1364 907 φιλοθεόις
1398 843 1577 907 ψυχαῖς
1610 838 1704 904 πρὸ

113 920 402 974 τελειώσεως
436 920 599 987 ὥσπερ
625 924 707 986 τῆς
743 922 842 972 κατ’
872 921 1108 989 ἐξαίρετον
1147 922 1390 972 πολιτείαν
1426 922 1542 987 ζωῆς
1580 922 1703 970 α’πο·

49 1024 97 1050 10
112 1000 298 1052 πίπτειν
338 1005 420 1066 τῆς
463 1003 580 1066 μετὰ
620 1002 815 1069 σαρκός.
879 1002 956 1053 διὰ
999 1009 1137 1054 τοῦτο
1183 1005 1261 1053 καὶ
1307 1004 1331 1053 ὁ
1371 1001 1510 1066 νόμος
1559 1003 1584 1052 ὁ
1632 1000 1707 1053 διὰ

117 1084 364 1138 Μωυσέως
399 1087 460 1138 ὡς
485 1087 533 1136 ἐν
558 1087 702 1151 ὀργῆς
727 1108 851 1138 τινος
882 1084 1013 1153 τάξει
1051 1087 1126 1135 καὶ
1162 1085 1386 1151 τιμωρίας
1420 1089 1516 1138 τοῖς
1553 1088 1700 1152 φιλα-

113 1164 415 1231 μαρτήμοσιν
450 1169 819 1234 ἐπιῤῥιπτεῖσθαι
860 1166 1098 1217 διδάσκων
1133 1166 1215 1218 τὸν
1252 1169 1334 1217 οὐκ
1372 1169 1420 1217 ἐν
1458 1170 1603 1235 καιρῷ
1637 1170 1750 1234 τῲῐ)

115 1245 365 1310 καθήκοντι
412 1249 628 1310 θάνατον,
671 1248 898 1317 ἐπεφώνει
948 1248 1197 1311 πολλάκις,
1239 1249 1330 1317 ἔξω
1376 1251 1468 1299 δεῖν
1510 1247 1703 1299 ἑστάναι

1767 1329 1855 1361 Eecl.
1875 1329 1931 1361 vii.

115 1334 289 1393 κακῶν,
326 1330 446 1381 “ἵνα
480 1330 544 1394 μὴ
579 1330 819 1399 ἀποθάνῃς
853 1332 900 1382 ἐν
927 1331 980 1381 οὐ
1007 1334 1154 1400 καιρῷ
1190 1331 1327 1381 σου.”
1366 1330 1527 1383 ἄλλως
1562 1352 1611 1379 τε
1650 1328 1703 1380 τὸ
1771 1380 1807 1413 17

49 1429 96 1468 15
115 1415 209 1462 τῶν
235 1413 341 1463 καθ’
370 1413 491 1476 ἡμᾶς
522 1415 827 1478 ἀποδημῆσαι
858 1412 1152 1479 πραγμάτων
1178 1411 1286 1466 τοῦς
1321 1413 1481 1477 ἁγίους
1507 1411 1702 1473 ἐθέλειν,

115 1494 169 1544 οὐ
199 1495 390 1560 μετρίαν
417 1494 586 1558 ἔμελλε
613 1494 937 1560 περιποιήσειν
973 1494 1138 1560 ζημίαν
1176 1498 1271 1547 τοῖς
1306 1496 1565 1545 ἀσθενοῦσι
1598 1495 1703 1559 περὶ

115 1574 201 1640 τὴν
244 1576 424 1627 πίστιν·
477 1581 669 1640 μᾶλλον
714 1575 761 1627 δὲ
802 1577 894 1626 οὐδ’
925 1574 982 1626 ἂν
1026 1575 1150 1629 ὅλως
1195 1578 1600 1641 παιδαγωγηθεῖεν
1642 1578 1705 1628 εἷς

114 1658 374 1716 εὐσέβειαν,
421 1657 528 1712 τοὺς
571 1663 710 1708 τοῦτο
755 1661 871 1723 δρᾶν
910 1657 1192 1721 δυναμένους
1237 1658 1320 1708 οὐκ
1366 1657 1565 1724 ἔχοντες.
1628 1658 1704 1707 καὶ

1764 1737 1849 1769 Phil.
1868 1738 1889 1768 i.

114 1744 253 1790 τοῦτο
292 1739 422 1794 εἰδὼς
460 1741 485 1790 ὁ
523 1738 718 1793 Παῦλός
757 1744 880 1807 φησι
918 1746 945 1768 “
968 1743 1198 1805 Κρεῖττον
1237 1738 1332 1804 γὰρ
1373 1739 1427 1790 τὸ
1464 1740 1703 1789 ἀναλῦσαι
1766 1789 1815 1820 23,
1832 1790 1882 1821 24·

47 1843 97 1869 20
117 1826 144 1849 ‘⁶
169 1822 246 1871 καὶ
270 1821 361 1872 σὺν
385 1825 585 1890 Χριστῷ
611 1819 738 1883 εἶναι,
764 1819 818 1871 τὸ
846 1820 894 1871 δὲ
924 1822 1150 1884 ἐπιμεῖναι
1175 1825 1233 1889 τῇ
1266 1822 1411 1887 σαρκὶ
1442 1818 1696 1885 ἀναγκαιό-
1720 1838 1742 1864 0

116 1909 143 1932 ‘⁶
172 1925 307 1968 τερον
345 1904 399 1954 δι’
445 1903 602 1964 ὑμᾶς.”

655 1901 926 1967 προνοήσας
969 1903 1050 1953 οὖν
1091 1903 1182 1969 ἄρα
1217 1905 1300 1967 τῆς
1344 1906 1437 1953 τῶν
1482 1900 1704 1965 ἀμυήτων

114 1984 353 2050 σωτηρίας
387 1984 411 2034 ὁ
447 1982 634 2049 Κύριος,
673 1984 726 2034 οὐ
765 1983 874 2050 δίχα
912 1983 1183 2050 φωστήρων
1221 1985 1296 2035 καὶ
1337 1984 1469 2034 ἀλῶν
1507 1982 1615 2036 τοὺς
1654 1983 1703 2033 ἐν

114 2068 182 2133 τῷ
232 2063 398 2134 κόσμῳ
449 2067 543 2115 δεῖν
593 2063 1039 2127 καταλιμπάνεσθαι
1089 2065 1232 2130 λέγει,
1285 2068 1604 2131 διατηρεῖσθαι
1654 2064 1703 2115 δὲ

114 2150 304 2208 μᾶλλον
329 2145 435 2199 τοῦς
461 2146 621 2211 ἁγίους
655 2147 818 2214 ἐρωτᾷ,
844 2148 927 2210 τῆς
954 2151 1036 2197 τοῦ
1061 2152 1268 2213 πονηροῦ
1296 2146 1585 2213 δυστροπίας
1611 2146 1702 2214 ἔξω

49 2252 95 2290 25
115 2227 338 2290 μένοντας
370 2229 452 2291 ἀεὶ,
479 2230 554 2278 καὶ
587 2232 681 2279 τῶν
714 2232 992 2294 πειρασμῶν
1028 2227 1114 2292 τὴν
1146 2228 1318 2297 ἔφοδον
1354 2227 1702 2290 ὑπεκνεύοντας,

104 2308 305 2374 δυνάμει
329 2316 412 2361 τοῦ
437 2308 592 2361 πάντα
618 2309 866 2377 ἰσχύοντος
894 2309 1100 2376 Πατρός.

190 2390 480 2455 Σημειωτέον
505 2390 554 2442 δὲ
586 2390 747 2454 πάλιν,
774 2390 845 2442 ὅτι
878 2391 960 2442 τὸν
986 2391 1102 2443 ἰ’διον
1127 2393 1203 2443 καὶ
1241 2393 1350 2458 παρ’
1379 2391 1521 2443 αὐτοῦ
1554 2413 1697 2457 γεγο-

117 2470 230 2523 νότα
254 2471 414 2539 λόγον,
443 2472 598 2541 φαμὲν
624 2472 673 2524 δὲ
697 2472 780 2524 τὸν
806 2472 1126 2539 εὐαγγελικόν,
1152 2479 1236 2525 τοῦ
1261 2478 1387 2525 Θεοῦ
1412 2476 1488 2524 καὶ
1511 2471 1703 2538 Πατρὸς

116 2552 234 2605 εἶναί
269 2558 434 2623 φησιν,
474 2555 562 2622 οὐχ
600 2555 756 2621 ἕτερον
797 2555 962 2606 ἑαυτὸν
1001 2554 1132 2622 παρὰ
1171 2554 1254 2606 τὸν
1293 2555 1486 2621 Πατέρα
1525 2553 1703 2608 δεικνὺς

47 2665 97 2701 30
117 2634 193 2686 διὰ
218 2633 272 2686 τὸ
304 2634 569 2699 ὀμοούσιον.
624 2634 883 2701 εὑρήσομεν
909 2635 1003 2702 γὰρ
1034 2638 1082 2687 ἐν
1108 2641 1203 2690 τοῖς
1227 2637 1547 2702 εὐαγγελικοῖς
1572 2658 1696 2700 συγ-

116 2715 395 2782 γράμμασιν
431 2716 783 2780 οἷποτεθηπότας
824 2716 965 2768 αὑτὸν
996 2717 1104 2772 τοὺς
1142 2722 1236 2768 τῶν
1260 2718 1499 2768 Ἰουδαίων
1532 2717 1695 2779 λαοὺς,
1717 2723 1744 2762 (1

165 2918 198 2952 3.
223 2905 481 2951 ποδηγήσαντας
500 2905 686 2940 emendavi
708 2912 786 2949 post
806 2906 941 2950 Migne.
958 2905 1216 2950 ποδηγὴσαντος
1234 2906 1327 2939 Aub.
1483 2917 1515 2951 9.
1541 2907 1599 2950 τῆς
1618 2906 1701 2940 E.F.

119 2954 186 2988 Ed.
206 2964 278 2998 mg.
297 2955 366 2988 τοῖς
387 2952 451 2986 Ed.
597 2964 651 2997 29.
679 2953 796 2986 ἑαυτὸν
816 2953 856 2987 Ε.
877 2953 977 2987 αὐτὸν
996 2952 1062 2986 Ed.
1206 2963 1262 2997 30.
1290 2952 1341 2986 διὰ
1361 2963 1430 2987 om.
1451 2953 1492 2987 E.
