2037 3266
320 138 404 176 408
722 139 771 178 Β.
805 137 1084 179 CYMLLI
1126 139 1507 179 ALEXANDR.
1644 138 1727 179 xiv.
1753 138 1817 188 16,
1841 146 1905 189 17.

396 246 538 295 Ἀλλ’
568 247 662 312 ἐρεῖ
683 270 752 301 τις
778 247 963 301 εἰκότως
990 253 1086 302 τοῖς
1119 247 1376 314 ἀλλότριον
1403 246 1516 299 εἶναι
1552 246 1791 313 νομίζουσι
1825 245 1909 296 τὸν

321 329 438 378 Υὶὸν
462 331 545 392 τῆς
570 335 652 380 τοῦ
681 333 807 380 Θεοῦ
834 333 910 381 καὶ
941 331 1132 397 Πατρὸς
1160 331 1325 385 οὐσίας
1354 333 1449 382 Καὶ
1474 335 1588 393 πῶς,
1616 330 1719 381 εἰπέ
1742 352 1836 393 μοι,
1862 327 1910 380 ro*

321 410 394 469 τῆς
448 410 658 472 ἀληθείαις
710 414 910 480 Πνεῦμα,
958 413 1175 463 τουτέστι
1225 412 1279 464 τὸ
1331 419 1414 464 τοῦ
1457 417 1589 475 Υὶοῦ,
1641 413 1834 463 δίδωσιν
1885 412 1910 461 ὁ

445 492 457 508 Χ
580 495 590 509 )
684 496 695 510 ‘
781 494 790 504 ‘
814 494 827 510 Ι
943 493 961 510 a&
1023 497 1033 511 9
1124 495 1133 509 Ι
1332 497 1341 511 2
1416 496 1425 510 9
1473 498 1483 511 f
1557 495 1576 513 'l
1807 499 1827 508 ἢ

323 496 507 559 Πατηρ,
541 517 628 562 ουχ
667 518 729 548 ως
769 500 904 562 ξενον
938 519 966 559 η
1007 502 1282 558 αλλοτριον,
1316 503 1415 545 αλλ
1456 518 1519 548 ως
1559 499 1672 545 ιδιον
1700 497 1910 556 Πνευμα,

322 576 471 625 καίτοι
510 577 615 626 καθ’
652 577 769 639 ὑμᾶς
810 577 1120 641 διωρισμένον
1159 577 1279 644 ἔχων
1317 580 1401 641 τῆς
1439 577 1604 631 οὐσίας
1641 575 1724 627 τὸν
1762 574 1952 640 λόγον5

322 655 440 723 πρὸς
466 656 549 707 τὸν
575 657 707 719 Υὶὸν,
736 660 811 708 καὶ
839 661 959 708 Υἱοῦ
985 658 1039 709 τὸ
1067 657 1263 721 Πνεῦμα
1288 661 1433 722 ἐστιν,
1461 660 1514 709 οὐ
1540 658 1631 725 γὰρ
1664 658 1734 709 ὅτι
1765 657 1912 726 ἀμφί-

322 746 486 803 λογον·
540 743 640 792 πῶς
668 739 715 789 δὲ
744 740 801 790 αὖ
827 738 987 802 πάλιν,
1016 740 1144 807 ε’ίπερ
1170 742 1301 791 ἐστὶν
1327 740 1618 807 ἑτεροούσιος
1646 742 1670 790 ὁ
1694 738 1827 802 Υἱὸς,
1857 739 1911 790 τὸ

276 830 302 870 b
322 826 405 870 τοῦ
445 820 636 885 Πατρὸς
678 825 875 886 Πνεῦμα
917 823 1126 885 δίδωσιν,
1166 825 1228 876 ὡς
1266 825 1461 887 ἑαυτοῦ;
1510 820 1773 889 γέγραπται
1818 820 1913 887 γὰρ

99 904 192 935 Infra

98 959 155 979 XX.
171 958 185 978 2
193 957 207 978 2
214 972 221 980 .

323 902 392 953 ὅτι
446 910 471 932 “
497 903 767 971 ἐνεφύσησε
825 909 921 958 τοῖς
979 909 1214 968 μαθηταῖς
1271 906 1426 971 λε’γων
1473 904 1656 965 Λάβετε
1717 908 1913 966 Πνεῦμα

323 993 350 1015 “
368 983 588 1051 ”Αγιον.”
649 984 719 1051 ἆρ’
770 987 851 1037 οῦν
896 987 980 1036 οὐκ
1032 985 1247 1050 οἷήσεταί
1285 1011 1367 1050 τις,
1411 990 1486 1038 καὶ
1531 986 1664 1051 μάλα
1713 987 1911 1048 δικαίως,
1934 1010 1984 1036 10

321 1071 512 1130 μᾶλλον
539 1066 587 1118 δὲ
625 1070 702 1118 καὶ
735 1068 978 1135 ἀραρότως
1013 1069 1308 1132 διακείσεται,
1335 1069 1406 1120 ὅτι
1441 1074 1534 1120 τῶν
1560 1074 1643 1120 τοῦ
1675 1072 1800 1119 Θεοῦ
1838 1071 1912 1119 καὶ

325 1147 516 1214 Πατρὸς
560 1154 780 1218 φυσικῶν
824 1152 1020 1215 ἀγαθῶν
1065 1152 1307 1204 οὐσιωδῶς
1354 1151 1579 1219 ὑπάρχων
1624 1150 1843 1203 κοινωνὸς
1887 1151 1912 1200 ὁ

321 1231 449 1292 Υἱὸς,
477 1231 569 1299 ε”χει
603 1231 657 1283 τὸ
695 1236 891 1293 Πνεῦμα
926 1233 1044 1283 κατὰ
1077 1239 1244 1284 τοῦτον
1280 1232 1363 1284 τὸν
1398 1226 1575 1300 τρόπον
1604 1231 1710 1284 καθ’
1740 1232 1793 1283 ὅν
1824 1254 1914 1298 περ

322 1312 380 1364 ἂν
419 1319 572 1364 νοοῖτο
611 1337 686 1364 και
727 1316 751 1364 ὁ
792 1314 976 1381 Πατὴρ,
1012 1317 1094 1365 οὐκ
1132 1314 1336 1366 ἐπακτόν
1375 1316 1480 1366 οὐδὲ
1521 1316 1710 1385 ἔξωθεν
1754 1316 1944 1378 εὔηθες

323 1419 430 1461 γαρ,
458 1401 648 1459 μᾶλλον
676 1396 723 1446 δε
749 1396 946 1460 μανικὸν
973 1396 1026 1447 τὸ
1055 1398 1176 1448 οὕτω
1204 1402 1411 1465 φρονεῖν
1454 1399 1564 1448 ἀλλ’
1593 1397 1756 1463 ὥσπερ
1782 1397 1913 1461 ἡμῶν
1935 1418 1982 1457 15

283 1499 305 1526 e
325 1477 523 1531 ἕκαστος
549 1477 603 1528 τὸ
631 1478 745 1529 ’ίδιον
771 1480 819 1528 ἐν
846 1479 994 1548 ἑαυτῷ
1021 1485 1207 1542 πνεῦμα
1242 1480 1442 1547 συνέχει,
1468 1481 1543 1530 καὶ
1578 1481 1627 1530 ε’κ
1662 1483 1756 1530 τῶν
1782 1481 1910 1530 ἐνδο-

322 1558 477 1610 τάτων
508 1559 812 1628 σπλάγχνων
844 1565 906 1614 εἷς
943 1560 996 1611 τὸ
1033 1561 1125 1629 ἔξω
1163 1561 1365 1629 προχέει.
1421 1561 1497 1612 διὰ
1535 1561 1629 1628 γάρ
1666 1584 1737 1612 τοι
1776 1566 1914 1612 τοῦτο

323 1643 399 1692 καὶ
438 1647 720 1705 σωματικῶς
754 1642 1054 1711 ἐνεφύσησεν
1079 1645 1103 1693 ὁ
1130 1642 1360 1709 Χριστὸς,
1386 1642 1561 1696 δεικνὺς
1597 1644 1668 1694 ὅτι
1702 1643 1913 1710 καθάπερ

322 1725 371 1773 ἐκ
398 1723 641 1788 στόματος
668 1729 749 1774 τοῦ
777 1725 1075 1790 ἀνθρωπίνου
1100 1723 1287 1791 πρόεισι
1314 1725 1368 1776 τὸ
1394 1731 1577 1789 πνεῦμα
1608 1729 1910 1788 σωματικῶς,

323 1807 444 1856 οὕτω
485 1808 559 1856 καὶ
600 1808 648 1857 ἐκ
687 1809 770 1870 τῆς
809 1808 934 1860 θείας
973 1808 1137 1861 οὐσίας
1179 1811 1450 1873 θεοπρεπῶς
1486 1812 1730 1875 προχεῖται
1767 1807 1821 1857 τὸ
1861 1807 1918 1876 ἐξ
1935 1827 1986 1852 20

325 1889 482 1939 αὐτοῦ.
538 1888 612 1938 ὅτε
641 1889 796 1939 τοίνυν
825 1888 936 1940 αὐτὸ
965 1888 1018 1939 τὸ
1048 1893 1243 1952 Πνεῦμα
1278 1895 1360 1940 τοῦ
1394 1913 1442 1940 τε
1471 1893 1595 1940 Θεοῦ
1622 1891 1696 1940 καὶ
1724 1889 1915 1955 Πατρός

325 1971 426 2020 ἐστι
455 1971 531 2020 καὶ
563 1976 646 2020 τοῦ
674 1973 806 2032 Υὶοῦ,
833 1975 934 2024 πῶς
971 1972 1075 2038 οὐχὶ
1110 1971 1298 2025 πάντως
1335 1972 1445 2034 μίαν
1472 1971 1635 2040 ἕξουσι
1668 1970 1754 2035 τὴν
1779 1971 1911 2040 ἐξου-

326 2051 439 2102 σιάν
479 2052 763 2119 διῃρημένως
805 2076 853 2103 τε
900 2051 996 2116 ἅμα
1036 2056 1110 2104 καὶ
1150 2054 1490 2117 συνημμένως;
1551 2051 1719 2119 Πατὴρ
1757 2052 1850 2119 γὰρ
1889 2053 1914 2103 ὁ

328 2133 499 2199 Πατὴρ
527 2137 602 2184 καὶ
629 2135 715 2201 οὐχ
742 2133 870 2196 Υἱὸς,
899 2138 974 2185 καὶ
1001 2135 1115 2189 Υἱὸς
1143 2137 1166 2186 ὁ
1194 2135 1308 2189 Υἱὸς
1335 2137 1410 2186 καὶ
1437 2137 1538 2203 οὐχὶ
1568 2135 1749 2202 Πατήρ·
1785 2134 1915 2198 πλὴν

282 2216 352 2265 db
394 2215 562 2282 Πατὴρ
601 2217 649 2266 ἐν
675 2220 777 2285 Υἱῴ
816 2219 890 2266 καὶ
931 2218 955 2267 ὁ
996 2216 1109 2270 Υἱὸς
1148 2219 1196 2267 ἐν
1223 2217 1395 2282 Πατρί·
1443 2218 1608 2267 δίδωσι
1646 2215 1795 2280 γεμὴν
1831 2216 1913 2267 τὸν
1936 2237 1985 2277 25

326 2296 648 2361 παράκλητον,
686 2298 788 2360 ἤτοι
839 2297 892 2347 τὸ
935 2302 1131 2361 Πνεῦμα
1175 2297 1229 2348 τὸ
1265 2297 1451 2363 ”Ἀγιον,
1495 2299 1577 2349 οὐκ
1624 2299 1715 2367 ἰδίᾳ
1757 2297 1843 2362 μὲν
1888 2300 1913 2349 ὁ

329 2377 515 2443 Πατὴρ,
558 2378 650 2446 ἰδίᾳ
689 2378 736 2428 δὲ
777 2380 801 2428 ὁ
841 2379 969 2442 Υἱὸς,
1009 2385 1276 2447 χορηγεῖται
1315 2380 1362 2430 δὲ
1403 2385 1593 2442 μᾶλλον
1630 2385 1727 2433 τοῖς
1766 2379 1914 2446 ἁγίοις

327 2458 456 2524 παρὰ
487 2459 676 2526 Πατρὸς
703 2461 756 2509 δι’
786 2464 916 2512 Υὶοῦ.
971 2460 1046 2510 διὰ
1073 2461 1166 2526 γάρ
1192 2483 1263 2511 τοι
1290 2466 1427 2512 τοῦτο
1454 2461 1629 2512 διδόναι
1660 2462 1915 2527 λεγομένου

376 2571 407 2593 2.
434 2561 491 2603 τῆς
509 2571 578 2594 om.
598 2572 632 2604 p.
730 2569 763 2604 5.
790 2560 874 2604 ἡμᾶς
890 2573 924 2605 p.
945 2560 1079 2605 Migne.
1152 2562 1231 2606 ἕχον
1249 2574 1282 2605 p.
1381 2562 1414 2596 6.
1440 2562 1493 2595 καὶ
1511 2561 1853 2608 Υἷοῦ-ἀμφίλογον]
1874 2563 1913 2596 οὐ

326 2607 392 2652 ’γὰρ
410 2606 637 2652 ἀμ.(ῥιλο’)1011ρ
625 2621 675 2640 ΟΤΙ
694 2621 746 2640 Καί
764 2610 824 2641 Τοῦ
842 2609 915 2641 υἱοῦ
933 2609 971 2641 Τὸ
988 2609 1117 2651 πνΕῙμά
1136 2608 1210 2642 ἐστι
1226 2609 1256 2641 x
1261 2620 1375 2642 eCCUS
1441 2609 1473 2643 8.
1491 2609 1611 2643 δίδωσί
1629 2611 1757 2651 πνεῦμα
1776 2610 1913 2643 inverso

327 2665 367 2686 01
370 2653 450 2686 dme
470 2653 510 2687 E.
628 2665 639 2687 1
652 2665 680 2687 1.
708 2654 760 2687 καὶ
778 2655 903 2698 ptius
894 2661 1117 2699 assumptum
1135 2667 1176 2688 ex
1196 2655 1236 2688 Ε.
1256 2655 1286 2688 V
1290 2667 1381 2689 ecco.
1495 2666 1601 2689 11—21
1623 2656 1704 2689 citat
1722 2656 1858 2689 Veccus
1876 2656 1912 2690 in

329 2699 476 2743 Epigr.
470 2712 491 2733 1.
658 2703 860 2745 Ι7.προχεῖ
879 2700 971 2734 Catt.
1143 2702 1195 2735 18.
1222 2703 1275 2735 καὶ
1294 2708 1513 2746 assumptum
1533 2714 1551 2735 e
1569 2702 1684 2736 Vecco
1702 2702 1755 2735 bis
1774 2702 1912 2737 citante-

328 2746 576 2790 ε’μπεφοίτηκεν
592 2746 627 2780 b.
647 2746 887 2792 ε’μπεφύσηκεν
906 2747 1012 2782 Cold.
1032 2747 1264 2792 ε’νπεφύσηκεν
1283 2761 1312 2783 c.
1522 2759 1574 2791 19.
1600 2749 1809 2793 ἀνθρωπείου
1827 2749 1912 2792 (bis)

328 2792 479 2826 Veccus.
578 2804 632 2826 21.
658 2794 757 2836 αὐτῆς
777 2794 861 2835 (bis)
882 2794 1179 2828 Veccus.a1')†6
1197 2794 1252 2840 τὸ]
1273 2794 1307 2829 ἓν
1325 2795 1378 2828 καὶ
1396 2795 1434 2828 τὸ
1451 2795 1531 2829 αὐτὸ
1552 2794 1644 2829 Catt.
1753 2806 1808 2829 22.
1833 2795 1912 2838 μίαν

327 2838 444 2882 ἕξουσι
461 2839 521 2882 τὴν
539 2838 713 2884 ἐξουσίαν]
733 2838 810 2883 μίαν
828 2839 987 2883 ἐξουσίαν
1004 2855 1063 2884 την
1080 2842 1199 2875 οὐσίην
1217 2854 1246 2875 c.
1267 2841 1374 2875 Cord.
1502 2852 1558 2885 23.
1585 2841 1650 2886 γὰρ
1669 2847 1748 2886 post
1765 2843 1783 2874 ὁ
1800 2841 1910 2885 πατὴρ

364 2886 432 2919 .Ε.
452 2886 560 2919 invito
575 2886 606 2919 V
610 2898 701 2920 ecco.
809 2887 1028 2932 27-p.469‚
1046 2898 1075 2921 1.
1102 2888 1158 2921 Ab
1177 2889 1217 2921 υἷι
1220 2902 1246 2922 κ
1264 2888 1306 2921 ad
1324 2889 1394 2923 υἱός
1412 2888 1562 2922 transilit
1577 2888 1617 2922 Ε.
1611 2913 1630 2930 .‚
1649 2888 1776 2932 pa1tim
1794 2894 1910 2922 autem

327 2942 368 2963 u
355 2943 439 2975 que
457 2932 499 2965 ui
518 2932 558 2965 δι’
577 2934 658 2966 Υἶοῦ
676 2932 842 2967 exhibent
860 2945 889 2967 c.
911 2934 1030 2973 C,01d
1049 2937 1164 2968 totum
1186 2935 1212 2967 V
1217 2946 1318 2968 eccus
1462 2945 1517 2979 27.
1543 2934 1649 2978 ἀξίοις
1668 2934 1699 2967 V
1702 2946 1816 2968 eecus.
