1971 3272
90 133 176 173 viii.
197 145 263 188 37.
358 135 429 175 IN
473 136 514 176 S.
550 137 884 178 JOANNEM.
950 138 1071 178 Lm.
1102 139 1149 180 V.
1212 140 1345 180 (JAP.
1374 141 1422 179 V.
1627 145 1673 183 71

89 242 295 292 συνιέναι
341 243 487 295 πόθεν
529 246 649 308 ἡμᾶς
695 248 950 310 ἀναγκαῖον
990 246 1215 311 ἐπιζητεῖν
1261 247 1345 310 τὴν
1392 248 1510 298 κατὰ
1557 250 1680 298 Θεὸν

89 324 336 387 εὐγένειαν,
388 328 463 376 καὶ
513 326 595 376 τὸν
647 328 921 392 ἐλευθεροῦν
967 328 1197 394 ἰσχύοντα
1247 329 1501 391 μανθάνειν
1542 330 1674 380 Υὶον.

88 405 428 468 μελετάτωσαν
467 409 623 458 τοίνυν
660 407 724 471 μὴ
766 410 972 476 ὑψηλοῖς
1017 410 1333 477 ἐξογκοῦσθαι
1373 409 1679 478 φρονήμασιν

89 489 132 536 οἱ
166 491 263 540 τοῖς
300 489 348 537 ἐν
375 488 542 558 κόσμῳ
579 491 821 556 χαίροντες
857 491 1111 559 ἀξιώμασι,
1139 491 1254 555 μηδὲ
1294 495 1374 554 τῆς
1410 496 1504 541 τῶν
1532 493 1677 556 ἁγίων
1698 502 1722 541 b

47 571 510 636 5κατατρεχέτωσαν
549 572 691 640 δόξης
729 595 778 623 τε
817 575 892 622 καὶ
931 573 1135 640 χάριτος,
1176 577 1213 623 εἰ
1253 575 1327 623 καὶ
1365 574 1525 639 μικροί
1560 596 1678 626 τινες

89 650 139 700 ἐκ
172 656 352 717 μικρῶν
383 651 611 717 γεγόνασι
651 653 770 704 κατὰ
809 654 979 719 σάρκα·
1021 656 1074 704 οὐ
1113 654 1206 720 γὰρ
1244 655 1298 705 τὸ
1338 657 1386 705 ἐν
1412 655 1677 719 ἀνθρώποις

89 732 315 798 λαμπρὸν
342 731 455 783 εἶναι
493 736 661 784 δοκοῦν
692 737 827 802 ἀρκεῖ
855 735 974 802 πρὸς
1010 736 1243 801 εὐγένειαν
1270 735 1357 800 τὴν
1383 736 1513 801 παρὰ
1543 740 1672 805 Θεῷ,

89 813 219 863 ἀλλὰ
259 814 313 864 τὸ
351 816 399 865 ἐν
423 816 513 884 βίῳ
553 818 628 866 καὶ
668 817 858 883 τρόποις
896 822 993 871 τοῖς
1031 821 1079 869 ἐν
1110 820 1251 886 ἀρετῇ
1288 818 1510 885 διαφανὲς
1545 819 1676 868 ἐλεύ-

88 899 224 962 θερον
250 895 395 950 ὅντως
422 900 496 948 καὶ
524 899 687 963 εὐγενῆ
714 899 797 950 τὸν
823 900 1075 966 ἄνθρωπον
1101 899 1422 967 ἀπεργάζεται.
1451 908 1477 929 “
1495 900 1674 965 ἐπράθη
1738 899 1791 983 {³7³2
1811 901 1872 932 civ.

20 1008 69 1033 10
89 983 116 1006 ‘⁶
141 976 225 1040 μὲν
265 983 328 1032 εἱς
372 981 547 1030 δοῦλον
585 980 816 1049 Ἰωσὴφ,”
858 981 980 1032 καθὰ
1024 982 1305 1048 γέγραπται,
1347 983 1457 1032 ἀλλ’
1498 981 1556 1046 ἧν
1599 985 1674 1034 καὶ

88 1060 235 1113 οὕτως
291 1061 534 1127 ἐλεύθερος
588 1064 647 1130 τῇ
708 1064 827 1113 κατὰ
888 1063 1052 1131 ψυχὴν
1103 1066 1309 1133 εὐγενείᾳ
1369 1064 1670 1127 διαλάμπων·

87 1140 265 1207 πατρὸς
304 1143 351 1193 δὲ
387 1143 532 1211 ἐξέφυ
566 1143 651 1207 μὲν
681 1145 926 1210 ἐλευθέρου
959 1147 1034 1196 καὶ
1068 1145 1126 1209 ἦν
1164 1146 1308 1199 ὅντως
1335 1147 1515 1209 “Ησαῦ,
1542 1147 1714 1197 οἱλλόιΟ

87 1226 146 1290 τῇ
176 1228 271 1275 τῶν
295 1224 484 1290 τρόπων
510 1227 789 1293 αἱσχρότητι
828 1227 882 1277 τὸ
919 1228 1241 1294 δουλοπρεπὲς
1277 1230 1510 1279 ἐπεδείκνυ
1547 1229 1666 1298 φρό-

89 1327 229 1369 νημα.
300 1308 495 1372 εὐγενεῖς
541 1309 622 1359 οὖν
662 1309 754 1374 ἄρα
798 1309 929 1375 παρὰ
968 1313 1089 1378 Θεῷ,
1129 1309 1340 1376 καθάπερ
1384 1312 1464 1361 οῦν
1506 1312 1674 1376 ἀρτίως

22 1408 68 1447 15
88 1386 344 1452 εἰρήκαμεν,
385 1390 471 1456 οὐχ
510 1394 552 1440 οἱ
592 1396 803 1441 πλοῦτον
842 1391 1040 1458 ἔχοντες,
1080 1394 1155 1442 καὶ
1195 1391 1451 1459 χρημάτων
1488 1415 1673 1459 περιου-

87 1469 215 1523 σίαις
271 1471 606 1538 περιχεόμενοι,
661 1474 737 1523 καὶ
793 1478 1037 1539 λαμπραῖς
1094 1474 1411 1540 ἐπιχαίροντες
1467 1479 1567 1528 ταῖς
1624 1477 1672 1525 ἐν

87 1551 254 1621 κόσμῳ
292 1558 460 1617 τιμαῖς,
499 1554 610 1605 ἀλλ’
652 1559 694 1606 οὶ
735 1555 825 1624 βίῳ
870 1559 1032 1624 σεμνῷ
1074 1557 1150 1606 καὶ
1190 1557 1407 1625 πολιτείᾳ
1447 1556 1670 1627 συννόμῳ

86 1634 338 1702 διαφανεῖς.

104 1788 212 1834 Οἶδα
250 1796 314 1839 ὅτι
352 1794 521 1852 σπέρμα
552 1796 750 1853 Ἁβραάμ
787 1797 898 1840 ἐστε·
948 1797 1060 1840 ἀλλὰ
1099 1795 1258 1855 ςΗτε-ῑῖτὲ
1297 1814 1349 1848 με
1386 1796 1652 1851 ἀποκτεῖναι,
1691 1805 1738 1845 37

18 1897 68 1921 20
387 1880 452 1921 ὅτι
488 1880 511 1923 ὁ
550 1880 676 1927 Ain-oc
714 1882 736 1923 ὁ
774 1881 876 1929 ἐμὸς
914 1882 961 1922 οὐ
1000 1879 1130 1938 χωρεῖ
1167 1882 1212 1923 ἐν
1250 1879 1360 1931 ὑμῖν.
1690 1877 1717 1917 d

170 1987 499 2053 Πολυτρόπως
546 1989 699 2042 αὐτοῖς
752 1989 805 2039 τὸ
858 1991 906 2040 ἐκ
957 1993 1039 2053 τῆς
1090 1991 1368 2056 συγγενείας
1419 1993 1501 2054 τῆς
1551 1990 1671 2056 πρὸς

83 2066 306 2137 εΑβροιέιμ.
351 2068 571 2137 καύχημά
616 2093 665 2121 τε
711 2072 784 2121 καὶ
833 2070 1055 2139 φρόνημα
1097 2077 1342 2125 παντελῶς
1388 2077 1557 2123 εἰκαῖον
1596 2076 1672 2124 καὶ

85 2149 303 2213 οὐδεμίαν
329 2151 437 2218 ε”χον
463 2150 549 2215 τὴν
580 2151 746 2216 ὄνησιν
779 2152 1046 2216 ἐπιδεικνὺς,
1074 2153 1133 2204 τὰ
1168 2152 1362 2205 τοιαῦτά
1397 2158 1566 2222 φησιν,
1596 2155 1671 2206 ἵνα

85 2231 261 2298 ζητῶσι
294 2232 380 2296 τὴν
412 2235 568 2297 ἀληθῆ
605 2236 679 2284 καὶ
714 2237 822 2303 Θεῷ
859 2234 1009 2301 φίλην
1039 2236 1282 2300 εὐγένειαν.
1337 2237 1425 2304 ὁρᾷ
1460 2235 1551 2302 γὰρ
1587 2237 1670 2288 οὐκ

18 2332 67 2371 25
85 2315 147 2365 εἰς
174 2312 332 2379 σάρκα
360 2313 496 2377 Θεὸς,
523 2313 642 2365 κατὰ
677 2314 730 2365 τὸ
766 2316 1004 2381 εἰρημένον
1029 2318 1138 2382 παρ’
1168 2318 1310 2368 αὐτοῦ
1337 2323 1420 2369 τοῦ
1448 2321 1669 2383 Σωτῆρος

84 2394 216 2458 ἡμῶν
255 2399 472 2461 Χριστοῦ
512 2397 626 2447 “Ἡ
666 2396 800 2466 σὰρξ
842 2399 926 2448 οὐκ
964 2401 1144 2467 ὠφελεῖ
1176 2399 1348 2462 οὐδὲν,”
1390 2400 1668 2467 ἀποδέχεται
1729 2400 1839 2482 {5⁰96}

82 2480 274 2539 μᾶλλον
301 2479 375 2528 καὶ
411 2478 600 2529 ἐπαίνου
629 2478 806 2533 παντὸς
843 2479 972 2548 ἀξιοῖ
1001 2479 1055 2530 τὸ
1091 2483 1138 2531 ἐν
1165 2486 1344 2549 ψυχαῖς
1370 2481 1562 2547 εὐγενὲς,
1591 2484 1667 2532 καὶ
1686 2501 1707 2527 e

83 2558 362 2623 συγγένειαν
400 2557 520 2610 οἶδεν
558 2559 751 2627 ἔχοντας
789 2562 960 2625 ἀληθῆ,
1000 2563 1183 2628 οὕσπερ
1223 2561 1279 2612 ἂν
1317 2562 1344 2625 ἡ
1383 2567 1478 2613 τῶν
1517 2563 1668 2628 ἔργων

83 2638 298 2703 ὁμοιότης
336 2639 437 2702 ἤτοι
471 2645 566 2691 τῶν
591 2642 763 2705 ἐθῶνὴ
801 2643 1029 2706 ταυτότης
1065 2646 1127 2696 εἷς
1163 2643 1276 2706 μίαν
1302 2641 1464 2709 ὥσπερ
1499 2644 1669 2709 ἀρετὴν

132 2801 164 2825 2.
190 2791 391 2835 ἐλευθεροῦν
408 2802 438 2825 a.
456 2791 686 2835 ἐλευθερωτὴν
705 2792 746 2826 Β.
766 2792 996 2836 ἐλευθερῶσαι
1016 2792 1134 2827 Holst.
1154 2792 1220 2827 Ed.
1294 2794 1366 2828 υἱὸν
1382 2793 1619 2838 μεμαθήκαμεν
1635 2808 1666 2830 a.

88 2848 141 2872 10.
166 2837 243 2882 μὲν]
269 2842 304 2878 4-
325 2838 391 2883 γὰρ
413 2837 475 2872 Ht.
494 2838 588 2872 unde
608 2838 674 2872 Ed.
774 2850 827 2872 11.
853 2838 958 2874 οὕτως
977 2839 1019 2873 Β.
1037 2839 1134 2875 οὗτος
1155 2840 1218 2875 Ht.
1238 2839 1305 2875 Ed.
1417 2852 1470 2875 12.
1497 2842 1605 2885 ἐξέφυ
1624 2842 1666 2877 Β.

84 2884 153 2928 ἔφυ
172 2884 236 2919 Ht.
254 2884 321 2918 Ed.
468 2895 520 2929 13.
547 2885 718 2919 ἐπεδείκνυ
738 2884 780 2918 Β.
800 2885 988 2920 ἐπεδείκνυε
1008 2885 1073 2920 Ht.
1093 2886 1161 2921 Ed.
1304 2896 1360 2932 ²5·
1385 2888 1424 2921 τὸ
1442 2899 1511 2922 0111.
1531 2888 1667 2933 Migne.

87 2931 142 2965 28.
168 2931 369 2976 συγγένειαν
388 2930 430 2966 Β.
452 2930 515 2965 Ht.
534 2931 704 2976 εὐγένειαν
721 2931 816 2966 Aub.
939 2943 994 2977 29.
1019 2932 1123 2967 ἐθνῶν
1142 2932 1184 2968 Β.
1206 2932 1270 2967 Ht.
1288 2933 1487 2969 emendavit
1504 2935 1599 2969 Aub.
