2022 3272
122 116 206 160 xiii,
231 133 266 159 1.
500 121 572 160 IN
614 121 658 161 S.
692 121 1030 161 JOANNEM.
1095 121 1219 162 LJB.
1254 122 1331 161 IX.
1623 115 1706 157 343

121 227 301 291 ἑαυτὸν,
354 231 429 279 καὶ
480 229 673 297 μορφὴν
723 229 974 298 ἀνεδέξατο
1023 229 1110 293 τὴν
1164 228 1391 292 οἰκετικὴν
1443 230 1467 277 ὁ
1517 225 1708 277 πάντων

124 311 317 376 Κύριος,
357 310 519 379 ἀγάπῃ
559 316 616 379 τῇ
650 314 754 378 περὶ
794 312 915 375 ἡμᾶς
951 312 1236 375 κεκλημένος
1272 315 1332 364 εἰς
1369 316 1522 360 τοῦτο.
1575 313 1703 372 547oe-

118 391 272 451 πῆσοις
312 393 467 443 τοίνυν
506 392 601 448 τους
645 395 682 444 ἐν
720 396 839 462 τῷδε
881 399 940 464 τῷ
990 396 1145 462 κόσμῳ
1187 395 1415 459 ἠγάπησεν
1457 389 1608 444 αὐτοὺς
1652 395 1709 442 εἰς

119 473 258 535 τέλος,
285 476 432 525 καίτοι
464 476 539 526 καὶ
569 474 661 541 πρὸ
697 478 779 539 τῆς
815 476 977 541 ἑορτῆς
1014 477 1089 525 καὶ
1130 474 1222 540 πρὸ
1258 480 1340 525 τοῦ
1380 472 1550 540 πάσχα
1589 467 1711 524 εἰδὼς

81 553 185 605 5ἵτι
217 551 338 615 ἦλθεν
361 559 492 607 αὑτοῦ
527 560 548 617 ἡ
584 556 672 625 ὦροι
703 557 775 608 'lm
810 559 994 627 μεταβῇ
1030 557 1080 607 ἐκ
1116 559 1188 608 τοῦ
1225 557 1390 624 κόσμου
1424 554 1569 606 τούτου
1604 551 1711 620 προς

123 636 190 688 τὶν
216 638 412 706 Ποιτέροι.
463 644 545 689 τοῦ
570 638 655 701 μὲν
683 639 773 705 γὰρ
808 638 873 703 μὴ
910 643 971 693 εἰς
1009 637 1148 692 τέλος
1183 637 1524 704 ἀγαπήσαντος
1559 634 1630 699 ἦν,
1656 632 1710 683 τὸ

122 719 342 785 γενέσθαι
373 720 457 783 μὲν
483 720 748 786 ἄνθρωπον,
774 720 839 784 μὴ
872 719 967 784 μὴν
995 721 1223 784 ἐθελῆσαι
1260 722 1333 770 καὶ
1369 722 1452 783 τῆς
1488 716 1711 768 ἁπάντων

123 807 512 868 προκινδυνεῦσαι
562 803 693 870 ζωῆς,
738 805 847 854 ἀλλ’
890 803 1122 870 ἠγάπησεν
1171 810 1230 858 εἰς
1276 802 1414 866 τέλος,
1452 804 1525 853 καὶ
1572 807 1751 852 τοῦτοῦ

122 889 290 936 παθεῖν
316 887 370 936 οὐ
394 885 823 951 παραιτησάμενος,
850 886 999 936 καίτοι
1026 885 1254 951 προειδὼς
1283 886 1352 936 ὅτι
1378 886 1608 936 πείσεται.
1659 884 1712 932 οὐ

59 991 108 1016 10
122 966 217 1034 γὰρ
262 968 477 1018 ἄποπτον
516 965 574 1031 ἧν
611 971 678 1036 τῷ
723 970 910 1033 Σωτῆρι
957 967 1011 1018 τὸ
1056 966 1224 1021 πάθος.
1292 966 1400 1036 ἐξὸν
1439 967 1533 1028 οῦν,
1573 967 1712 1033 φησὶ,

123 1051 363 1115 διαδρᾶναι
401 1054 496 1100 τῶν
520 1050 759 1100 Ἰουδαίων
792 1048 876 1102 τὰς
914 1050 1162 1115 παροινίας
1197 1051 1272 1100 καὶ
1311 1048 1397 1110 τὴν
1430 1052 1525 1099 τῶν
1559 1069 1709 1097 σταυ·

123 1130 332 1197 ρούντων
370 1130 669 1196 ἀνοσιότητα,
703 1131 997 1195 τελεωτάτην
1038 1131 1307 1200 ἐπεδείξατο
1346 1128 1432 1193 τὴν
1471 1128 1716 1194 ἀγάπησιν

124 1211 211 1277 τὴν
236 1216 298 1266 εἷς
324 1211 421 1268 τοὶς
451 1210 582 1268 ἰδίους
617 1212 714 1268 τοὺς
750 1213 887 1266 ὄντας
926 1215 963 1265 ἐν
990 1219 1052 1283 τῷ
1080 1214 1247 1283 κόσμῳ,
1274 1211 1588 1280 παρῃτήσατο
1621 1208 1715 1275 γὰρ

125 1295 342 1358 οὐδαμῶς
376 1292 430 1346 τὸ
463 1298 538 1345 καὶ
564 1297 647 1358 τῆς
673 1294 898 1345 ἁπάντων
925 1296 1233 1360 ὑπερτεθῆναι
1261 1295 1391 1361 ζωῆς.
1444 1293 1514 1344 ὅτι
1545 1291 1638 1358 γὰρ
1668 1293 1717 1341 ἐν

61 1391 108 1430 15
125 1376 277 1446 τούτῳ
301 1377 516 1439 μάλιστα
542 1376 834 1427 τελεώτατόν
861 1378 964 1428 ἐστι
992 1380 1076 1441 τῆς
1101 1376 1290 1442 ἀγάπης
1317 1375 1372 1427 τὸ
1397 1375 1569 1440 με’τρον
1590 1376 1713 1435 ἰδεῖν,

125 1457 268 1510 αὐτὸν
292 1459 512 1525 παροίσω
546 1458 763 1525 μάρτυρα
797 1458 881 1510 τὸν
910 1459 1090 1525 Κύριον
1124 1459 1256 1522 ἡμῶν
1280 1459 1473 1522 Ἰησοῦν
1498 1455 1717 1522 Χριστὸν

847 1545 867 1554 Α

126 1544 223 1594 τοῖς
249 1541 396 1607 ἁγίοις
423 1540 628 1607 λε’γοντα
653 1545 886 1606 μαθηταις
913 1548 941 1570 “
960 1542 1092 1605 Αὕτη
1124 1541 1255 1591 ἐστὶν
1282 1540 1310 1604 ἡ
1346 1538 1515 1603 ἐντολὴ
1552 1538 1579 1602 ἡ
1615 1535 1715 1601 ἐμὴ,
1734 1556 1755 1581 a
1783 1548 1869 1582 720
1885 1547 1935 1580 A·

127 1628 156 1651 ‘⁶
180 1622 256 1673 ἵνα
300 1624 514 1688 ἀγαπᾶτε
563 1621 809 1687 ἀλλήλους
859 1622 1014 1677 καθὼς
1064 1621 1298 1688 ἠγάπησα
1343 1623 1476 1685 ὑμᾶς.
1531 1618 1717 1685 μείζονα

128 1710 157 1732 “
180 1703 275 1771 γὰρ
308 1704 479 1768 ταύτης
514 1704 706 1771 ἀγάπην
737 1705 883 1758 οὐδεὶς
919 1705 1028 1772 ἔχει,
1056 1705 1132 1755 ἵνα
1166 1727 1234 1757 τις
1269 1703 1355 1768 τὴν
1380 1701 1545 1771 ψυχὴν
1576 1703 1718 1751 αὐτοῦ

63 1808 112 1833 20
130 1793 157 1816 ‘⁶
184 1790 244 1855 θῇ
271 1786 384 1853 ὑπὲρ
411 1791 505 1837 τῶν
531 1788 690 1855 φίλων
717 1787 903 1838 αὐτοῦ.”
945 1789 1020 1838 καὶ
1051 1788 1159 1838 καθ’
1188 1786 1346 1852 ἕτερον
1371 1784 1421 1835 δὲ
1447 1782 1624 1851 τρόπον
1651 1783 1724 1833 ἀεί

127 1892 228 1922 πως
268 1871 370 1920 ἐστὶ
409 1868 485 1919 διὰ
523 1871 737 1932 σπουδῆς
775 1867 970 1934 γεγονὸς
1009 1873 1110 1922 τοῖς
1148 1869 1299 1934 ἁγίοις
1334 1868 1716 1932 εὐαγγελισταῖς,

126 1950 377 2017 προειδότα
407 1949 627 2000 δεικνύειν
653 1948 736 2000 τὸν
762 1955 845 2000 τοῦ
870 1947 1055 2002 πάθους
1087 1947 1249 2015 καιρὸν
1275 1947 1358 1999 τὸν
1384 1947 1563 2013 Κύριον
1589 1946 1721 2010 ἡμῶν

127 2033 318 2096 Ἰησοῦν
343 2031 426 2082 τὸν
451 2029 682 2097 Χριστόν·
722 2031 798 2081 ἵνα
832 2030 897 2095 μή
934 2053 1003 2084 τις
1041 2035 1138 2081 τῶν
1169 2029 1458 2098 ἑτεροδοξεῖν
1490 2027 1722 2079 εἰωθότων

129 2116 213 2178 τῆς
238 2114 362 2167 θείας
389 2113 531 2164 αὑτοῦ
557 2110 698 2181 δόξης
734 2113 1089 2179 κατεπαίρηται,
1117 2111 1289 2177 λέγων,
1316 2112 1377 2163 ὡς
1412 2111 1515 2175 ἥλω
1551 2108 1638 2173 μὲν
1665 2108 1720 2160 δι’

64 2210 113 2249 25
130 2195 391 2258 ἀσθένειαν,
417 2193 611 2262 βρόχοις
644 2194 692 2245 δὲ
726 2199 822 2248 τοῖς
848 2195 1092 2245 Ἰουδαίων
1119 2192 1411 2257 ἀνεθελήτως
1437 2191 1722 2258 περιπεσὼν,

130 2275 214 2328 τὸν
240 2278 362 2328 οὕτω
387 2274 632 2328 πάνδεινον
658 2275 840 2340 ὑπέστη
867 2275 1091 2328 θάνατον.
1148 2273 1439 2339 οἰκονομικός
1473 2278 1723 2340 τοιγαροῦν
1739 2278 1766 2319 b

133 2360 210 2409 καὶ
235 2358 477 2427 ὠφέλιμος
502 2362 596 2409 τῶν
623 2358 771 2424 ἁγίων
798 2358 822 2408 ὁ
850 2355 1016 2424 λόγος.

184 2521 218 2545 2.
242 2509 424 2553 κεκλημένη
445 2509 526 2553 (Sic)
548 2509 589 2543 E.
775 2519 809 2553 3.
834 2508 955 2543 αὐτοὺς
973 2519 1036 2552 pro
1055 2507 1134 2543 τοὺς
1152 2507 1195 2541 Ε.
1381 2517 1434 2540 12.
1461 2506 1676 2548 τελειοτάτην
1694 2517 1724 2539 a.

138 2569 193 2600 14.
216 2554 452 2600 ὑπερτεθῆναι]
473 2555 522 2589 ἰ’σ.
540 2555 779 2599 ὑπερτεθνᾶναι
798 2554 891 2588 Aub.
910 2565 983 2598 mg.
1305 2553 1359 2586 18.
1385 2551 1561 2597 ἠγάπησεν
1580 2552 1660 2594 (sic)
1683 2553 1723 2585 E.

136 2615 192 2638 22.
217 2602 357 2637 δεικνύει
378 2603 457 2645 (Sic)
478 2602 519 2636 E.
662 2612 717 2643 24.
744 2600 835 2634 ὅυλω
854 2600 934 2643 (Sic)
956 2601 996 2634 E.

1778 1597 1870 1627 Infra
1887 1607 1939 1626 xv.

1782 1649 1793 1670 1
1804 1649 1829 1676 2,
1844 1649 1892 1679 13.
