2037 3266
309 151 395 191 340
713 150 763 191 B.
798 148 1074 191 CYRILLI
1117 148 1500 190 ALEXANDR.
1650 147 1721 189 xii.
1739 160 1807 203 49,
1827 157 1895 202 50.

311 262 501 324 πολλῆς
552 260 706 311 τοίνυν
757 261 833 310 καὶ
885 260 1109 326 ἀκριβοῦς
1153 259 1416 322 οἰκονομίας
1468 258 1493 308 ὁ
1541 256 1714 323 Κύριος
1764 257 1897 320 ἡμῶν

311 341 500 406 Ἰησοῦς
523 344 607 405 τῆς
641 340 840 405 ἐνούσης
876 342 1031 393 αὐτοῖς
1066 340 1284 393 ὑπονοίας
1319 337 1546 402 μεθιστὰς
1580 338 1687 392 τοῦς
1722 340 1900 403 ἀκροω-

309 421 487 485 μένους,
513 425 575 476 ὡς
602 422 696 474 ἀπὸ
723 426 876 490 ψιλοῦ
902 424 977 472 καὶ
1012 422 1158 485 μόνου
1191 426 1274 472 τοῦ
1310 420 1605 487 ἀνθρωπίνου
1637 419 1900 486 προσώπου

308 504 603 571 μετακομίζει
637 504 720 555 τὸν
751 503 900 569 λόγον
926 504 1000 554 ἐπὶ
1035 501 1118 553 τὸν
1144 501 1489 570 ἀναντιρῥήτως
1523 525 1573 552 τε
1608 503 1683 552 καὶ
1719 502 1893 564 ὁμολο-

309 585 548 651 γουμένως
586 585 1014 651 προσκυνούμενον,
1044 586 1166 652 φημὶ
1206 583 1262 647 δὴ
1300 583 1383 635 τὸν
1410 583 1535 635 Θεὸν
1571 585 1646 634 καὶ
1682 583 1895 649 Πατέρα,
1920 593 1942 631 5

311 665 386 718 διά
427 666 605 720 παντὸς
649 669 818 733 χρῆναι
860 665 1039 732 τρόπου
1082 663 1169 729 τὴν
1208 666 1489 716 ἀπαίδευτον
1528 670 1624 716 τῶν
1662 666 1900 716 Ἰουδαίων

311 749 505 812 καρδίαν
540 750 830 799 ἐκδυσωπεῖν
865 746 1088 810 οἰόμενος,
1123 748 1198 797 καὶ
1237 746 1635 814 μεταχειρίζεσθαι
1674 747 1901 800 ποικίλως

267 839 294 880 d
311 828 419 883 τοῦς
445 828 701 882 ἀσυνέτους
727 830 974 896 ἐπιχειρῶν
999 833 1062 882 εἰς
1088 827 1142 879 τὸ
1168 828 1435 888 βούλεσθαι
1462 832 1625 892 μαθεῖν
1650 828 1709 879 τὰ
1743 829 1900 891 ἀληθῆ

312 913 388 962 καὶ
426 911 808 977 πρεπωδέστερα.
876 909 1103 965 τοιούτοις
1140 908 1226 973 μὲν
1263 911 1344 961 οῦν
1382 910 1694 978 ἀποχρήσαιτ’
1736 910 1794 960 ἄν
1831 932 1901 963 τις

312 991 476 1058 λόγοις
506 1016 557 1044 τε
591 995 666 1043 καὶ
704 991 992 1059 θεωρήμασι,
1019 991 1102 1045 τὰς
1130 996 1224 1042 τῶν
1251 992 1458 1043 ἀνοσίων
1484 995 1726 1058 αἱρετικῶν
1751 997 1897 1059 φιλο-
1925 1005 1974 1032 10

312 1075 491 1142 ψογίας
527 1073 889 1140 διακρουόμενος
921 1072 1159 1137 οἰομένων,
1186 1072 1257 1124 ὅτι
1281 1078 1412 1137 μεῖον
1436 1074 1528 1142 ἕξει
1556 1073 1676 1125 κατά
1709 1096 1752 1124 τι
1785 1078 1902 1139 γοῦν

312 1157 337 1206 ὁ
365 1154 495 1218 Υἱὸς,
523 1158 585 1209 ὡς
611 1155 730 1222 πρὸς
757 1155 840 1206 τὸν
865 1157 1031 1206 ἑαυτοῦ
1057 1154 1330 1221 γεννήτορα,
1359 1154 1435 1206 διὰ
1471 1154 1525 1206 τὸ
1561 1155 1707 1223 φάναι
1734 1160 1903 1207 λαλεῖν

311 1236 397 1301 μὲν
438 1239 520 1305 ἀφ’
560 1240 725 1289 ἑαυτοῦ
768 1237 926 1301 μηδὲν,
968 1235 1191 1288 δεδόσθαι
1235 1236 1386 1302 γεμὴν
1425 1235 1606 1300 ἐντολὴν,
1648 1242 1815 1288 λαλεῖν
1852 1260 1902 1288 τε

313 1320 437 1369 οὕτω
464 1318 679 1386 καθάπερ
706 1319 997 1385 ἠκροάσατο.

391 1403 486 1451 Καὶ
512 1402 731 1467 ἀρκέσειν
756 1400 843 1464 μὲν
870 1399 997 1465 οἶμαι
1024 1403 1101 1451 καὶ
1127 1407 1288 1462 ταῦτα,
1307 1398 1438 1464 πλὴν
1463 1402 1551 1466 ἐρῶ
1578 1424 1621 1452 τι
1647 1403 1722 1451 καὶ
1747 1400 1903 1466 ἕτερον
1927 1418 1974 1457 15

314 1483 397 1545 τῆς
441 1483 627 1533 ἐκείνων
669 1483 1055 1548 ἀθυρογλωττίας
1099 1481 1185 1546 τὴν
1225 1483 1362 1548 ὕβριν
1403 1484 1721 1548 ἀπογυμνοῦν.
1792 1481 1903 1550 φέρε

275 1588 298 1615 e
315 1561 421 1628 γὰρ,
443 1566 480 1613 εὶ
507 1566 644 1626 δοκεῖ,
671 1562 830 1631 βραχὺ
857 1564 1242 1630 περιστείλαντες
1268 1567 1350 1627 τῆς
1374 1564 1492 1627 μετὰ
1518 1563 1697 1630 σαρκὸς
1723 1567 1901 1614 οἰκονο-

314 1645 424 1707 μίας
450 1644 499 1695 ἔν
525 1667 579 1710 γε
606 1649 672 1714 τῷ
703 1645 904 1711 παρόντι
939 1645 1022 1696 τὸν
1049 1644 1212 1711 λόγον,
1239 1646 1308 1696 ἐπ’
1339 1647 1482 1696 αὐτοῦ
1517 1644 1795 1709 δεικνύωμεν
1821 1650 1904 1696 τοῦ

318 1729 621 1791 Μονογενοῦς
659 1728 810 1793 ὀρθῶς
844 1750 894 1777 τε
933 1728 1009 1777 καὶ
1049 1731 1208 1781 καλῶς
1243 1728 1482 1794 εἰρημένον
1516 1728 1570 1778 τό
1593 1726 1700 1779 ’Ότι
1736 1726 1825 1793 ἐγὼ
1859 1726 1905 1795 ἐξ

316 1807 507 1874 ἐμαυτοῦ
533 1811 575 1858 οὐ
601 1808 752 1870 λαλῶ,
779 1811 889 1858 ἀλλ’
920 1814 937 1859 ὁ
966 1803 1176 1878 πέμψας
1200 1832 1260 1875 με
1288 1808 1438 1878 Πατὴρ
1465 1810 1597 1864 αὑτός
1627 1833 1702 1876 μοι
1739 1806 1905 1867 ἐντολὴν
1926 1831 1977 1857 20

316 1885 476 1940 δέδωκε
502 1892 547 1940 τί
577 1890 687 1941 εἴπω
726 1895 803 1940 καὶ
840 1892 885 1940 τί
916 1892 1123 1949 λαλήσω.
1179 1889 1316 1943 αὐτὸς
1352 1890 1445 1956 γὰρ
1481 1889 1596 1941 ὧνὸ
1629 1890 1718 1957 ζῶν
1742 1912 1792 1940 τε
1828 1891 1905 1940 καὶ

315 1970 636 2025 ἐνυπόστατος
662 1972 823 2037 Λόγος
858 1979 941 2023 τοῦ
978 1976 1104 2024 Θεοῦ
1140 1976 1216 2024 καὶ
1247 1974 1453 2040 Πατρὸς,
1479 1977 1743 2040 ἀναγκαίως
1778 1976 1901 2040 διερ-

316 2053 500 2116 μηνεύει
539 2052 597 2104 τά
634 2054 682 2103 ἐν
714 2054 855 2123 αὐτῷ,
882 2057 957 2104 καὶ
993 2054 1047 2105 τὸ
1087 2057 1149 2108 ὡς
1187 2056 1236 2106 ἐν
1269 2055 1464 2120 θελήσει
1502 2059 1669 2107 δοκοῦν
1700 2059 1767 2124 τῷ
1804 2055 1904 2125 ἰδίῳ

94 2154 174 2189 ’718
191 2152 243 2187 A.
277 2135 563 2202 αγεννήτορι
603 2134 788 2203 ἐξάγων
823 2139 884 2189 εἰς
931 2140 1047 2205 φῶς,
1088 2139 1150 2190 ὡς
1193 2138 1388 2200 ἐντολῆς
1432 2137 1627 2201 δύναμιν
1664 2136 1905 2205 εἰληφέναι

318 2217 487 2284 φησίν·
548 2216 638 2267 ’ίδοι
690 2216 732 2268 δ’
780 2217 838 2267 ἅν
880 2240 950 2270 τις
994 2219 1070 2268 καὶ
1120 2219 1194 2285 ἐφ’
1240 2218 1373 2281 ἡμῶν
1424 2220 1578 2269 αὐτῶν
1627 2217 1801 2282 ἀληθὲς
1850 2217 1904 2270 τὸ
1926 2244 1975 2283 25

318 2301 530 2363 πρᾶγμα,
559 2300 635 2348 καὶ
673 2299 759 2364 οὐχ
794 2298 959 2363 ἑτέρως
995 2298 1119 2365 ἕχον.
1176 2299 1321 2364 λόγος
1356 2299 1449 2365 γὰρ
1489 2300 1513 2350 ὁ
1550 2299 1853 2369 προφορικὸς,
1879 2302 1905 2352 ὁ

319 2379 368 2429 ἐν
394 2378 617 2430 συνθέσει
642 2378 821 2447 λέξεων
847 2381 923 2429 καὶ
948 2379 1186 2446 ῥημάτων,
1213 2378 1289 2430 διά
1312 2403 1361 2431 τε
1389 2384 1548 2449 φωνῆς
1572 2385 1654 2445 τῆς
1679 2381 1905 2448 ἐνάρθρου

319 2460 438 2526 πρὸς
461 2459 515 2511 τὸ
543 2460 634 2529 ἔξω
661 2460 1070 2524 διακτυπούμενος,
1097 2461 1438 2526 ἐντελλομένης
1463 2461 1628 2529 ὥσπερ
1661 2464 1788 2533 αὐτῷ
1822 2467 1906 2527 τῆς

320 2542 544 2608 ἡμετέρας
588 2543 807 2604 διανοίας,
851 2542 1132 2594 ἐκκαλύπτει
1177 2542 1236 2594 τὰ
1277 2545 1326 2594 ἐν
1371 2545 1502 2611 αὐτῇ,
1542 2547 1618 2595 καὶ
1666 2549 1704 2596 εἰ
1746 2545 1812 2608 μὴ
1855 2546 1905 2596 ἐν

320 2623 476 2692 χρόνῳ
513 2627 679 2692 μακρῷ
719 2622 772 2674 τὸ
811 2628 1011 2689 πρᾶγμα
1046 2625 1239 2690 γίνεται·
1299 2623 1397 2688 ἅμα
1433 2624 1526 2692 γάρ
1561 2649 1605 2676 τι
1638 2628 1841 2689 συνῆκεν
1878 2627 1903 2676 ὁ
1924 2646 1975 2682 30

322 2710 443 2766 νοῦς,
471 2706 546 2755 καὶ
572 2705 803 2771 παρέθετο
835 2709 893 2773 τῇ
930 2709 1084 2774 φωνῇ·
1126 2706 1154 2769 ἦ
1190 2704 1238 2756 δὲ
1271 2705 1390 2772 πρὸς
1424 2706 1478 2758 τὸ
1514 2706 1605 2775 ἔξω
1641 2706 1904 2772 βαδίζουσα

322 2784 381 2834 τὰ
415 2786 463 2835 ἐν
497 2790 562 2855 τῷ
597 2785 747 2847 βάθει,
780 2785 840 2837 τὰ
877 2788 925 2837 ἐν
956 2790 1023 2855 τῷ
1063 2787 1132 2838 νοῒ
1169 2787 1452 2851 διερμηνεύει
1489 2786 1903 2852 παραλλάττουσα

369 2897 401 2928 5.
429 2888 468 2931 δὴ
489 2889 528 2923 Ε.
547 2889 582 2922 δὲ
602 2889 668 2924 Ed.
806 2902 858 2925 10.
883 2892 944 2933 μὲν
961 2903 1023 2935 pro
1041 2906 1077 2925 τε
1097 2892 1137 2925 Ε.
1210 2893 1439 2937 φιλοψογίαις
1459 2892 1498 2926 Ε.
1633 2904 1684 2934 14.
1711 2890 1902 2936 ἠκροάσατο

324 2934 365 2967 E.
385 2933 527 2978 ἠκροᾶτο
546 2935 612 2969 Ed.
757 2948 813 2980 32.
840 2937 1065 2981 διερμηνεύειν
1084 2938 1217 2983 Migne.
