2022 3272
693 631 1153 680 ΚΕΦΑΛΑΙΑ

434 816 497 844 TA
548 815 616 844 EN
666 815 747 843 ΤΩι
795 813 1124 843 ΕΝΔΕΚΑΤΩι
1174 811 1400 842 ΒΙΒΛΙΩι.

127 1031 163 1054 α.
190 1012 285 1055 ’Ότι
306 1016 480 1066 φυσικῶς
503 1013 544 1053 ἐκ
568 1015 675 1054 Θεοῦ
704 1029 746 1052 τε
773 1012 836 1052 καὶ
859 1012 902 1051 ἐν
922 1012 974 1066 τῷ
995 1010 1076 1065 Tic?
1098 1009 1141 1050 τὸ
1164 1011 1327 1059 Πνεῦμα
1351 1006 1394 1047 τὸ
1409 1005 1554 1059 ’Άγιον
1576 1004 1638 1045 καὶ
1667 1004 1715 1044 δι’

301 1082 417 1122 αὐτοῦ
445 1081 506 1122 καὶ
534 1083 577 1122 ἐν
605 1086 649 1137 τῇ
675 1081 789 1134 οὐσίᾳ
815 1080 944 1121 αὐτοῦ.
1585 1072 1710 1129 [928]

86 1198 108 1236 5
129 1194 170 1241 β.
197 1188 292 1231 ’Ότι
323 1193 496 1242 φυσικῶς
527 1190 569 1229 ἐν
599 1189 650 1244 τῷ
678 1190 761 1244 Ύὶᾤ
795 1188 856 1228 καὶ
886 1189 930 1228 ἐν
959 1189 1004 1243 τῇ
1036 1187 1150 1241 οὐσίᾳ
1178 1185 1294 1226 αὐτοῦ
1320 1183 1363 1223 τὸ
1388 1185 1552 1232 Πνεῦμα
1583 1181 1714 1227 αὐτοῦ,

298 1257 473 1298 τουτέστι
495 1257 538 1298 τὸ
554 1256 708 1310 ”Αγιον,
734 1259 830 1297 καθὰ
854 1256 917 1296 καὶ
939 1257 982 1296 ἐν
1002 1258 1049 1311 τῇ
1071 1255 1186 1309 οὐσίᾳ
1207 1256 1275 1294 τοῦ
1296 1252 1466 1304 Πατρός.
1588 1247 1713 1305 [930]

130 1383 168 1418 γ.
194 1364 289 1405 “On
323 1367 390 1416 τῆς
421 1367 658 1417 θεοπρεποῦς
688 1364 800 1414 δόξης
831 1363 899 1404 οὐκ
933 1364 1067 1404 ἐπιδεᾶ
1104 1361 1298 1413 θεωρῆσαι
1335 1377 1391 1402 τις
1427 1358 1476 1400 ἂν
1506 1358 1576 1399 τὸν
1605 1357 1715 1406 Ύῖὸν,

304 1432 376 1474 κᾶν
397 1434 618 1485 εὑρίσκηται
638 1432 774 1486 λέγειν
796 1432 930 1484 Πάτερ
951 1431 1124 1482 δόξασον
1144 1429 1212 1471 τὸν
1231 1430 1329 1470 Ύὶόν
1351 1445 1435 1468 σου.
1588 1425 1711 1480 [945]

131 1544 165 1582 δ.
192 1538 286 1581 θὈϊι
318 1539 397 1581 κατ’
421 1540 563 1581 οὐδένα
592 1540 737 1593 τρόπον
766 1539 942 1590 ἀδικήσει
972 1542 1040 1579 τοῦ
1061 1539 1158 1579 Tio&
1188 1537 1257 1588 τὴν
1289 1535 1408 1586 δόξαν
1438 1534 1482 1575 τὸ
1514 1531 1719 1585 εἰληφέναι

67 1628 114 1653 10
304 1626 342 1650 τι
370 1608 560 1662 λέγεσθαι
590 1611 693 1661 παρὰ
725 1611 793 1649 τοῦ
824 1612 933 1650 Θεοῦ
966 1608 1029 1648 καὶ
1060 1605 1232 1659 Πατρὸς,
1269 1605 1430 1658 ἔχοντος
1466 1603 1613 1653 εὐσεβῆ
1649 1603 1719 1641 τοῦ

305 1676 531 1730 πράγματος
557 1678 695 1731 λόγον.
1591 1670 1713 1725 [949]

136 1801 167 1825 ε.
190 1783 286 1825 ‘'O-n
316 1787 384 1825 τοῦ
416 1784 514 1825 εἶναι
546 1784 652 1827 Θεὸς
682 1783 867 1835 ἀληθινὸς
897 1785 918 1824 ὁ
948 1782 1041 1826 Ύῖὸς
1072 1783 1139 1823 οὐκ
1172 1780 1246 1832 ἔξω
1279 1781 1462 1827 κείσεται,
1495 1777 1566 1818 κᾶν
1594 1777 1719 1828 μόνον

308 1853 370 1893 καὶ
397 1852 583 1904 ἀληθινὸν
611 1852 778 1908 ὀνομάζῃ
802 1852 911 1893 Θεὸν
937 1852 1007 1892 τὸν
1028 1850 1202 1902 Πατέρα.
1588 1844 1710 1900 [952]

135 1981 169 2009 ς.
207 1961 302 2003 “On
333 1964 444 2014 δόξης
479 1965 545 2013 τῆς
581 1964 819 2013 θεοπρεποῦς
855 1960 899 2000 οὐ
932 1958 1076 2012 γυμνὸς
1109 1958 1158 2009 ἦν
1191 1958 1211 1997 ὁ
1246 1956 1354 2005 Ύὶὸς,
1393 1955 1465 1996 κᾶν
1499 1954 1720 2005 εὑρίσκηται

66 2050 113 2089 15
307 2032 437 2085 λέγων
466 2031 561 2082 πρὸς
590 2030 658 2071 τὸν
680 2029 838 2082 Πατέρα
860 2030 936 2070 Καὶ
968 2031 1037 2069 νῦν
1067 2027 1238 2078 δόξασόν
1267 2043 1316 2077 με
1346 2027 1391 2081 τῇ
1423 2025 1512 2079 δόξῃ
1543 2021 1566 2079 ᾗ
1596 2023 1717 2075 εἶχον,

309 2104 370 2143 καὶ
398 2104 445 2142 τὰ
474 2103 572 2152 ἑξῆς.
1589 2092 1711 2147 [954]

138 2209 167 2260 ζ.
193 2208 287 2251 ’Ότι
311 2209 355 2250 τὸ
382 2208 577 2261 λέγεσθαί
598 2225 634 2248 τι
661 2209 845 2249 δεδόσθαι
875 2207 927 2262 τῷ
949 2207 1029 2261 Ὑὶᾥ
1054 2206 1159 2257 παρὰ
1183 2207 1250 2244 τοῦ
1270 2201 1439 2255 Πατρὸς,
1466 2201 1534 2242 οὐκ
1563 2200 1723 2251 ἐξοικιεῖ

309 2280 375 2329 τῆς
396 2280 632 2330 θεοπρεποῦς
653 2277 762 2326 ἀξίας
784 2274 914 2325 αὐτὸν,
938 2272 1029 2315 ἀλλ’
1053 2273 1108 2314 ὢν
1134 2273 1340 2324 ὁμοούσιός
1369 2287 1412 2312 τε
1440 2270 1502 2310 καὶ
1530 2268 1578 2320 ἐξ
1605 2269 1720 2309 αὐτοῦ

310 2347 558 2398 διαφαίνεται
582 2345 643 2386 καὶ
671 2346 703 2385 εἰ
723 2343 882 2397 λέγεταί
900 2360 936 2383 τι
956 2346 1112 2393 λαβεῖν.
1591 2335 1716 2393 [960]

71 2474 122 2500 20
140 2473 177 2506 η.
201 2453 295 2494 ‘'O-rc
319 2453 387 2494 οὐκ
414 2453 486 2503 ἔξω
513 2453 684 2493 κείσεται
710 2453 776 2502 τῆς
795 2453 966 2502 Χριστοῦ
993 2449 1217 2501 βασιλείας,
1246 2447 1318 2489 κᾶν
1344 2448 1380 2488 εἴ
1405 2463 1441 2487 τι
1468 2445 1624 2499 λέγοιτο
1653 2447 1720 2485 τοῦ
1737 2457 1759 2482 a
1786 2448 1870 2484 927
1888 2447 1941 2484 A.

312 2522 479 2573 Πατρός·
513 2520 592 2572 ἅμα
613 2522 685 2572 γὰρ
707 2519 807 2574 αὐτῷ
827 2519 850 2570 ἡ
872 2520 967 2559 κατὰ
988 2517 1146 2558 πάντων
1168 2515 1281 2570 ἀρχή.
1596 2513 1714 2568 [966]

139 2635 175 2672 θ.
201 2630 294 2672 ’Ότι
325 2628 494 2681 φυσικὸν
530 2629 573 2668 ἐν
607 2627 658 2682 τῷ
693 2627 773 2681 Th?
808 2625 853 2666 τὸ
888 2627 956 2676 τῆς
993 2626 1175 2675 θεότητος
1210 2624 1373 2674 ἀξίωμα,
1411 2621 1483 2662 κᾶν
1517 2619 1720 2672 εἰληφέναι

310 2698 472 2750 λέγηται
512 2699 625 2736 τοῦτο
665 2696 770 2746 παρὰ
810 2693 969 2746 Πατρὸς
1008 2694 1069 2734 διὰ
1107 2691 1152 2733 τὸ
1192 2691 1438 2744 ἀνθρώπινον
1474 2689 1536 2730 καὶ
1577 2688 1620 2729 τὸ
1655 2690 1722 2739 τῆς

311 2766 583 2807 ταπεινώσεως
613 2765 757 2817 σχῆμα.
908 2794 916 2802 .
927 2793 935 2802 .
945 2793 954 2802 .
1078 2791 1087 2801 .
1098 2791 1107 2801 .
1117 2791 1126 2801 .
1251 2790 1260 2799 .
1271 2791 1279 2799 .
1289 2791 1298 2799 .
1423 2789 1431 2798 .
1442 2790 1449 2797 .
1461 2790 1469 2798 .
1589 2756 1714 2811 [969]

194 2899 223 2921 1.
249 2884 422 2919 Tabulam
437 2882 529 2917 hanc
545 2882 672 2917 retinui
689 2893 731 2916 ex
749 2880 817 2916 Ed.
869 2879 912 2914 In
930 2879 973 2915 E.
992 2878 1100 2920 deest,
1119 2878 1157 2913 F.
1177 2888 1249 2912 non
1267 2876 1412 2912 contuli.
1582 2886 1638 2910 21.
1664 2874 1722 2909 αὒ-

142 2935 189 2979 τῷ
208 2931 400 2967 emendavi.
418 2931 526 2965 αὐτῶν
542 2929 610 2964 Ed.
