2037 3266
328 136 411 177 6752
732 138 779 177 B.
815 138 1092 180 CYRILLI
1135 140 1518 180 ALEXANDR.
1704 138 1917 189 xvii.4‚5.

325 244 630 310 θεωρήμασιν
657 249 946 302 ἐπινοοῦντες
972 250 1152 314 τρίβον,
1179 250 1484 314 ἀνθρωπίνως
1519 271 1566 299 τε
1606 248 1818 312 λέγωμεν
1845 249 1919 296 καὶ

325 331 596 393 θεοπρεπῶς
623 332 836 395 εἰρῆσθαι
873 333 950 381 καὶ
985 337 1139 382 τοῦτο.
1197 336 1233 381 εἱ
1261 331 1345 394 μὲν
1373 332 1454 381 οῦν
1481 333 1542 383 ὡς
1578 331 1824 395 ἄνθρωπος
1861 328 1920 378 τὰ

324 415 517 460 τοιαῦτα
551 411 696 476 λέγοι,
725 413 970 481 παραδέξῃ
1005 416 1204 463 τοιῶσδε
1232 412 1394 466 Τύπος
1428 413 1537 476 ἡμῖν
1576 415 1650 462 καὶ
1687 410 1808 478 ἁρχὴ
1843 413 1918 461 καὶ

280 497 306 537 b
325 489 458 542 εἰκὼν
490 495 574 557 τῆς
613 494 770 544 ἐνθέου
809 496 1050 548 πολιτείας
1090 495 1296 558 κατέστη
1323 493 1557 560 Χριστὸς,
1590 494 1716 547 ὅπως
1754 516 1803 543 τε
1843 496 1917 543 καὶ

323 575 428 624 τίνα
464 575 643 640 τρόπον
675 575 796 638 ἡμᾶς
831 577 996 642 διαζῆν
1031 575 1308 639 ἀκόλουθον,
1334 576 1577 645 παρέδειξε
1612 581 1800 642 σαφῶς·
1844 574 1918 625 διὰ
1939 588 1960 625 5

323 655 416 722 γάρ
442 680 514 707 τοι
544 664 684 709 τοῦτο
717 656 1014 722 λεπτοτάτην
1040 660 1108 710 ἐπ’
1138 660 1265 727 αὐτῷ
1299 665 1542 709 ποιοῦνται
1578 658 1662 721 τὴν
1689 657 1918 726 ἐξήγησιν

2032 730 2034 747 ἰ

2032 754 2036 770 Ι

2032 780 2036 790 ο

323 742 365 788 οἱ
407 743 501 789 τῶν
540 740 675 790 θείων
717 741 1113 805 συγγραμμάτων
1154 741 1444 807 δημιουργοί.
1514 740 1717 791 παιδεύει
1762 741 1918 790 τοίνυν

323 820 443 883 ἡμᾶς
484 823 558 871 καὶ
601 820 656 871 δι’
701 820 766 872 ὧν
807 823 970 872 ἐνθάδε
1014 825 1179 891 φησὶν,
1221 823 1291 873 ὅτι
1334 821 1420 886 τὴν
1460 822 1748 887 τεταγμένην
1792 822 1918 890 αὐτῷ

322 903 620 968 λειτουργίαν
670 903 870 958 ἕκαστος
922 905 1055 968 ἡμῶν
1105 907 1413 971 ἀποπληρῶν,
1458 907 1532 955 καὶ
1581 903 1810 973 διεξάγων
1856 908 1917 957 εἰς

321 985 457 1039 τέλος
494 985 552 1036 τὰ
590 986 933 1050 κεκελευσμένα
971 987 1101 1053 παρὰ
1138 991 1277 1050 Θεοῦ,
1311 986 1415 1038 τότε
1455 988 1511 1051 δὴ
1549 987 1738 1040 πάντως
1776 985 1916 1037 αὐτὸν
1939 1005 1987 1030 10

321 1067 396 1118 διὰ
441 1072 537 1119 τῶν
582 1069 709 1118 ἰδίων
756 1069 939 1137 δοξάζει
987 1069 1381 1136 κατορθωμάτων,
1421 1071 1508 1137 οὐχ
1550 1072 1611 1123 ὡς
1655 1068 1719 1132 μὴ
1763 1068 1916 1136 ε”χοντι

320 1150 615 1216 προστιθείς·
657 1151 846 1215 πλήρης
874 1151 967 1216 γὰρ
993 1152 1135 1220 δόξης
1163 1153 1190 1215 ἡ
1219 1153 1319 1203 θεία
1346 1175 1394 1202 τε
1423 1155 1496 1202 καὶ
1522 1152 1721 1218 ἄῤῥητος
1748 1152 1910 1218 φύσις·

321 1234 429 1283 ἀλλ’
467 1233 538 1284 ὅτι
575 1232 694 1300 πρὸς
733 1238 827 1284 τῶν
866 1234 1085 1298 ὁρώντων
1123 1257 1173 1284 τε
1212 1236 1287 1284 καὶ
1327 1236 1670 1303 ὠφελουμένων
1709 1234 1908 1301 δοξολο-

97 1310 258 1341 matth.

98 1354 192 1385 v.16.
281 1339 302 1366 c
321 1319 509 1381 γεῖσθαι
536 1320 673 1366 ποιεῖ·
719 1318 794 1366 καὶ
824 1321 939 1381 γοῦν
964 1317 989 1366 ὁ
1016 1315 1184 1383 Σωτήρ
1210 1324 1237 1346 ‘⁶
1258 1316 1530 1384 Λαμψάτω,
1558 1318 1695 1384 φησὶ,
1722 1315 1776 1365 τὸ
1812 1319 1914 1383 φῶς

320 1406 347 1428 “
376 1400 505 1461 ὑμῶν
549 1398 821 1464 ἔμπροσθεν
861 1403 956 1449 τῶν
998 1400 1275 1465 ἀνθρώπων,
1320 1398 1447 1452 ὅπως
1498 1399 1636 1449 ’ίδωσι
1681 1397 1740 1448 τὰ
1789 1397 1914 1448 καλὰ
1938 1418 1984 1455 15

319 1488 345 1510 ‘⁶
372 1480 486 1546 ἔργα
527 1483 668 1544 ὑμῶν,
703 1484 778 1531 καὶ
819 1480 1069 1548 δοξάσωσι
1107 1480 1190 1532 τὸν
1220 1481 1413 1546 Πατέρα
1454 1483 1581 1545 ὑμῶν
1619 1479 1701 1532 τὸν
1736 1483 1783 1531 ἐν
1818 1485 1913 1534 τοῖς

319 1569 346 1590 “
373 1563 628 1627 οὐρανοῖς.”
690 1562 1006 1628 ἀνδριζόμενοι
1058 1562 1151 1628 γὰρ
1199 1565 1274 1613 καὶ
1321 1566 1635 1629 ἀγαθουργεῖν
1676 1563 1913 1616 ἐθέλοντες

319 1643 395 1694 διὰ
424 1644 562 1706 Θεὸν,
589 1644 674 1708 τὴν
701 1647 911 1695 ἐντεῦθεν
939 1646 1152 1695 εὔκλειαν
1180 1646 1284 1712 οὐχὶ
1321 1649 1420 1698 ταῖς
1456 1646 1640 1698 οἰκείαις
1671 1668 1909 1709 μνηστευ-
2034 1668 2037 1704 ξ

319 1725 465 1787 όμεθα
504 1732 750 1795 κεφαλαῖς,
786 1725 917 1776 ἀλλὰ
955 1730 1014 1794 τῇ
1053 1732 1136 1777 τοῦ
1175 1727 1367 1778 πάντων
1396 1733 1676 1793 κρατοῦντος
1715 1731 1824 1795 τιμῇ
1863 1750 1912 1777 τε
2034 1728 2037 1732 ’

319 1811 395 1858 καὶ
434 1808 551 1877 δόξῃ
590 1808 676 1873 τὴν
714 1810 949 1876 εὐφημίαν
986 1808 1427 1874 πραγματευόμεθα.
1494 1808 1657 1875 ὥσπερ
1702 1807 1795 1874 γὰρ
1837 1809 1910 1859 ὅτε
1934 1826 1983 1850 20
2034 1806 2037 1854 ἱ

318 1889 405 1954 τὴν
438 1890 720 1959 ἀπᾴδουσαν
755 1895 820 1959 τῷ
859 1895 966 1961 Θεῷ
1004 1894 1080 1941 καὶ
1118 1891 1485 1956 βδελυρωτάτην
1519 1891 1639 1957 ζωὴν
1673 1892 1908 1955 ἐπιτηδεύ-

319 1995 460 2034 οντες,
490 1975 548 2026 ὡς
578 1972 664 2037 τὴν
690 1974 894 2040 ἄρρητον
922 1975 1064 2024 αὑτοῦ
1090 1973 1416 2039 παραλύοντες
1442 1973 1601 2042 δόξαν,
1627 1973 1912 2036 εὐθυνόμεθά

319 2078 367 2105 τε
413 2056 598 2109 δικαίως
643 2056 719 2105 καὶ
763 2060 1004 2121 τιμωρίαις
1049 2055 1211 2123 ε”νοχον
1253 2056 1337 2119 τὴν
1379 2057 1550 2107 οἰκείαν
1590 2058 1912 2118 ἀποτελοῦμεν

98 2137 498 2205 hlii.5.d1pvxy)y‚
531 2136 606 2189 διὰ
644 2141 726 2201 τῆς
764 2144 847 2189 τοῦ
882 2137 1133 2205 προφήτου
1173 2141 1334 2206 φωνῆς
1373 2138 1619 2191 ἀκούοντες
1647 2145 1673 2166 ‘⁶
1691 2138 1766 2188 Δι’
1795 2139 1911 2200 ὑμᾶς

320 2226 347 2247 “
374 2219 449 2269 διὰ
484 2219 661 2273 παντὸς
696 2219 750 2270 τὸ
789 2219 938 2283 ὄνομά
973 2243 1064 2282 μου
1097 2225 1462 2287 βλασφημεῖται
1496 2222 1543 2270 ἐν
1575 2225 1669 2273 τοῖς
1705 2219 1907 2270 ἐθνεσι·”
1931 2235 1980 2272 25

320 2301 440 2352 κατὰ
471 2301 553 2352 τὸν
579 2301 722 2352 αὐτὸν
750 2299 877 2365 οἶμαι
909 2301 1074 2366 λόγον,
1102 2301 1177 2352 ὅτε
1214 2300 1631 2367 περιφανεστάτην
1656 2302 1911 2370 ἐξανύομεν

319 2381 500 2447 ἀρετὴν,
528 2382 632 2433 τότε
660 2382 715 2447 δὴ
742 2381 933 2436 πάντως
955 2385 1030 2433 καὶ
1071 2383 1437 2451 δοξολογεῖσθαι
1470 2383 1903 2449 παρασκευάζομεν.

318 2465 760 2531 ἀποπληρώσαντες
801 2465 957 2516 τοίνυν
998 2464 1052 2516 τὸ
1094 2464 1228 2516 δοθὲν
1267 2466 1376 2529 ἡμῖν
1414 2466 1553 2530 ἔργον
1591 2465 1720 2530 παρὰ
1760 2468 1906 2528 Θεοῦ,

318 2545 423 2597 τότε
451 2549 526 2597 καὶ
553 2545 686 2610 μάλα
719 2548 906 2601 δικαίως
939 2551 1001 2600 εἱς
1027 2546 1112 2611 τὴν
1138 2553 1234 2601 τοῖς
1264 2549 1477 2613 γνησίοις
1507 2547 1909 2613 πρεπωδεστάτην

101 2717 258 2756 Ιῐῑῡὲᾞ-
321 2709 465 2779 δόξαν
503 2711 632 2777 παρὰ
671 2717 754 2762 τοῦ
791 2710 909 2776 πρὸς
949 2712 1081 2775 ἡμῶν
1120 2711 1438 2780 δοξασθέντος
1478 2714 1603 2761 Θεου
1642 2718 1668 2740 “
1691 2714 1769 2761 Ζῶ
1815 2711 1908 2778 γὰρ

319 2630 653 2688 ἀναβαίνοντες
691 2631 975 2697 παρ’ῥησίαν,
1015 2629 1100 2693 τὴν
1140 2630 1251 2693 ἰ’σην
1290 2628 1454 2695 ὥσπερ
1495 2628 1909 2693 ἀνταπαιτήσομεν
1928 2649 1979 2684 30
2034 2590 2037 2713 ἱ

2034 2719 2037 2744 Ι

98 2770 148 2799 30.
2034 2757 2037 2775 ¹

369 2911 400 2934 2.
428 2901 479 2933 καὶ
498 2912 566 2935 om.
587 2902 626 2935 E.
750 2913 780 2946 7.
809 2904 1085 2946 συγγραμμάτων
1105 2902 1144 2935 E.
1165 2903 1371 2946 γραμμάτων
1391 2901 1455 2935 Ed.
1591 2914 1640 2943 14.
1666 2901 1755 2945 φησὶ
1775 2913 1844 2935 om.
1864 2900 1905 2935 E.

324 2948 375 2980 18.
403 2946 473 2991 διὰ]
499 2951 533 2987 -1-
557 2950 613 2982 τὸν
632 2948 697 2983 Ed.
716 2949 824 2983 invito
845 2950 885 2983 E.
