2022 3272
142 144 286 200 xiii.9.
515 148 589 188 IN
632 148 674 188 S.
709 147 1047 188 JOANNEM.
1110 147 1236 187 LIB.
1271 147 1348 186 IX.
1646 144 1730 183 349

144 251 324 318 ζημίαν,
355 255 442 320 τὴν
473 257 522 307 ἐκ
560 262 643 307 τοῦ
680 259 886 323 τηρῆσαι
924 255 977 307 τὸ
1017 256 1274 322 εἰρημένον.
1330 252 1771 321 παραφυλακτέονιι
1803 269 1951 305 724Α.

142 343 395 403 τοιγαροῦν
432 337 486 389 τὸ
524 343 750 404 προαλῶς
791 362 834 389 τι
876 340 951 389 καὶ
994 338 1256 406 προχείρως
1296 341 1453 399 εἰπεῖν,
1492 336 1608 400 μήτε
1648 334 1734 398 μὲν

144 419 322 484 ἀγρίοις
349 419 608 486 ἐπειγέσθω
636 444 705 475 τις
732 420 885 474 τόνοις
908 464 1116 474 ......
1144 419 1198 471 τὸ
1226 421 1275 470 ἐκ
1301 419 1582 486 προπετείας
1611 419 1730 468 ἀπο-

143 501 371 564 πτυσθὲν,
399 501 530 552 ἀλλὰ
555 502 642 553 κᾶν
667 526 711 553 τι
746 503 977 569 λέγεσθαι
1012 506 1181 570 συμβῇ
1216 501 1346 569 παρά
1381 523 1537 560 τινων,
1567 497 1666 549 εἶτά
1690 522 1734 549 τι

103 586 239 633 5τῶν
266 585 460 648 ἀγαθῶν
491 586 566 635 καὶ
602 586 977 652 ἀναγκαιοτέρων
1011 584 1292 653 ἀφανίζηται
1329 582 1405 635 διὰ
1439 585 1522 646 τῆς
1557 580 1730 632 ἐνστά-

143 687 280 727 σεως,
321 666 579 733 ἐπαθρείτω
622 668 699 717 διὰ
740 672 835 719 τῶν
876 667 1204 734 προκειμένων,
1248 667 1319 717 ὅτι
1363 664 1492 717 πολὺ
1537 665 1646 714 λίαν
1687 665 1734 714 ἐν

144 747 359 811 ἀμείνοσι
396 747 451 799 τὸ
489 748 555 813 μὴ
596 749 750 816 λέγειν
791 751 958 804 ἁπλῶς
1000 752 1075 801 καὶ
1115 750 1427 800 διατείνεσθαι
1467 746 1635 812 μάτην,
1664 746 1735 797 ὅτι

144 829 354 884 δεδωκὼς
380 830 448 895 εἰἠ
476 829 639 897 λόγον,
665 831 889 898 πράττειν
915 831 963 883 δὲ
987 837 1180 896 μᾶλλον
1207 832 1478 898 ἐπείγεσθαι
1507 828 1562 880 τὸ
1595 836 1735 879 λυσι-

142 911 291 966 τελές.
362 917 572 979 κρεῖττον
610 913 704 979 γὰρ
751 912 878 978 οἶμαι
921 919 1015 968 πᾶς
1059 938 1129 969 τις
1172 916 1275 981 ἐρεῖ,
1317 915 1366 964 ἐν
1406 913 1568 979 λόγοις
1613 912 1733 975 ἡμᾶς
1751 924 1778 966 b

78 1016 128 1043 10
146 995 387 1059 ὑπομεῖναι
433 995 640 1064 γραφὴν,
682 995 711 1062 ἢ
756 996 1054 1064 πραγμάτων
1099 997 1369 1063 ἀναγκαίων
1410 994 1577 1061 ζημίαν
1619 995 1729 1062 ὑφί-

143 1082 373 1129 στασθαι.
444 1077 638 1130 ἀπέστω
683 1078 732 1129 δὲ
779 1080 997 1145 γλώττης
1041 1082 1123 1143 τῆς
1168 1079 1395 1145 ἡμετέρας
1438 1076 1493 1129 τὸ
1539 1076 1735 1140 ὀμνύναι

143 1164 402 1223 παντελῶς,
444 1159 519 1210 διὰ
557 1160 641 1214 τὰς
678 1163 957 1229 προχείρους
997 1184 1046 1212 τε
1085 1163 1162 1212 καὶ
1202 1161 1258 1230 ἐξ
1295 1161 1486 1227 ἀκρίτου
1529 1161 1735 1214 διανοίας

144 1241 320 1310 φωνὰς,
348 1244 424 1293 καὶ
450 1241 534 1297 τὰς
560 1242 672 1294 ἔσθ’
698 1243 774 1294 ὅτε
801 1243 1164 1307 συμβαινούσας
1191 1245 1252 1297 ὡς
1279 1243 1335 1311 ἐξ
1358 1242 1565 1308 ἀνάγκης
1593 1265 1735 1306 μετα-

142 1322 312 1384 βολάς.
369 1324 504 1394 ἄξιον
535 1324 620 1389 μὲν
652 1325 746 1393 γὰρ
786 1328 862 1376 καὶ
900 1324 1222 1394 ἀξιοζήλωτον
1260 1325 1407 1378 ὅντως
1444 1327 1541 1391 ε’ρεῖ
1573 1347 1642 1378 τις
1679 1323 1734 1374 τὸ

76 1426 123 1465 15
143 1411 366 1472 γλῶτταν
394 1407 515 1476 ἔχειν
541 1407 848 1473 ἐπιστήμονα,
877 1410 953 1458 καὶ
989 1413 1051 1462 εἷς
1086 1405 1116 1459 ἃ
1151 1407 1216 1472 μὴ
1251 1411 1495 1474 προσῆκεν
1522 1407 1735 1473 ὀλιγάκις

143 1491 583 1541 διολισθαίνουσαν.
655 1490 812 1555 ἐπειδὴ
857 1490 905 1541 δὲ
952 1489 1006 1542 τὸ
1044 1495 1245 1557 πρᾶγμα
1281 1489 1735 1556 δυσκαταγώνιστον

143 1573 219 1623 καὶ
247 1571 385 1626 αὐτὸς
411 1572 521 1636 ἡμῖν
548 1575 573 1624 ὁ
600 1577 722 1628 θεῖος
747 1572 993 1642 παρέδειξε
1019 1574 1184 1638 λόγος·
1228 1580 1254 1603 “
1273 1572 1359 1637 τὴν
1385 1572 1479 1640 γὰρ
1509 1576 1733 1638 γλῶτταν
1751 1597 1772 1624 ο
1793 1572 1915 1648 {fg-⁰·

143 1660 171 1682 “
198 1654 347 1708 οὐδεὶς
385 1654 576 1706 δύναται
615 1655 879 1722 ἀνθρώπων
918 1654 1173 1719 δαμάσαι,”
1211 1654 1332 1706 κατὰ
1376 1653 1429 1706 τὸ
1474 1654 1731 1721 εἰρημένον·

145 1734 297 1803 ὅρκων
323 1737 573 1804 ἐλευθέραν
598 1736 684 1802 τὴν
709 1742 805 1788 τῶν
836 1736 998 1804 λόγων
1028 1737 1270 1801 ποιώμεθα
1307 1737 1576 1805 προφοράν.
1629 1736 1736 1788 τότε

75 1841 125 1867 20
144 1818 238 1886 γὰρ
275 1819 316 1870 εἴ
349 1842 394 1871 τι
432 1822 507 1871 καὶ
547 1824 802 1886 παρελθεῖν
834 1819 1103 1886 ἀναγκάσαι
1142 1819 1315 1886 καιρὸς,
1342 1824 1472 1883 μεῖον
1505 1819 1641 1870 ἔσται
1679 1818 1734 1870 τὸ

143 1900 469 1968 κατηγόρημα,
497 1904 572 1953 καὶ
598 1902 914 1968 μετριωτέραν
938 1902 1032 1970 ἕξει
1064 1902 1118 1953 τὸ
1153 1907 1374 1966 πταῖσμα
1406 1901 1493 1966 τὴν
1519 1901 1729 1970 γραφήν.

145 1983 352 2037 εὐκόλως
393 1985 439 2035 δ’
481 1983 538 2034 ἂν
576 1982 704 2047 οἶμαι
744 1986 820 2035 καὶ
864 1986 947 2048 τῆς
993 1983 1124 2050 παρὰ
1165 1987 1289 2035 Θεοῦ
1329 2007 1399 2037 τις
1441 1983 1733 2050 συγγνώμης

144 2066 370 2135 τεύξεται,
399 2066 475 2117 διὰ
507 2065 593 2130 τὴν
627 2067 701 2117 ἀεί
724 2090 826 2120 πως
858 2066 969 2130 ἡμῖν
994 2066 1326 2132 παρεπομένην
1358 2071 1452 2117 τῶν
1480 2071 1733 2132 λογισμῶν

145 2149 396 2216 ἐλαφρίαν.
451 2156 477 2178 “
500 2149 877 2215 Παραπτώματα
902 2147 996 2215 γὰρ
1031 2149 1100 2202 τίς
1132 2147 1373 2213 συνήσει,”
1403 2148 1523 2200 κατὰ
1556 2148 1610 2199 τὸ
1646 2172 1728 2215 γε·
1792 2145 1847 2230 {³3⁵1
1863 2145 1958 2179 xviii.

481 2229 498 2248 ,Χ

77 2248 125 2287 25
146 2230 431 2297 γραμμένον,
476 2256 504 2296 η
555 2235 656 2285 πῶς
707 2232 790 2282 οὐκ
840 2229 899 2282 ἂν
950 2231 1207 2299 διαπταίσῃ
1258 2230 1418 2296 γήϊνος
1469 2232 1731 2297 ἄνθρωπος,

145 2313 396 2378 λειοτάτην
440 2313 628 2381 ἔχοντος
672 2319 755 2364 τοῦ
802 2312 953 2379 λόγου
995 2312 1082 2377 τὴν
1120 2317 1183 2367 εἷς
1228 2315 1383 2365 ὁτιοῦν
1421 2313 1728 2380 ἀποδρομήν;
1752 2323 1780 2365 d.

147 2399 342 2460 γλῶττα
368 2394 462 2462 γὰρ
489 2396 516 2460 ἡ
544 2397 592 2446 ἐν
617 2396 727 2460 ἡμῖν
753 2397 807 2447 οὐ
832 2395 942 2447 λίαν
968 2394 1234 2463 εὐκάτοχος.

196 2567 228 2590 2.
253 2555 330 2601 μὲν]
353 2556 606 2602 Legendumne
623 2557 711 2601 μὴν.Ρ
914 2569 947 2602 3.
976 2558 1072 2592 Inter
1087 2560 1197 2594 τόνοις
1215 2565 1247 2592 et
1264 2559 1302 2592 τὸ
1321 2558 1472 2602 spatium
1492 2558 1647 2603 quinque
1665 2558 1734 2592 fere

145 2604 212 2638 litt.
230 2603 266 2636 in
288 2604 327 2637 E.
449 2615 482 2647 9.
511 2604 585 2638 Ine.
604 2607 756 2648 κρεῖττον
773 2616 807 2648 p.
909 2617 961 2646 14.
988 2604 1161 2647 ἀζήλωτον
1180 2605 1260 2648 (Sic)
1282 2605 1322 2638 E.
1436 2614 1489 2647 15.
1514 2604 1680 2649 προσήκει
1698 2617 1733 2648 p.

147 2661 205 2731 39.
230 2650 440 2696 προσφοράν
456 2651 554 2695 prius
573 2651 742 2696 scriptum
761 2651 822 2685 sed
840 2665 864 2685 σ
883 2650 1037 2685 deletum
1056 2651 1099 2686 E.
1197 2662 1251 2686 22.
1277 2651 1343 2696 τις]
1363 2652 1419 2694 τῆς
1439 2651 1481 2685 Ε.
1579 2661 1635 2696 27.
1663 2651 1733 2685 Hic

173 2709 221 2732 es.
241 2709 276 2743 p.
