1971 3272
1678 293 1699 316 a
1733 283 1820 317 660
1835 283 1887 319 A.

580 720 927 784 LIBRI
998 723 1138 788 VII

80 933 515 983 FRAGMENTA
565 936 760 996 QUAE
810 938 1149 988 REPERIRI
1198 941 1643 993 POTUERUNT.

67 1154 220 1196 Οὐδεὶς
274 1153 388 1214 αἴρει
444 1157 578 1200 αὐτὴν
628 1158 694 1200 ἀπ’
750 1159 869 1211 ἐμοῦ,
919 1161 1009 1201 ἀλλ’
1065 1162 1151 1209 ’erdo
1202 1161 1344 1212 τίΟΗμι
1399 1165 1530 1207 αὐτὴν
1580 1166 1645 1208 ἀπ’
1678 1174 1722 1209 18

130 1249 333 1298 ἐμαυτοῦ.
383 1251 581 1295 ἐξουσίαν
608 1252 695 1309 ἔχω
727 1251 863 1297 θεῖναι
898 1255 1046 1307 αὐτὴν,
1075 1257 1143 1298 καὶ
1175 1256 1373 1301 ἐξουσίαν
1399 1258 1486 1316 ἔχω
1523 1260 1652 1304 Πάλιν

131 1342 276 1395 λαβεῖν
311 1346 458 1388 αὐτήν.

137 1500 469 1552 ΕΝΤΑΥΘΑ
513 1501 598 1564 μέν
642 1524 714 1552 τοι
766 1501 979 1554 διδάσκει
1030 1504 1101 1555 ὅτι
1151 1506 1206 1557 οὐ
1254 1506 1401 1571 μόνον
1445 1510 1654 1577 ὑπῆρχεν

18 1597 41 1636 5
62 1578 240 1643 ποιμὴν
265 1580 443 1646 ἀγαθὸς
470 1583 747 1634 κινδυνεύων
774 1584 890 1652 ὑπὲρ
916 1588 999 1650 τῆς
1024 1587 1239 1653 ποίμνης,
1267 1589 1398 1640 ἀλλὰ
1429 1593 1504 1642 καὶ
1532 1591 1655 1647 Θεὸς

61 1661 221 1729 φύσει,
280 1663 350 1713 διὸ
378 1664 462 1715 οὐκ
488 1664 545 1715 ἂν
571 1663 653 1716 τὸν
680 1666 885 1718 θάνατον
912 1667 1166 1732 ὑπέμεινεν,
1194 1674 1231 1722 εἷ
1256 1671 1322 1736 μὴ
1349 1671 1466 1724 ἑκὼν
1492 1673 1568 1725 διὰ
1599 1674 1652 1726 τὸ
1669 1688 1696 1729 b

61 1743 182 1811 ἔχειν
220 1748 625 1813 θεοπρεπέστερον
659 1747 855 1816 ἐξουσίαν
893 1752 976 1814 τῆς
1017 1754 1280 1815 οἰκονομίας
1316 1755 1488 1820 ταύτης
1525 1757 1654 1809 πολὺ

60 1823 115 1875 τὸ
140 1825 380 1892 χρήσιμον
407 1828 609 1896 ἐχούσης
644 1829 759 1896 ὑπὲρ
790 1831 941 1894 ἡμῶν·
984 1835 1059 1883 καὶ
1098 1835 1421 1901 διδασκούσης
1455 1841 1539 1903 τῆς
1570 1846 1654 1891 τοῦ

59 1905 210 1972 λόγου
237 1910 360 1976 ὑφῆς
386 1911 462 1960 καὶ
487 1910 596 1964 τοὺς
621 1911 889 1975 Ἰουδαίους,
916 1912 986 1964 ὅτι
1022 1915 1242 1966 οὐδέποτε
1278 1917 1483 1980 ε’ζαελλον
1509 1921 1652 1973 αὐτοῦ

0 2011 39 2037 :0
58 1990 389 2055 περιγενέσθαι
427 1991 492 2055 μὴ
531 1992 843 2056 θελήσαντος.
919 1996 973 2045 οὐ
1017 1996 1162 2059 μόνον
1201 1996 1250 2048 δὲ
1288 2000 1363 2050 ἐπὶ
1401 2008 1485 2052 τοῦ
1523 2001 1649 2056 θεῖναι

57 2069 144 2134 τὴν
169 2071 348 2140 ψυχὴν,
376 2070 501 2124 εἶπεν
526 2074 756 2143 Ἐξσυσ-ίοιν
784 2075 890 2138 ἔχω,
920 2079 1031 2128 ἀλλ’
1060 2079 1134 2129 ἐπὶ
1170 2080 1451 2148 ἀμφοτέρων
1481 2090 1565 2136 τοῦ
1598 2109 1649 2137 τε

58 2151 264 2205 θανάτου
303 2156 378 2204 καὶ
416 2157 499 2218 τῆς
538 2155 850 2210 ἀναστάσεως
889 2158 943 2209 τό
974 2159 1201 2228 Ἐξουσῖοιν
1237 2164 1326 2225 ἔχω
1365 2164 1540 2229 ἔθηκεν,
1572 2167 1648 2218 ἵνα

55 2234 122 2300 μὴ
149 2235 388 2301 δυνάμεώς
412 2259 461 2287 τε
487 2239 563 2287 καὶ
588 2238 816 2304 ἐνεργείας
843 2239 998 2307 ἑτέρου
1023 2241 1246 2310 φαίνηται
1277 2243 1330 2296 τὸ
1361 2245 1645 2315 κατόρθωμα
1663 2275 1685 2301 c

104 2378 127 2393 “
147 2374 243 2409 Libri
260 2375 346 2410 VII.
365 2382 398 2410 et
416 2376 522 2411 VIII.
542 2379 704 2422 nuspiam
728 2379 870 2424 reperiri
891 2379 1062 2416 hactenus
1080 2388 1282 2427 potuerunt.
1334 2384 1435 2422 Quae
1452 2386 1509 2420 hic
1526 2386 1646 2429 habes,

57 2420 256 2466 fragmenta
282 2429 365 2457 sunt
390 2435 523 2464 eorum,
543 2436 584 2458 ex
606 2425 786 2460 illustriss.
805 2438 844 2460 ac
863 2428 1094 2463 reverendiss.
1114 2430 1161 2464 D.
1181 2430 1223 2464 de
1243 2431 1376 2478 Harlay
1395 2433 1647 2470 MacIoviensis

57 2467 226 2512 Episcopi
262 2468 395 2503 Catena
427 2470 464 2503 in
492 2471 681 2511 Joannem,
712 2484 793 2506 cum
827 2473 1112 2518 interpretatione
1139 2488 1175 2510 v.
1203 2488 1263 2511 CL.
1290 2478 1428 2513 Nicolai
1462 2480 1646 2523 Borbonii‚

57 2514 185 2559 quibus
212 2515 343 2549 interea
368 2516 454 2550 dum
479 2517 607 2561 integri
628 2518 707 2551 libri
732 2519 893 2553 alicunde
915 2521 1096 2564 prodeant,
1116 2525 1253 2557 ute1·e.''
1278 2525 1469 2559 Aubertus.
1521 2527 1644 2565 Quum

56 2566 174 2594 autem
200 2563 450 2596 commentaria
480 2575 544 2597 sua
569 2575 586 2597 e
612 2565 748 2608 scriptis
775 2566 822 2599 D.
844 2565 965 2610 Cyrilli
989 2569 1092 2602 variis
1121 2570 1359 2615 locupletabat
1384 2572 1545 2614 Niketas,
1571 2585 1645 2608 non

55 2607 173 2640 omnia
191 2619 279 2652 quae
297 2608 460 2642 exhibeat
478 2615 599 2643 catena
618 2611 675 2643 illa
692 2611 735 2644 ad
753 2623 843 2655 opus
861 2612 927 2646 hoc
945 2615 1134 2657 pertinent.

102 2653 279 2688 Lib.VII.
299 2654 505 2698 fragmenta.
557 2655 717 2696 Codices,
736 2657 886 2691 Niketae
906 2659 1056 2693 Catenae
1074 2666 1142 2695 tres
1162 2661 1287 2703 codd„
1307 2675 1433 2708 nempe
1448 2664 1524 2699 Cat.
1542 2665 1644 2701 Harl.

55 2699 165 2733 codex
191 2700 248 2734 ille
274 2700 511 2744 supradictus,
534 2701 639 2735 hodie
663 2703 700 2736 in
726 2703 820 2737 Bibl.
844 2704 1020 2749 Imperiali
1043 2706 1228 2741 Parisiensi
1253 2709 1377 2754 Suppl.
1399 2710 1460 2744 Gr.
1483 2722 1546 2755 159
1567 2713 1643 2757 (qui

55 2757 118 2790 pro
143 2746 198 2779 his
223 2746 430 2792 fragmentis
457 2747 499 2781 de
524 2759 617 2781 novo
643 2750 792 2792 contuli)
812 2761 842 2783 a.
867 2750 956 2784 Cod.
984 2751 1094 2787 Paris.
1121 2753 1207 2798 Reg.
1228 2766 1306 2789 212.
1331 2768 1435 2801 quem
1460 2757 1485 2790 k
1510 2759 1642 2793 notavi.

59 2802 136 2836 1-3.
159 2792 314 2827 Textum
341 2793 405 2827 SS.
430 2794 630 2838 Scripturae
655 2806 697 2828 ex
723 2796 792 2830 a.k.
818 2796 979 2839 ἐξουσίαν
1003 2798 1082 2843 ἔχω,
1101 2801 1203 2845 φησὶ,
1221 2801 1325 2835 θεῖναι
1350 2803 1410 2846 τὴν
1434 2803 1554 2848 ψυχήν
1577 2819 1642 2847 μου

55 2839 151 2872 Aub.
304 2852 338 2882 4.
363 2840 488 2885 ποιμὴν
504 2841 656 2885 ὑπῆρχεν
673 2841 812 2875 inverso
830 2842 952 2877 ordine
970 2845 1039 2879 a.k.
1198 2858 1228 2891 7.
1256 2848 1554 2893 θεοπρεπεστάτην
1572 2852 1641 2886 a.k.

58 2894 112 2964 ὃς).
138 2885 175 2966 ge*
193 2897 265 2922 om.
283 2886 318 2922 k.
558 2898 684 2933 12-p.
700 2899 778 2931 244,
799 2890 819 2922 6
838 2889 946 2924 citant
965 2892 1008 2926 c.1
1028 2892 1081 2937 (=
1101 2892 1190 2929 Cod.
1211 2894 1297 2940 Reg.
1318 2895 1395 2930 Par.
1418 2896 1513 2942 187).
1533 2896 1640 2933 Cord.

88 2942 116 2965 r.
171 2943 201 2968 c.

801 2989 899 3034 1i2
