2022 3272
91 132 264 187 xiv.23.
482 134 553 174 IN
595 134 637 174 S.
673 133 1011 174 JOANNEM.
1078 133 1200 173 12113.
1237 134 1285 172 X.
1595 132 1679 172 <199

91 240 278 306 ἀληθὲς,
305 240 470 309 ὥσπερ
509 245 591 294 οὖν
625 243 813 308 ἀληθὲς,
844 242 966 296 Θεὸς
1005 244 1080 293 καὶ
1119 244 1168 291 ἐκ
1203 245 1328 291 Θεοῦ
1367 242 1420 290 τὸ
1460 245 1675 304 Πνεῦμα,

91 323 303 390 καθάπερ
341 324 601 391 εἰρήκαμεν.
655 325 956 394 διαφεύξεται
994 323 1087 389 γὰρ
1126 327 1221 374 τῶν
1250 323 1398 373 ὄντων
1430 322 1562 372 οὐδὲν
1593 322 1680 385 τὴν

90 411 174 456 τοῦ
215 410 505 471 πεποιῆσθαι
547 408 706 476 δόξαν,
747 411 784 458 εἷ
823 405 887 472 μὴ
926 406 1068 469 μόνος
1107 406 1132 455 ὁ
1172 403 1317 473 φύσει
1358 403 1492 466 Θεὸς,
1531 405 1589 472 ἐξ
1627 404 1680 454 οὗ

91 487 312 552 δηλονότι
351 490 518 556 προϊὸν
549 490 760 557 άῤῥήτως
799 489 853 540 τὸ
895 493 1091 551 Πνεῦμα
1129 486 1183 538 τὸ
1215 486 1404 552 ”Ἀγιον,
1441 489 1503 540 ὡς
1542 485 1682 539 αὐτὸς

49 587 70 625 5
91 569 147 638 ἐξ
169 570 310 637 οῦπέρ
336 573 481 635 ἐστιν,
508 574 556 623 ἐν
581 573 691 636 ἡμῖν
717 575 933 623 κατοικεῖ.
993 570 1110 621 ἰ’διον
1134 569 1227 636 γάρ
1261 570 1365 620 ἐστι
1401 572 1484 633 τῆς
1518 568 1683 621 οὐσίας

92 653 247 715 αὐτοῦ,
275 655 351 704 καὶ
377 653 569 719 ποιότης
594 654 757 720 ὥσπερ
783 657 865 717 τῆς
893 651 1138 719 ἁγιότητος
1166 653 1325 702 αὐτοῦ.

184 737 278 785 Καὶ
327 742 476 788 ταῦτα
525 735 612 800 μὲν
657 736 746 801 ἤδη
790 735 909 803 πρὸς
954 734 1162 788 τούτους·
1219 733 1339 800 πρὸς
1384 734 1439 784 δέ
1474 756 1527 798 γε
1574 731 1684 786 τοὺς

92 815 386 881 Ἀνομοίους,
413 821 489 869 καὶ
520 824 744 882 πολεμεῖν
771 817 1035 884 ἐγνωκότας
1061 821 1127 886 τῷ
1154 821 1267 886 Υὶῲ,
1296 816 1338 867 οἳ
1365 818 1441 866 καὶ
1467 814 1683 883 ἀδελφὴν
1702 820 1729 859 b

95 900 171 949 καὶ
198 901 387 965 γείτονα
411 906 507 955 τοῖς
535 901 703 967 ἀρτίως
729 901 839 965 ἡμῖν
866 900 1122 966 εἰρημένοις
1148 904 1349 950 νοσοῦσι
1375 898 1564 961 μανίαν,
1594 899 1684 963 ἐρῶ

27 1009 76 1033 10
94 1004 139 1032 τι
162 986 256 1032 τῶν
282 984 563 1049 ἀναγκαίων.
603 983 708 1034 Ἐάν
734 1007 802 1038 τις
828 987 1008 1053 ἀγαπᾷ
1034 1005 1107 1049 με,
1137 980 1204 1033 τὶν
1230 982 1362 1047 λόγον
1390 1004 1476 1048 μου
1503 981 1683 1048 τηρήσει,

95 1067 171 1115 καὶ
207 1070 225 1116 ὁ
256 1066 405 1135 Πατήρ
443 1091 528 1134 μου
568 1067 802 1132 ἀγαπήσει
840 1067 981 1127 αὐτὸν,
1011 1070 1087 1115 καὶ
1124 1064 1231 1133 πρὶς
1264 1063 1389 1116 αὐτὸν
1416 1061 1686 1131 ἐλευσόμεθα

96 1149 175 1198 καὶ
215 1146 339 1214 μονὴν
373 1151 478 1217 παρ’
508 1152 625 1217 αὐτῷ
663 1145 952 1215 ποιησόμεθα.
1003 1147 1050 1197 τί
1086 1147 1181 1209 οὖν,
1215 1143 1252 1196 ὦ
1290 1149 1506 1210 γενναῖοι,
1542 1142 1682 1213 φατὲ,

95 1230 408 1281 διαπυθέσθαι
435 1229 559 1284 τινὸς
585 1229 808 1283 θέλοντος
834 1230 910 1279 καὶ
937 1233 1103 1292 μαθεῖν
1128 1228 1372 1297 ἀξιοῦντος
1403 1227 1513 1293 παρ’
1543 1228 1686 1289 ὑμῶν,

95 1310 295 1378 πότερόν
319 1335 433 1363 ποτε
469 1312 552 1363 δύο
587 1311 718 1366 θεοὺς
754 1311 921 1381 ἕξομεν
949 1313 1253 1373 ἐνοικοῦντας,
1280 1308 1363 1360 τὸν
1392 1308 1586 1374 Πατερα
1612 1309 1688 1358 καὶ

29 1408 76 1446 15
96 1393 179 1444 τὸν
204 1393 338 1445 Υὶόν“’
381 1394 409 1460 ἢ
438 1395 559 1449 Θεὸς
593 1394 656 1448 εἷς
691 1396 738 1445 ἐν
762 1395 871 1458 ἡμῖν
899 1394 1071 1444 νοεῖταί
1099 1415 1148 1444 τε
1188 1393 1262 1444 καὶ
1298 1391 1430 1442 ἔστιν
1456 1392 1682 1454 ἀληθῶς;

96 1481 134 1527 εἰ
160 1475 244 1540 μὲν
270 1477 363 1542 γὰρ
390 1476 542 1543 ἕτερός
578 1479 681 1527 ἐστι
717 1475 835 1527 κατὰ
872 1475 1021 1544 φύσιν
1048 1476 1073 1526 ὁ
1099 1474 1213 1528 Υἱὸς
1248 1478 1495 1527 παντελῶς
1530 1473 1606 1523 καὶ
1639 1473 1689 1522 ἐν

95 1560 190 1628 ἰδίᾳ
222 1561 310 1610 τινὶ
347 1560 492 1626 φύσει
532 1558 790 1622 νοούμενος,
821 1563 921 1611 πῶς
959 1559 1042 1609 οὐκ
1080 1556 1263 1622 ἀνάγκη
1303 1555 1450 1607 δυάδα
1490 1558 1609 1605 θεῶν
1639 1555 1727 1604 ε’νο

95 1640 206 1705 ἡμῖν
236 1641 459 1707 γενέσθαι
494 1641 747 1704 πιστεύειν,
775 1640 888 1691 ὅταν
923 1645 1137 1706 τηρῶμεν
1172 1638 1256 1693 τὰς
1289 1636 1518 1698 ἐντολάςς
1563 1640 1601 1687 εἰ
1639 1635 1688 1686 δὲ

97 1725 200 1775 ναοὶ
225 1722 583 1791 χρηματίζομεν,
610 1723 711 1777 ἑνὸς
739 1722 957 1787 δηλονότι
985 1724 1060 1772 καὶ
1091 1723 1144 1772 οὐ
1171 1722 1253 1772 δύο
1279 1725 1412 1783 θεῶν,
1440 1719 1554 1770 ὅταν
1580 1719 1689 1782 ἡμῖν

29 1828 78 1852 20
98 1806 123 1856 ὃ
159 1805 328 1872 Πατὴρ
367 1808 444 1857 καὶ
482 1806 507 1856 ὀ
535 1805 650 1859 Υἱὸς
689 1803 1032 1870 ε’ναυλίζωνται,
1057 1808 1190 1858 ποῖος
1228 1805 1277 1854 ἐν
1307 1803 1416 1866 ἡμῖν
1443 1802 1509 1851 ε”τι
1543 1800 1690 1865 λόγος

96 1887 359 1939 συστέλλει
396 1887 517 1954 πρὸς
554 1887 752 1952 ἑνότητα
789 1885 896 1940 τοῦς
936 1887 1033 1949 δύο,
1063 1889 1148 1950 τῆς
1187 1885 1285 1936 κατ’
1316 1884 1480 1937 οὐσίας
1519 1881 1688 1933 ταυτό-

97 1993 236 2035 τητος
264 1971 347 2021 οὑκ
379 1969 582 2037 ἐχούσης
613 1969 776 2032 τόπον,
802 1968 922 2019 κατά
957 1991 1011 2034 γε
1047 1967 1132 2032 τὴν
1159 1966 1383 2033 ὑμετέραν
1410 1963 1686 2033 φρενοβλά-

96 2058 260 2115 βειαν;
303 2050 332 2116 ὴ
368 2051 462 2118 γὰρ
498 2050 680 2117 ἀνάγκη
716 2050 890 2116 λέγειν,
921 2050 993 2101 ὅτι
1030 2052 1184 2119 ψευδῆ
1225 2049 1343 2115 πρὸς
1381 2049 1502 2112 ἡμᾶς
1541 2046 1688 2098 λελά-

96 2142 241 2198 ληκεν
266 2135 291 2184 ὁ
318 2132 546 2201 Χριστὸς,
573 2132 834 2198 ἐνοικίζεται
861 2131 910 2183 δὲ
944 2131 1086 2196 μόνος
1122 2132 1231 2195 ἡμῖν
1257 2133 1282 2182 ὁ
1311 2129 1480 2196 Πατὴρ
1507 2128 1582 2180 διὰ
1607 2134 1691 2179 τοῦ

29 2232 79 2271 25
100 2216 394 2280 Πνεύματος·
441 2217 587 2282 ἤγουν
625 2217 792 2266 ἐνοικεῖ
823 2213 908 2279 μὲν
947 2213 1100 2277 αὐτὸς,
1135 2213 1307 2266 ἄπεστι
1346 2212 1394 2263 δὲ
1435 2214 1459 2263 ὁ
1498 2209 1684 2276 Πατήρ.
1707 2215 1735 2256 d

99 2298 232 2370 ἀλλὰ
282 2304 420 2350 τοῦτο
472 2298 667 2350 ἄτοπον·
730 2296 793 2351 εἷς
843 2296 892 2348 δὲ
944 2296 1066 2350 Θεὸς
1116 2298 1164 2347 ἐν
1210 2297 1334 2360 ἡμῖν,
1381 2295 1494 2346 ὅταν
1544 2293 1690 2362 ἄμφω

98 2381 343 2445 λάβωμεν.
402 2381 489 2448 οὐχ
533 2379 824 2446 ἑτεροούσιος
869 2378 961 2445 ἄρα
1001 2378 1119 2444 πρὸς
1160 2377 1244 2428 τὸν
1290 2379 1456 2428 ἑαυτοῦ
1498 2374 1692 2440 Πατέρα

99 2467 317 2532 φανεῖται
355 2461 525 2513 λοιπὸν
558 2463 583 2512 ὁ
619 2459 911 2527 Μονογενὴς,
938 2461 1048 2511 ἀλλ’
1078 2459 1136 2528 ἐξ
1171 2461 1313 2510 αὐτοῦ
1352 2460 1428 2510 καὶ
1466 2459 1514 2508 ἐν
1546 2458 1688 2523 αὐτῷ,

99 2543 312 2610 καθάπερ
343 2545 392 2595 ἐν
415 2547 482 2613 τῷ
518 2545 640 2612 φωτὶ
678 2542 733 2594 τὸ
770 2542 1070 2607 ἀπαύγασμα
1103 2541 1158 2592 τὸ
1193 2541 1249 2609 ἐξ
1282 2541 1439 2591 αὐτοῦ.
1495 2538 1562 2603 ε’ίη
1596 2536 1692 2602 γὰρ

32 2649 82 2684 30
101 2625 158 2677 ἂν
182 2628 304 2677 οὕτω
341 2628 416 2676 καὶ
452 2626 539 2692 οὐχ
576 2625 741 2690 ἑτέρως
778 2624 806 2687 ἡ
845 2629 928 2675 τοῦ
961 2623 1226 2688 μυστηρίου
1260 2622 1453 2684 δύναμις
1488 2618 1686 2683 ἀληθής.

149 2811 184 2845 9.
208 2798 330 2844 ἀρτίως
347 2797 425 2842 ἡμῖν
442 2796 627 2842 εἰρημένοις
643 2796 709 2830 hoc
728 2795 850 2830 ordine
869 2795 910 2829 E.
930 2794 1116 2839 εἷρημένοις
1133 2794 1211 2837 ἡμῖν
1227 2793 1351 2838 ἀρτίως
1369 2791 1436 2826 Ed.
1604 2801 1694 2824 12—

103 2858 139 2892 p.
152 2855 232 2888 500,
251 2858 272 2890 9
291 2846 374 2879 citat
391 2857 426 2889 p.
655 2854 709 2888 13.
736 2842 896 2878 θέλοντος
915 2842 994 2887 E.p.
1012 2841 1190 2877 ἐθέλοντος
1210 2841 1275 2874 Ed.
1345 2840 1470 2873 Statim
1489 2838 1542 2872 καὶ
1560 2849 1630 2872 om.
1651 2837 1692 2871 E.

106 2904 162 2935 24.
189 2894 289 2936 μόνος
306 2892 386 2936 E.p.
404 2892 506 2934 μόνον
523 2890 592 2926 Ed.
969 2889 1025 2923 28.
1052 2889 1154 2923 αὐτοῦ
1173 2888 1215 2922 Ε.
1233 2889 1354 2922 ἑαυτοῦ
1374 2885 1439 2920 Ed.
1515 2885 1693 2919 Incertum

108 2939 206 2983 (folio
224 2938 388 2982 lacerato)
408 2950 443 2983 p.

841 3005 863 3045 3
887 3003 905 3030 s
930 3003 953 3031 2
