2037 3266
325 116 410 157 372
727 118 778 158 B.
811 117 1091 158 CYRILLI
1132 117 1514 158 ALEXANDR.
1650 114 1738 155 xiii.
1759 123 1825 165 27,
1846 110 1912 154 28.

328 227 403 276 καὶ
437 227 674 290 ἀμελλητὶ
706 229 912 293 δρᾶσθαι
948 225 1175 287 βούλεται
1209 225 1341 293 παρὰ
1375 231 1457 277 τοῦ
1491 222 1720 287 διαβόλου
1751 220 1810 272 τὰ
1842 221 1917 270 ἐπὶ

327 311 394 376 τῷ
418 307 558 358 ποίθει
585 307 903 372 τολμήματα,
949 309 1024 358 καὶ
1052 307 1145 373 γὰρ
1173 308 1397 374 ὑπηρέται
1422 305 1677 373 γεγόνασιν
1702 304 1919 354 Ἰουδαῖοι

327 391 404 440 καὶ
444 390 670 456 ὑπουργοὶ
709 394 804 440 τῶν
841 393 1010 451 κακῶν,
1051 390 1162 439 ἀλλ’
1203 389 1361 458 ἐκείνῳ
1399 389 1454 440 τὸ
1497 392 1594 440 πᾶν
1632 384 1920 449 ἐπιθήσομεν

328 477 676 537 στρατηγοῦντι
703 471 823 537 πρὸς
849 472 1139 540 μιαιφονίαν,
1166 473 1241 521 καὶ
1267 472 1343 522 ἀπ’
1368 473 1528 538 ἀρχῶν
1553 468 1801 538 ἐξάρχοντι
1825 471 1921 519 τῶν

330 557 500 603 κακῶν·
562 554 671 603 ἀλλ’
716 557 753 603 εἰ
805 555 881 602 καὶ
931 552 1127 620 σφόδρα
1178 551 1303 603 δεινὰ
1345 552 1404 603 τὰ
1453 556 1515 605 εἰς
1563 549 1781 617 Χριστὸν
1825 553 1959 600 τῶν5

331 634 537 686 ἀνοσίων
568 635 807 685 Ἰουδαίων
841 632 1141 698 τολμήματα,
1174 636 1249 684 καὶ
1288 633 1528 703 ἀφόρητος
1565 638 1660 684 τῶν
1693 654 1915 698 σταυρω-

292 737 313 763 e
333 716 522 766 σάντων
550 716 577 780 ἡ
611 718 758 782 ὕβρις,
785 717 896 766 ἀλλ’
925 714 1024 784 ᾔδει
1060 722 1144 767 τοῦ
1178 715 1357 769 πάθους
1390 715 1444 766 τὸ
1479 716 1644 782 πέρας,
1675 716 1750 765 καὶ
1785 714 1834 765 τί
1864 713 1919 764 τὸ

331 799 541 848 ἐντεῦθεν
568 797 953 862 ἀποβησόμενον.
1008 797 1179 862 ἔμελλε
1206 797 1299 864 γὰρ
1326 796 1401 848 διὰ
1424 803 1508 848 τοῦ
1533 798 1684 861 τιμίου
1710 800 1921 862 σταυροῦ

329 884 583 931 πεσεῖσθαι
629 880 714 944 μὲν
753 884 814 934 εἷς
856 879 910 930 τὸ
950 879 1182 934 παντελὲς
1226 881 1254 943 ἡ
1295 886 1378 931 τοῦ
1419 877 1647 941 διαβόλου
1687 880 1917 944 τυραννὶς,

331 966 672 1028 καταργεῖσθαι
706 964 781 1012 καὶ
813 962 1028 1025 θάνατος,
1063 964 1139 1012 καὶ
1177 961 1231 1012 τὸ
1269 965 1354 1025 τῆς
1392 965 1575 1030 φθορᾶς
1610 960 1921 1029 ἀφανίζεσθαι
1942 984 1992 1010 ιο

331 1043 516 1110 κράτος,
542 1043 844 1095 ἀπολύεσθαί
875 1067 922 1094 τε
959 1047 1042 1107 τῆς
1078 1044 1274 1111 ἀρχαίας
1310 1044 1480 1107 ἐκείνης
1512 1046 1627 1109 ἀρᾶς
1653 1041 1707 1093 τὸ
1734 1041 1918 1107 ἀνθρώ-

331 1149 468 1176 πινον
496 1127 643 1190 γε’νος,
671 1126 898 1192 ἀργήσειν
925 1129 1252 1192 προσεδοκᾶτο
1284 1124 1453 1177 λοιπὸν
1479 1127 1528 1176 ἐκ
1560 1124 1922 1193 φιλανθρωπίας

107 1208 253 1292 §guffi-
332 1210 408 1258 καὶ
433 1207 626 1274 χάριτος
657 1214 740 1259 τοῦ
769 1211 991 1274 Σωτῆρος
1025 1209 1159 1272 ἡμῶν
1184 1212 1414 1275 Χριστοῦ,
1441 1208 1496 1258 τό
1523 1215 1549 1237 “
1572 1210 1640 1271 Γῆ
1676 1204 1717 1256 εἶ
1748 1208 1824 1256 καὶ
1859 1208 1923 1258 εἰς

107 1296 162 1378 ξ-Ξ-
180 1306 243 1325 011·
333 1292 477 1355 “γῆν
516 1291 779 1358 ἀπελεύσῃ·
786 1290 810 1305 ”
851 1291 1104 1353 ἔμελλεν(
1108 1292 1311 1354 ίάνομιά
1352 1291 1529 1353 πᾶσα,”
1558 1288 1677 1339 κατὰ
1716 1287 1801 1351 τὴν
1838 1292 1921 1338 τοῦ

108 1386 252 1422 741Α.
291 1371 581 1441 ιπροφήτου
613 1372 830 1441 φωνὴν,ί
835 1373 1127 1441 ίέμφραξειν
1162 1396 1216 1423 το
1253 1373 1414 1436 στόμα
1452 1372 1634 1435 αὐτης,”
1664 1394 1739 1421 και
1772 1392 1917 1434 κατη-
1944 1397 1991 1435 15

333 1477 490 1520 γορειν
516 1478 602 1518 μεν
633 1455 784 1505 οὐκετι
819 1460 913 1506 τῶν
945 1455 1019 1506 ὑπ’
1049 1479 1195 1519 αυτην
1224 1454 1501 1521 γεγονότων,
1528 1454 1839 1551 ἀφανιζεσθαι
1873 1452 1923 1504 δε

332 1540 579 1588 παντελῶς
615 1536 820 1599 ἐμελλον
848 1560 890 1587 οι
927 1536 1047 1588 κατὰ
1081 1542 1247 1588 πᾶσαν
1272 1560 1358 1601 την
1384 1559 1655 1601 οικουμενην
1684 1558 1768 1586 τον
1797 1536 1917 1598 ἀλη-

334 1622 427 1671 θῶς
468 1618 612 1686 φύσει
651 1620 724 1668 καὶ
765 1619 909 1681 μόνον
941 1620 1024 1669 οὐκ
1063 1618 1234 1672 εἰδότες
1271 1618 1410 1681 Θεὸν,
1438 1618 1481 1669 οἳ
1518 1622 1576 1686 τῇ
1610 1622 1672 1671 εἷς
1706 1616 1924 1683 Χριστὸν

334 1701 655 1751 δεδικαίωνται
698 1700 872 1763 πίστει,
918 1700 1295 1768 ἀνοιχθήσεσθαι
1346 1699 1516 1751 λοιπὸν
1561 1701 1589 1764 ἡ
1635 1706 1718 1750 τοῦ
1763 1722 1918 1765 παρα-

335 1783 495 1833 δείσου
530 1786 856 1848 προσεδοκᾶτο
889 1782 1037 1846 πύλη·
1096 1783 1269 1846 ἔμελλε
1310 1788 1406 1836 τοῖς
1445 1782 1668 1833 ἀνωτάτω
1702 1780 1762 1831 τὰ
1797 1780 1923 1832 κάτω
1945 1813 1995 1838 20

110 1867 217 1907 Supra
232 1868 253 1897 i.

117 1920 152 1940 η
335 1864 680 1926 συνάπτεσθαι,
720 1867 795 1915 καὶ
841 1866 1117 1930 ἀνοίγεσθαι
1163 1864 1247 1927 μὲν
1286 1863 1522 1931 οὐρανοὺς,
1561 1862 1681 1914 κατὰ
1717 1862 1804 1927 τὴν
1841 1868 1924 1914 τοῦ

337 1949 558 2012 Σωτῆρος
593 1946 774 2014 φωνήν·
816 1946 876 1997 τὰ
912 1946 960 1997 δὲ
996 1951 1091 1997 τῶν
1118 1947 1265 2012 ἁγίων
1296 1946 1518 2012 ἀγγέλων
1548 1945 1770 2011 τάγματα
1805 1947 1921 1995 ἀνα-

336 2029 515 2088 βαίνειν
554 2031 629 2079 καῖ
668 2029 968 2089 καταβαίνειν
1007 2030 1082 2080 ε’πὶ
1121 2028 1204 2079 τὸν
1243 2027 1343 2079 υἱὸν
1381 2034 1464 2079 τοῦ
1503 2027 1769 2092 ἀνθρώπου.
1829 2024 1927 2077 εἶτα

292 2109 582 2161 ὒτοσοότων
623 2111 725 2162 εἰπέ
762 2134 843 2173 μοι
882 2111 1293 2177 προσδοκωμένων
1334 2113 1541 2176 ἀγαθῶν,
1583 2112 1659 2160 καὶ
1702 2112 1926 2175 λαμπρᾶς

338 2193 486 2244 οὕτως
512 2192 701 2245 ἐλπίδος
734 2193 1097 2256 ἀνατικτομένης
1133 2193 1242 2255 ἡμῖν
1268 2192 1343 2242 διὰ
1378 2198 1461 2242 τοῦ
1496 2192 1734 2257 σωτηρίου
1768 2213 1921 2241 σταυ-
1947 2217 1995 2256 25

336 2278 438 2338 ροῦ·
481 2277 581 2326 πῶς
620 2274 703 2323 οὐκ
741 2273 829 2323 ε”δει
865 2272 948 2322 τὸν
976 2273 1062 2336 τὴν
1094 2273 1320 2339 ἡμετεραν
1350 2273 1626 2340 διψήσαντα
1661 2272 1920 2338 σωτηρίαν,

339 2352 416 2404 διά
441 2376 490 2404 τε
523 2359 660 2404 τοῦτο
694 2356 800 2404 καθ’
831 2355 952 2417 ἡμᾶς
986 2353 1215 2420 γεγονότα
1251 2356 1391 2421 χωρὶς
1426 2355 1668 2421 ἁμαρτίας,
1694 2353 1777 2404 τὸν
1802 2355 1924 2404 οὕτω

340 2434 625 2500 τριπόθητον
660 2436 929 2501 ἐπείγεσθαι
967 2437 1163 2496 βλέπειν
1198 2436 1286 2499 ἤδη
1324 2436 1537 2502 παρόντα
1578 2434 1773 2502 καιρόν;
1825 2440 1926 2488 πῶς

341 2516 389 2566 δὲ
442 2518 526 2568 οὐκ
571 2518 713 2584 ἐχρῆν
758 2517 839 2568 τὸν
884 2516 1018 2568 οὐδὲν
1058 2517 1211 2568 εἰδότα
1257 2516 1400 2568 κακὸν
1440 2521 1802 2586 καταφρονῆσαι
1843 2516 1928 2580 μὲν

340 2604 434 2649 τῶν
478 2601 528 2650 ἐκ
579 2602 857 2663 διαβολικῆς
908 2600 1188 2665 κακουργίας
1238 2600 1612 2663 ἐσκευασμένων,
1656 2599 1926 2664 ἐπείγεσθαι
1947 2627 1997 2664 30

388 2745 421 2774 4.
447 2733 580 2766 πάντων
596 2744 658 2777 pro
676 2732 839 2776 ἀπαρχῶν
858 2732 950 2766 Catt.
1207 2732 1240 2767 6.
1266 2734 1464 2777 τολμώμενα
1482 2744 1512 2766 a.
1531 2731 1730 2776 τολμήματα
1747 2731 1876 2765 habent
1894 2744 1925 2766 c.

342 2778 450 2812 Cord.
702 2789 731 2823 7.
757 2778 877 2823 πέρας]
903 2783 939 2819 -†-
961 2781 1110 2822 Χριστὸς
1129 2778 1220 2813 Catt.
1472 2790 1524 2813 10.
1553 2780 1606 2812 καὶ
1625 2779 1720 2821 prius
1740 2778 1781 2812 E.
1800 2778 1836 2812 δέ
1857 2778 1922 2812 Ed.

345 2835 396 2865 14.
426 2824 607 2859 (ἷπελείισει
629 2825 668 2859 E.
842 2836 893 2867 15.
920 2826 958 2859 τὸ
977 2832 1199 2869 assumptum
1219 2838 1259 2858 ex
1280 2826 1320 2860 E.
1341 2825 1454 2868 (Vat.)
1475 2826 1518 2860 cf.
1538 2825 1572 2859 in
1592 2825 1637 2858 xii
1658 2824 1786 2869 Proph.
1805 2835 1868 2868 471
1891 2836 1922 2864 a,

342 2870 408 2912 (198
429 2871 461 2904 b.
647 2883 700 2905 21.
728 2873 888 2916 οὖριινοὺς
907 2872 1087 2906 emendavi
1106 2878 1183 2917 post
1204 2872 1335 2916 Migne‘
1355 2873 1494 2916 οὐρανὸς
1513 2871 1604 2906 Aub.
1786 2882 1840 2913 24.
1867 2886 1922 2905 το-

342 2919 465 2950 σοῦτον
486 2918 524 2950 E.
