2011 3266
293 164 377 202 2524«
698 164 746 204 B.
782 163 1059 203 CYRILLI
1102 162 1481 202 ALEXANDR.
1669 176 1706 200 x.
1732 171 1880 213 11—13.

296 273 539 324 ἀτιθάσων
571 275 745 339 θηρίων
776 273 996 344 ξυνωρίδι
1030 270 1309 340 μαχόμενος,
1337 271 1545 337 σταυρὸν
1577 270 1785 333 ὑπέμεινε
1827 270 1881 320 δι’

297 356 418 418 ἡμᾶς
460 356 535 406 ἵνα
577 356 765 426 θανάτῳ
808 355 1022 422 νεκρώσῃ
1064 353 1147 404 τὸν
1188 353 1407 415 θάνατον,
1447 354 1693 418 κατεκρίθη
1737 376 1785 402 τε
1827 353 1881 401 δι’

299 438 419 500 ἡμᾶς
453 437 528 488 ἵνα
563 441 645 502 τῆς
681 440 753 489 ἐπὶ
790 441 857 506 τῷ
891 440 1190 500 πλημμελεῖν
1217 437 1537 502 κατακρίσεως
1569 435 1748 488 πάντας
1779 434 1879 502 ἐξέ·

77 530 165 564 648
179 528 233 562 A·
260 526 455 583 ἅληται,
504 519 811 584 καταργήσας
864 518 938 570 διὰ
988 521 1072 581 τῆς
1122 519 1330 572 πίστεως
1380 517 1467 581 τὴν
1516 516 1885 583 τυραννήσασαν

76 613 236 652 Col-ii-14-
300 602 548 668 ἁμαρτίαν,
576 604 651 652 καὶ
681 610 706 631 “
726 600 1057 667 προσηλώσας
1090 599 1144 650 τὸ
1180 601 1289 651 καθ’
1319 601 1450 664 ἡμῶν
1475 598 1795 666 χειρόγραφον
1819 601 1886 667 τῷ
1905 606 1927 645 5

301 691 327 712 “
356 685 454 754 ἰδίῳ
481 683 714 753 σταυρῷ,”
733 682 854 734 καθὰ
882 683 1159 747 γε’γραπται.
1200 683 1365 732 οὐκοῦν
1392 683 1416 732 ὁ
1440 681 1526 745 μὲν
1549 684 1631 745 τῆς
1658 681 1886 746 ἁμαρτίας

77 767 238 849 ξ’ἒῆῙνῆῑ
299 766 457 832 πατὴρ
491 768 552 819 ὡς
580 773 605 794 “
626 766 849 832 πρόβατα
883 766 931 814 ἐν
956 763 1077 832 ᾅδῃ”
1107 764 1237 815 ἔθετο
1271 763 1458 833 θανάτῳ
1493 768 1735 826 ποιμανεῖν
1767 763 1886 827 ἡμᾶς

299 849 570 916 ἐπιτρέψας,
604 847 723 899 κατὰ
761 847 815 898 τὸ
854 849 902 898 ἐν
941 849 1157 915 ψαλμοῖς
1197 845 1447 912 εἰρημένον.
1503 847 1703 897 ἀπέθανε
1743 844 1789 896 δὲ
1829 845 1884 894 δι’

300 932 419 994 ἡμᾶς
448 932 472 981 ὁ
498 929 675 996 ἀγαθὸς
701 929 845 983 ὅντως
871 928 1061 992 ποιμὴν,
1088 929 1163 978 ἵνα
1189 931 1271 992 τῆς
1298 930 1538 994 ἀφεγγοῦς
1567 933 1648 978 τοῦ
1683 926 1886 978 θανάτου

300 1018 425 1080 χειᾶς
464 1013 641 1082 ἐξελὼν
680 1017 775 1066 τοῖς
817 1011 1045 1078 οὐρανίοις
1085 1010 1501 1076 συναγελάζεσθαι
1539 1008 1886 1077 παρασκευάσῃ
1910 1026 1958 1051 10

301 1100 472 1162 χοροῖς,
489 1097 563 1145 καὶ
585 1095 687 1145 ἀντὶ
707 1099 872 1158 σηκῶν
890 1097 985 1143 τῶν
1005 1096 1068 1146 εἰς
1094 1091 1330 1155 πυθμένας
1357 1092 1582 1153 ἀβύσσου
1609 1095 1682 1143 καὶ
1710 1090 1886 1159 μυχοὺς

258 1177 562 1241 ὺθαλάσσης
607 1177 840 1240 κειμένων,
881 1174 965 1228 τὰς
1009 1174 1105 1226 ἄνω
1151 1178 1226 1225 καὶ
1267 1175 1397 1241 παρὰ
1438 1177 1593 1240 Πατρῖ
1634 1175 1888 1241 χαρίσηται

76 1258 107 1289 S.
122 1259 202 1288 Luc.

76 1302 194 1341 xii.32.
301 1259 462 1323 μονάς·
508 1258 583 1310 διὰ
608 1264 747 1310 τοῦτο
774 1261 849 1309 καὶ
875 1256 995 1323 πρὸς
1030 1258 1149 1321 ἡμᾶς
1184 1281 1276 1309 που
1313 1259 1441 1326 φησί
1464 1265 1489 1287 “
1513 1256 1599 1321 Μὴ
1626 1262 1802 1325 φοβοῦ,
1833 1255 1887 1307 τὸ

302 1350 328 1372 “
353 1341 520 1409 μικρὸν
553 1343 784 1405 ποίμνιον,
811 1339 1044 1405 ηὑδόκησε
1082 1339 1175 1406 γὰρ
1214 1341 1237 1390 ὁ
1266 1339 1435 1405 Πατὴρ
1471 1342 1628 1390 δοῦναι
1665 1341 1771 1402 ὑμῖν
1802 1337 1888 1402 τὴν

301 1433 328 1454 “
354 1425 658 1487 βασιλείαν.”
700 1425 811 1474 ἀλλ’
841 1425 888 1473 ἐν
915 1421 1096 1476 τούτοις
1131 1422 1216 1485 μὲν
1247 1421 1305 1473 τὰ
1341 1421 1416 1472 διὰ
1442 1426 1676 1487 Χριστοῦ·
1720 1421 1888 1483 ἴδωμεν
1912 1439 1958 1477 15

301 1506 349 1558 δὲ
394 1506 453 1558 τὰ
498 1507 681 1557 ἐκείνων
728 1508 775 1556 ἐν
820 1506 960 1556 τίσιν.
1032 1505 1198 1554 οὐκοῦν
1245 1504 1401 1570 ἕτερον
1446 1503 1530 1566 μὲν
1573 1502 1704 1554 οὐδὲν
1744 1502 1889 1557 ὅντως

301 1589 575 1639 ἁλώσονται
607 1593 673 1657 τῷ
699 1611 751 1654 γε
789 1586 1002 1651 ὄμμασιν
1029 1587 1185 1652 ὀρθοῖς
1222 1585 1279 1637 τὰ
1315 1587 1384 1637 ἐπ’
1414 1587 1568 1639 αὐτοῖς
1604 1588 1885 1651 διευκρινου-

301 1671 424 1741 με’νῳ
451 1671 478 1735 ἦ
505 1672 738 1735 μισθωτοὶ
768 1672 842 1720 καὶ
869 1669 1235 1738 ’ψευδοποιμένες
1262 1671 1337 1719 καὶ
1373 1670 1516 1719 δειλοὶ
1555 1670 1630 1718 καὶ
1665 1665 1890 1734 προδόται

303 1757 378 1804 καὶ
418 1755 618 1819 ὀκνηροὶ,
646 1752 793 1817 λόγον
824 1751 908 1815 μὲν
940 1751 1105 1801 οὐδένα
1139 1753 1221 1814 τῆς
1255 1756 1350 1801 τῶν
1376 1749 1633 1816 προβάτων
1659 1751 1891 1817 ὠφελείας

303 1835 602 1900 πεποιημένοι
646 1834 851 1896 πώποτε,
896 1832 949 1884 τὸ
995 1832 1042 1883 δὲ
1088 1832 1174 1896 ἡδύ
1217 1856 1316 1886 πως
1363 1835 1437 1883 καὶ
1488 1831 1672 1901 ἑκάστῳ
1724 1835 1890 1883 δοκοῦν
1912 1854 1961 1879 20

265 1917 602 1984 οπανταχόθεν
643 1915 895 1982 ἐκπορίζειν
934 1914 1296 1981 σπουδάζοντες.
1364 1915 1571 1982 μισθωτοὶ
1610 1913 1703 1980 γὰρ
1741 1913 1886 1978 ἦσαν,

306 2000 425 2051 κατὰ
475 2000 560 2064 τὴν
611 2005 693 2050 τοῦ
747 2001 965 2064 Σωτῆρος
1019 1996 1196 2064 φωνὴν,
1249 1999 1331 2047 οὐκ
1381 1996 1436 2061 ἦν
1485 1998 1637 2047 αὐτῶν
1688 1995 1780 2048 ἴδιοι
1832 1995 1892 2047 rb,

305 2085 532 2152 πρόβατα,
572 2086 762 2145 μᾶλλον
801 2080 849 2130 δὲ
890 2085 973 2130 τοῦ
1014 2083 1232 2146 Χριστοῦ
1278 2084 1360 2130 τοῦ
1399 2079 1734 2141 μισθώσαντος
1773 2076 1892 2128 κατὰ

304 2164 390 2229 τὴν
429 2164 593 2231 ἀρχὴν,
634 2165 708 2214 καὶ
754 2164 828 2214 ἐπὶ
868 2167 1022 2224 τιμαῖς
1064 2166 1164 2215 ταῖς
1208 2160 1433 2212 ἀνωτάτω
1473 2160 1892 2228 χειροτονήσαντος

305 2247 563 2299 ἐπιστάτας
601 2250 696 2298 τοῖς
721 2246 960 2295 Ἰουδαίων
993 2248 1124 2296 λαοῖς
1167 2241 1274 2296 τοὺς
1313 2242 1597 2308 ἱερουργούς·
1642 2241 1771 2292 ἀλλὰ
1806 2241 1891 2306 τὴν
1914 2257 1961 2295 25
2009 2269 2011 2293 1

305 2330 425 2379 οὕτω
459 2326 686 2393 λαμπρὰν
712 2328 788 2376 καὶ
816 2366 987 2377 .....
1017 2328 1099 2388 τῆς
1134 2329 1228 2374 τῶν
1254 2324 1535 2390 θρεμμάτων
1568 2326 1716 2386 αὐλῆς
1750 2326 1886 2392 ἀφει-

305 2409 534 2474 δήσαντες
572 2412 833 2469 παντελῶς,
865 2408 1144 2473 προῦδωκαν
1179 2408 1246 2475 τῷ
1285 2406 1413 2475 λύκῳ
1455 2405 1513 2456 τὰ
1550 2406 1788 2471 πρόβατα,
1817 2407 1891 2456 καὶ

353 2612 383 2635 2.
410 2615 445 2634 τε
465 2612 482 2634 e
502 2599 578 2633 Cat.
600 2599 698 2632 Harl.
719 2598 910 2642 assumpsit
928 2597 1022 2631 Aub.
1043 2603 1075 2631 et
1095 2598 1140 2631 ita
1158 2611 1187 2632 a.
1408 2610 1440 2642 9.
1468 2599 1485 2630 ὁ
1503 2597 1629 2642 ἀγαθὸς
1647 2596 1750 2632 ὅντως
1767 2597 1891 2640 ποιμὴν

305 2647 409 2681 edidi.
427 2647 530 2682 ὅντως
547 2648 564 2680 ὁ
582 2646 707 2691 ἀγαθὸς
724 2645 829 2679 ὄντως
844 2645 970 2688 ποιμὴν
989 2644 1030 2678 B.
1053 2644 1170 2679 Holst.
1190 2644 1292 2679 ὅντως
1312 2644 1339 2678 δ’
1359 2644 1485 2689 ἀγαθὸς
1503 2643 1607 2678 ὅντως
1624 2645 1641 2676 ὁ
1661 2643 1783 2687 ποιμὴν
1799 2644 1890 2677 Aub.

305 2696 322 2727 ὁ
341 2694 466 2739 ἀγαθὸς
482 2693 606 2736 ποιμὴν
623 2692 830 2726 abbrevians
851 2691 934 2725 Nik.
1054 2702 1106 2725 10.
1133 2693 1227 2736 χειᾶς
1245 2704 1274 2724 a.
1294 2695 1328 2725 et
1345 2692 1392 2724 ita
1408 2691 1498 2724 inter
1515 2690 1647 2724 scholia
1666 2690 1702 2724 S.
1716 2690 1836 2734 Cyrilli
1855 2690 1889 2723 in

307 2741 395 2774 (fod.
418 2740 519 2774 Bodl.
538 2740 642 2773 Misc.
666 2749 741 2784 179.
768 2750 835 2772 see.
855 2738 937 2772 xvii.
957 2738 1167 2782 transcripto
1185 2750 1203 2772 a
1224 2738 1399 2771 Frontone
1419 2738 1561 2771 Ducaeo
1582 2743 1620 2770 ut
1642 2736 1778 2770 videtur
1797 2736 1891 2781 (vide

307 2788 516 2832 (flatalogum
542 2785 656 2821 Codd.
677 2786 799 2819 Graec.
822 2785 882 2818 fol.
903 2793 981 2829 724.
1002 2784 1055 2818 ed.
1078 2784 1216 2823 Coxe.).
1269 2784 1409 2818 Scholia
1433 2783 1632 2828 supradicta
1655 2795 1672 2816 e
1695 2782 1783 2816 Cod.
1805 2782 1891 2826 Reg.

308 2834 404 2867 Paris
422 2841 461 2867 ut
481 2833 606 2877 opinor
626 2843 704 2871 212,
724 2831 802 2865 vide
820 2831 908 2864 infra
925 2831 986 2865 lib.
1000 2831 1057 2865 vii.
1070 2831 1279 2875 fragmenta,
1291 2831 1391 2865 initio
1409 2830 1452 2864 ad
1471 2830 1617 2874 paginae
1635 2830 1775 2862 calcem.
1796 2831 1892 2865 σκιᾶς

306 2880 372 2913 Ed.
568 2892 579 2913 1
592 2891 619 2913 1.
639 2878 817 2919 ἀβύσσους
838 2878 877 2911 Β.
897 2877 958 2912 Ht.
978 2878 1175 2911 emendavit
1194 2877 1287 2911 Aub.
1359 2875 1502 2921 μυχοὺς]
1523 2876 1674 2919 μοχλοὺς
1694 2876 1770 2908 Cat.
1788 2876 1890 2910 Harl.

308 2938 362 2960 21.
388 2927 635 2962 ἐσπουδακότες
652 2937 683 2960 a.
844 2934 898 2967 25.
925 2925 1016 2958 ἀλλὰ
1034 2924 1094 2968 τὴν
1111 2924 1197 2959 οὕτω
1215 2924 1376 2968 λαμπρὰν
1393 2923 1446 2957 καὶ
1466 2923 1507 2956 Β.
1525 2923 1555 2955 οἶ
1574 2922 1610 2956 δέ
1628 2934 1646 2955 e
1665 2921 1742 2955 Cat.
1760 2928 1800 2955 ut
1819 2921 1888 2956 vid.

307 2973 401 3006 Aub.
420 2975 449 3005 οἱ
469 2986 498 3006 a.
552 2973 733 3006 Excislisse
752 2971 883 3016 aliquid
903 2971 1051 3005 videtur.
