2037 3266
339 123 423 162 506
740 120 792 160 Β.
825 118 1100 160 CYRILLI
1142 117 1525 158 ALEXANDR.
1664 116 1749 157 xiv.
1769 124 1835 169 25,
1855 115 1919 157 26.

201 275 248 314 25
273 267 321 304 26
340 266 487 307 Ταῦτα
530 266 750 307 λελάλι-ικα
788 262 884 314 ὑμῖν
921 264 1015 321 rrcxp’
1059 262 1153 313 ὑμῖν
1191 265 1344 312 μενων·
1396 265 1418 307 ὁ
1458 263 1505 305 δὲ
1547 263 1837 319 ΠαράκλΗτοε,
1873 260 1922 302 τὸ

405 349 578 398 Πνεῦμα
611 350 659 391 τὸ
680 349 840 398 ’Ἅι-ιον,
872 349 894 390 ὃ
928 348 1091 397 Πὲμψει
1125 344 1219 395 ὑμῖν
1245 347 1268 389 ὁ
1296 345 1446 403 Πατήρ
1473 347 1517 388 ἐν
1544 349 1606 400 τῷ
1626 343 1804 393 ὀνόματί
1830 357 1924 395 μου,

405 431 567 475 ἐκεῖνος
614 433 722 481 ὑμᾶς
772 431 936 474 διδάξει
979 431 1133 481 Πάντα,
1174 429 1243 471 καὶ
1286 429 1521 478 ὑπομνήσει
1564 429 1672 478 ὑμᾶς
1714 428 1854 469 Πάντα
1898 428 1923 468 ἃ

406 511 526 557 εἶπον
564 514 664 562 ὲΓώ.

295 624 322 666 b
405 623 546 691 ’Έχει
580 622 728 675 πάλιν
759 624 784 673 ὁ
819 622 966 688 λόγος
1001 621 1056 674 τὸ
1092 622 1401 689 ἀνθρώπινον,
1432 624 1507 673 καὶ
1541 626 1636 673 τῶν
1669 619 1776 672 καθ’
1804 619 1925 684 ἡμᾶς
1945 637 1968 676 5

338 707 393 757 οὐ
420 706 529 756 λίαν
556 704 860 769 ἀπήλλακται
887 705 1082 771 μέτρων,
1111 704 1229 755 ὅσον
1254 705 1364 769 ἧκεν
1387 708 1449 757 εἷς
1476 709 1585 754 νοῦν
1611 707 1706 756 τοῖς
1732 724 1920 768 προκει-

337 786 491 850 μένοις
515 786 597 838 τὸν
619 786 876 853 πρέποντα.
919 786 1033 838 πότε
1060 785 1168 853 γὰρ,
1194 786 1404 852 εὐλόγως
1430 787 1525 852 ἐρεῖ
1545 808 1628 848 τις,
1649 786 1710 838 ὡς
1737 784 1791 834 οὐ
1815 785 1923 850 παρ’

337 869 447 932 ἡμῖν
485 870 616 919 ἐστιν
655 870 679 919 ὁ
719 868 934 935 Χριστὸς
971 868 1091 919 κατά
1129 891 1183 933 γε
1221 867 1308 932 τὴν
1340 871 1422 932 τῆς
1460 867 1679 931 θεότητος
1717 864 1926 929 δύναμιν,

337 951 486 1001 καίτοι
519 955 701 1016 πληροῖ
734 950 821 1015 μὲν
854 950 914 1002 τὰ
951 950 1129 1013 πάντα,
1160 952 1235 1001 καὶ
1270 949 1456 1004 οὐδενὸς
1490 947 1545 1000 τὸ
1580 947 1778 1013 σύμπαν
1803 948 1922 999 ἀπο·

338 1034 485 1096 δημεῖ,
533 1033 738 1098 περιέπει
789 1032 836 1083 δὲ
887 1037 1079 1096 μᾶλλον
1130 1031 1316 1102 ἀῤῥήτερ
1372 1031 1561 1096 δυνάμει
1610 1033 1701 1097 γῆν
1750 1053 1800 1081 τε
1851 1030 1927 1080 καὶ

337 1113 550 1181 οὐρανὸν,
589 1116 664 1165 καὶ
702 1118 796 1165 τῶν
834 1114 1059 1175 ἀβύσσου
1101 1113 1149 1165 δὲ
1187 1119 1352 1181 μυχῶν
1391 1114 1473 1164 οὐκ
1516 1110 1925 1176 ἀπολιμπάνεται;

337 1202 431 1248 ποῦ
470 1197 563 1264 γὰρ
602 1198 685 1247 οὐκ
720 1197 824 1247 ε”στι
860 1196 1011 1258 Θεός;
1061 1196 1174 1247 ὅταν
1207 1197 1288 1247 οὖν
1319 1197 1437 1264 λε’γῃ
1469 1198 1627 1246 Ταῦτα
1661 1194 1770 1263 πρὶς
1805 1196 1928 1261 ὑμᾶς

301 1302 323 1329 c
340 1278 458 1332 εἶπον
485 1282 591 1345 παρ’
618 1281 715 1347 ὑμῖν
741 1278 888 1347 μὲνων,
916 1277 1036 1329 κατὰ
1072 1277 1126 1329 τὸ
1162 1279 1458 1345 ἀνθρώπινον
1483 1276 1808 1346 ε’κληψόμεθα·
1850 1276 1928 1326 καὶ

336 1362 525 1427 ἐπείπερ
552 1361 750 1424 ἔμελλεν
776 1361 833 1430 ἐξ
864 1362 1132 1428 ὀφθαλμῶν
1158 1361 1381 1427 γενέσθαι
1413 1364 1507 1411 τῶν
1533 1359 1782 1425 ἡμετέρων,
1808 1356 1928 1409 κατά

338 1466 393 1509 γε
418 1442 503 1507 τὴν
528 1442 687 1509 σάρκα
714 1445 853 1511 φημὶ,
882 1441 968 1507 τὴν
995 1445 1042 1494 ἐν
1067 1448 1164 1496 τοῖς
1191 1444 1402 1509 οὐρανοῖς
1432 1442 1699 1506 ἀποδημίαν
1724 1438 1922 1491 στειλά-

337 1547 476 1589 μενος
511 1524 570 1575 τὰ
603 1523 796 1575 τοιαῦτά
830 1529 968 1594 φησι·
1009 1524 1095 1589 τὴν
1127 1524 1177 1576 δὲ
1212 1530 1296 1576 τοῦ
1331 1526 1593 1590 μυστηρίου
1630 1523 1926 1587 τελειοτάτην

336 1608 414 1657 καὶ
465 1606 816 1673 ἀκριβεστάτην
859 1608 970 1671 ἡμῖν
1015 1606 1325 1674 ἀποκάλυψιν
1371 1606 1448 1658 διὰ
1488 1612 1571 1657 τοῦ
1618 1605 1927 1672 παρακλήτου

337 1689 557 1755 γενέσθαι
602 1689 743 1755 λέγει,
784 1689 1014 1752 τουτέστι,
1056 1695 1139 1740 τοῦ
1176 1690 1342 1755 εΑγίου
1389 1689 1666 1752 Πνεύματος
1710 1689 1926 1738 ἀποστα-

336 1770 500 1824 λέντος
525 1770 656 1837 παρὰ
687 1777 771 1822 τοῦ
800 1770 991 1837 Πατρὸς
1017 1773 1091 1822 ἐπὶ
1116 1776 1177 1841 τῷ
1204 1770 1379 1838 ὀνόματι
1408 1771 1562 1832 αὐτοῦ,
1591 1769 1716 1835 λέγω
1752 1768 1809 1833 δὴ
1842 1775 1925 1821 τοῦ

337 1857 469 1905 Υἱοῦ.
522 1855 584 1907 ὡς
611 1852 703 1919 γὰρ
730 1852 944 1919 Χριστὸς
977 1855 1024 1904 ἐν
1053 1853 1161 1917 ἡμῖν
1188 1852 1242 1903 τὸ
1272 1857 1466 1917 Πνεῦμα
1492 1852 1646 1902 αὐτοῦ·
1687 1850 1762 1902 διὰ
1787 1850 1925 1903 τοῦτό

339 1941 490 2004 φησιν
532 1935 604 1987 ὅτι
652 1937 808 1990 ἐκεῖνος
854 1932 1021 2004 διδάξει
1073 1937 1194 2004 ὑμεῖς
1246 1934 1400 1986 πάντα
1442 1931 1475 1987 οἳ
1519 1932 1635 1985 εἶπον
1676 1936 1772 2001 ὑμῖν
1817 1934 1921 2000 ἐγώ.

119 2019 224 2095 ξίῖοέ]
296 2017 495 2082 ἂέπειδὴ
534 2017 627 2084 γάρ
661 2019 765 2068 ἐστι
794 2021 992 2081 Πνεῦμα
1027 2020 1245 2083 Χριστοῦ
1278 2018 1353 2067 καὶ
1392 2022 1499 2070 νοῦς
1537 2016 1692 2078 αὐτοῦ,
1717 2014 1837 2066 κατὰ
1870 2013 1926 2068 τὸ

338 2099 678 2167 γεγραμμένον,
703 2099 790 2166 οὐχ
828 2097 985 2164 ἕτερόν
1019 2121 1063 2149 τι
1101 2099 1209 2164 παρ’
1239 2097 1380 2149 αὑτὸν
1417 2096 1483 2160 ὂν,
1510 2096 1630 2148 κατά
1670 2119 1724 2162 γε
1762 2097 1845 2148 τὸν
1876 2097 1926 2147 ἐν

338 2181 587 2246 ταυτότητι
626 2184 809 2250 φυσικῇ
847 2178 1011 2245 λόγον,
1045 2181 1195 2230 καίτοι
1231 2179 1481 2243 νοούμενόν
1512 2201 1561 2230 τε
1600 2181 1676 2229 καὶ
1715 2178 1927 2246 ὑπάρχον

340 2264 476 2325 ἰδίως,
520 2261 615 2313 οἶδε
654 2262 812 2314 πάντα
853 2261 912 2312 τὰ
954 2263 1003 2312 ἐν
1048 2262 1188 2330 αὐτῷ.
1253 2263 1329 2312 καὶ
1371 2259 1662 2327 μαρτυρήσει
1706 2261 1860 2325 λέγων
1899 2262 1924 2312 ὁ

119 2362 236 2393 Ib.11-
342 2349 538 2398 Παῦλος
565 2351 591 2374 “
612 2345 696 2397 Τίς
723 2343 817 2409 γὰρ
849 2340 943 2393 οἶδε
978 2342 1037 2393 τὰ
1071 2348 1154 2393 τοῦ
1191 2342 1454 2409 ἀνθρώπου,
1481 2346 1518 2392 εὶ
1554 2341 1618 2405 μὴ
1653 2340 1708 2392 τὸ
1741 2347 1926 2405 πνεῦμα

341 2434 367 2457 “
394 2432 476 2478 τοῦ
517 2425 767 2492 ἀνθρώπου
812 2423 865 2475 τὸ
911 2422 964 2475 ὃν
1002 2425 1051 2475 ἐν
1087 2425 1242 2493 αὐτῷ,
1299 2426 1420 2474 οὕτω
1461 2425 1536 2474 καὶ
1579 2422 1637 2473 τὰ
1677 2428 1759 2474 τοῦ
1800 2427 1925 2474 Θεοῦ

339 2516 366 2538 “
393 2509 540 2562 οὐδεὶς
579 2507 793 2573 ἔγνωκεν,
829 2510 867 2557 εἰ
905 2504 970 2570 μὴ
1008 2504 1063 2556 τὸ
1098 2510 1295 2570 Πνεῦμα
1333 2510 1415 2556 τοῦ
1449 2505 1614 2557 Θεοῦ.”
1656 2506 1837 2567 οὐκοῦν,
1863 2507 1925 2559 ὡς

339 2590 458 2644 εἱδὸς
508 2588 567 2640 τὰ
617 2590 666 2639 ἐν
716 2593 773 2657 τῇ
821 2588 1056 2652 βουλήσει
1104 2593 1188 2638 τοῦ
1240 2591 1555 2653 Μονογενοῦς,
1606 2585 1761 2638 πάντα
1817 2587 1925 2650 ἡμῖν

339 2670 644 2737 ἀναγγέλλει,
690 2672 772 2722 οὐκ
821 2672 870 2721 ἐκ
919 2669 1174 2734 μαθήσεως
1224 2669 1332 2736 ε”χον
1376 2668 1461 2733 τὴν
1506 2668 1699 2733 εἴδησιν,
1743 2668 1817 2718 ἵνα
1857 2665 1922 2731 μὴ
1943 2695 1993 2731 30

342 2754 564 2822 φαίνηται
590 2752 805 2804 διακόνου
832 2752 968 2820 τάξιν
993 2753 1319 2817 ἀποπληροῦν,
1345 2752 1419 2801 καὶ
1454 2749 1561 2804 τοὺς
1593 2749 1749 2816 ἑτέρου
1779 2749 1924 2817 τυχὸν

394 2887 405 2908 1
418 2887 446 2910 ῐ.
473 2876 524 2908 καὶ
542 2878 608 2909 τῶν
625 2874 785 2913 ἀβύσσου
803 2874 839 2907 δέ
858 2874 898 2907 Ε.
918 2876 983 2907 τῶν
1001 2873 1037 2906 δὲ
1055 2872 1216 2915 ἀβύσσου
1236 2872 1302 2906 Ed.
1416 2884 1468 2917 19.
1495 2872 1586 2918 λέγω
1604 2871 1661 2918 δὴ]
1681 2871 1792 2916 λέγων
1810 2871 1862 2906 διὰ
1882 2872 1922 2906 Ε.

344 2932 469 2967 25—27.
497 2922 552 2955 Ab
570 2922 658 2966 (ιῦΤῴ
680 2921 722 2955 ad
741 2921 828 2966 αὐτῷ
847 2920 995 2955 transilit
1014 2920 1053 2955 E.

1950 1057 1998 1084 10

1948 1463 1995 1501 15

1946 1867 2037 1912 201ss
