2037 3266
337 117 422 156 616
736 118 784 158 B.
821 118 1097 159 CYRILLI
1139 118 1524 159 ALEXANDR.
1730 114 1928 167 xvi.4—6.

334 225 504 276 ἐλπίδα
530 231 888 292 περιπεσεῖσθαι
913 228 1138 280 κινδύνοις
1163 226 1520 293 προμεμήνυκεν
1547 227 1571 276 ὁ
1599 223 1827 291 Χριστὸς,
1852 223 1929 273 ἵνα

336 306 401 370 μὴ
440 307 635 376 σφόδρα
672 308 791 375 πρὸς
829 315 967 360 τοῦτο
1005 309 1324 375 ταράττοιντο,
1352 307 1730 372 διενθυμούμενοί
1764 328 1814 357 τε
1853 306 1929 355 καὶ

297 401 320 429 0
337 388 557 454 λέγοντες
577 388 690 458 Ἆρα
715 395 809 442 τῶν
832 393 879 442 ἐν
899 393 1064 458 ἀρχαῖς
1090 391 1296 441 ἐλπίδων
1321 388 1602 458 ἐσφάλημεν
1626 391 1701 440 καὶ
1728 391 1924 452 διημαρ-

337 470 544 535 τήκαμεν
574 478 658 524 τοῦ
690 479 891 535 σκοποῦ,
919 475 1181 536 κεκλῆσθαι
1211 471 1296 536 μὲν
1326 474 1397 541 ἐφ’
1425 470 1577 523 ἅπασι
1609 476 1703 525 τοῖς
1734 473 1930 536 ἀγαθοῖς·

337 553 578 618 οἰηθέντες,
605 557 965 608 ἐκτελευτῶντες
993 554 1040 605 δὲ
1068 556 1214 607 οὕτως
1250 557 1312 608 εἰς
1349 553 1602 618 ἀδοκήτους
1632 551 1886 621 συμφοράς
1910 573 1924 614 ;
1949 572 1972 611 5

336 636 600 701 ἀναγκαίως
627 638 651 687 ὁ
682 637 856 702 Κύριος
883 642 965 687 τοῦ
990 635 1055 701 μὴ
1082 638 1130 688 ἐν
1157 638 1323 703 ἀρχαῖς
1350 641 1652 703 προμηνῦσαι
1683 636 1813 686 ταυτὶ
1843 632 1929 697 τὴν

335 717 487 768 αἰτίαν
512 718 744 786 ἐξηγεῖται
780 719 860 769 καί
892 723 1016 787 φησι
1044 720 1203 769 Ταῦτα
1240 718 1286 787 ἐξ
1322 717 1460 787 ἀρχῆς
1498 722 1573 769 οὐκ
1600 716 1717 768 εἶπεν
1744 719 1839 784 ὑμῖν
1864 714 1927 765 ’ὄτι

334 798 432 865 μεθ’
461 800 577 867 ὑμῶν
604 798 723 867 ἤμην.
782 800 962 869 ἐξήρκει
989 800 1074 864 μὲν
1099 799 1194 866 γὰρ
1225 799 1492 866 συμπαρὼν
1519 801 1674 852 αὐτοῖς
1710 799 1775 849 ἔτι
1810 795 1930 864 πρὸς

334 879 388 932 τὸ
415 881 672 948 ἀνασώζειν
698 883 916 945 εὐκόλως,
943 884 1018 933 καὶ
1046 883 1094 933 ἐκ
1119 880 1297 936 παντὸς
1321 882 1519 949 ῥύεσθαι
1544 885 1826 948 πειρασμοῦ,
1853 880 1929 930 καὶ

335 962 421 1027 τὴν
447 964 519 1032 ἐφ’
548 962 701 1015 ἅπασι
727 969 823 1018 τοῖς
850 965 1175 1027 συμβαίνουσι
1201 962 1498 1029 καθηκόντως
1530 967 1766 1015 ποιεῖσθαι
1793 963 1922 1012 διδα-
1952 986 2002 1010 10

335 1046 543 1096 σκαλίαν
569 1069 618 1097 τε
653 1049 729 1097 καὶ
763 1045 1108 1113 ἐπανόρθωσιν.
1165 1045 1321 1109 ἐπειδὴ
1360 1045 1407 1097 δὲ
1443 1048 1676 1110 ἀποδημεῖ
1701 1043 1821 1110 πρὸς
1846 1043 1930 1095 τὸν

289 1134 317 1175 (1
339 1126 541 1193 Πατέρα,
594 1126 680 1191 τὴν
736 1133 831 1179 τῶν
887 1129 1085 1179 ε”σεσθαι
1144 1126 1552 1194 προσδοκωμένων
1610 1127 1929 1193 ἀπαραίτητον

335 1209 501 1277 ἄφιξιν
527 1209 758 1278 ἐξηγεῖται
784 1211 1029 1277 χρησίμως
1056 1212 1130 1261 καὶ
1157 1212 1205 1261 ἐν
1231 1214 1377 1279 καιρῷ
1403 1213 1469 1279 τῷ
1495 1209 1734 1276 πρέποντι.
1773 1212 1811 1259 εἰ
1837 1206 1929 1274 γὰρ

335 1293 410 1341 καὶ
436 1292 545 1355 ἡμῖν
572 1293 727 1346 αὐτοῖς
753 1292 807 1343 τὸ
834 1299 915 1344 τοῦ
943 1298 1104 1359 καιροῦ
1136 1297 1219 1343 τοῦ
1253 1292 1513 1358 πρέποντος
1548 1289 1614 1355 μὴ
1649 1289 1930 1357 ἁμαρτάνειν

334 1374 676 1437 ἐσπούδασται,
702 1379 803 1428 πῶς
843 1375 925 1425 οὐκ
965 1373 1022 1425 ἀν
1053 1379 1246 1438 μᾶλλον
1272 1373 1440 1440 ἀρέσαι
1468 1377 1607 1443 Θεῴς
1651 1371 1809 1438 καιρὸς
1848 1372 1929 1422 οὖν
1953 1391 2001 1430 15

334 1455 426 1517 ἄρα
465 1459 648 1520 σιωπῆς
687 1455 744 1520 ἧν
783 1458 830 1507 ἐν
861 1459 1041 1524 ἀρχαῖς,
1077 1458 1206 1508 οὔπω
1245 1462 1328 1507 τοῦ
1368 1460 1536 1524 χρῆναι
1573 1460 1738 1520 μαθεῖν
1777 1456 1838 1509 ὡς
1876 1454 1934 1524 ἐξ

337 1536 543 1603 ἀνάγκης
569 1538 907 1598 εἶσβαίνοντος·
949 1538 1105 1603 ἐπειδὴ
1133 1540 1180 1590 δέ
1207 1537 1431 1602 ἀπεδήμει
1458 1536 1577 1604 πρὸς
1603 1538 1686 1588 τὸν
1714 1537 1925 1603 Πατέρα,

339 1620 364 1669 ὁ
391 1622 472 1683 τῆς
500 1618 722 1687 φράσεως
747 1620 1004 1687 παρεισέδυ
1037 1620 1208 1687 καιρός.
1261 1618 1332 1686 ἀρ’
1362 1621 1442 1670 οὖν
1471 1619 1812 1687 ἀπενοσφίζετο
1836 1623 1931 1669 τῶν

338 1705 562 1765 μαθητῶν
590 1702 614 1751 ὁ
641 1702 808 1768 Σωτὴρ
836 1701 1162 1770 ἀναφοιτήσας
1190 1702 1308 1768 πρὸς
1333 1701 1415 1752 τὸν
1444 1702 1649 1768 Πατέρα,
1678 1702 1753 1752 καὶ
1780 1702 1931 1763 συνῆν

299 1810 320 1836 e
341 1783 496 1836 αὐτοῖς
520 1787 577 1850 τῇ
603 1789 686 1834 τοῦ
715 1784 992 1848 Πνεύματος
1018 1785 1222 1853 ἐνεργείᾳ
1248 1807 1296 1834 τε
1323 1786 1398 1835 καὶ
1426 1782 1616 1847 δυνάμει
1640 1785 1713 1834 καὶ
1741 1781 1896 1850 χάριτι
1916 1803 1928 1842 ;
1952 1801 2002 1826 20

115 1871 276 1945 {fflssfssh-
339 1869 452 1927 πῶς,
484 1864 512 1930 ἢ
552 1864 672 1916 κατὰ
706 1866 810 1916 τίνα
844 1865 1053 1932 τρόπους
1094 1867 1147 1916 οὐ
1186 1864 1279 1932 γὰρ
1319 1866 1543 1934 ψεύδεται
1582 1864 1738 1930 λέγων
1763 1862 1931 1914 (ίἸδοῦ

117 1968 169 1989 20.
223 1939 230 1946 ⁰
342 1954 368 1976 ‘⁴
392 1945 484 2013 ἐγὼ
511 1949 614 2010 μεθ’
643 1949 771 2011 ὑμῶν
798 1951 887 2011 εἶμι
914 1947 1076 2002 πάσας
1112 1946 1195 2001 τὰς
1230 1947 1403 2013 ἡμερας
1436 1950 1510 1998 καὶ
1538 1947 1621 2000 ἕως
1647 1949 1730 2010 τῆς
1756 1968 1926 1996 συντε-

884 2029 894 2046 9

341 2036 367 2058 “
394 2030 523 2083 λείας
561 2035 645 2080 τοῦ
689 2031 878 2092 αἱῶνος,’
938 2031 1068 2094 πλὴν
1112 2029 1229 2081 ὅσον
1271 2033 1333 2083 εἷς
1373 2028 1533 2095 σάρκα
1578 2030 1654 2078 καὶ
1692 2026 1779 2091 τὴν
1815 2025 1932 2090 μετὰ

341 2111 564 2175 σώματος
588 2113 869 2178 παρουσίαν,
896 2112 1155 2176 οὐδαμόθεν
1182 2113 1478 2180 ἀμφίβολον.
1534 2111 1642 2161 ἀλλ’
1671 2108 1764 2161 οἶδε
1790 2108 1875 2173 μὲν
1905 2110 1931 2160 ὁ

343 2192 511 2259 Σωτὴρ
544 2194 918 2259 ἀναγκαιοτάτην
944 2194 1140 2245 ἔσεσθαι
1178 2198 1236 2262 τῇ
1277 2192 1543 2261 ἀνθρωπεία
1580 2191 1723 2261 φύσει
1757 2191 1842 2256 τὴν
1868 2195 1930 2245 εἷς
1953 2217 2001 2255 25
2036 2229 2037 2245 ι

344 2273 565 2339 οὐρανοὺς
591 2273 830 2336 ἀνάβασιν
859 2278 942 2338 τῆς
967 2275 1083 2329 ἰδίας
1108 2274 1303 2340 σαρκὸς,
1327 2274 1458 2337 πλὴν
1483 2275 1565 2323 οὐκ
1592 2271 1840 2339 ἠγνόησεν,
1868 2274 1931 2326 ὡς
2036 2266 2037 2284 ³

120 2368 197 2403 917
211 2366 265 2401 A·
303 2376 325 2401 a
346 2354 481 2417 Θεὸς,
508 2356 578 2407 ὅτι
618 2360 675 2424 τῇ
713 2357 874 2425 πικρίᾳ
912 2359 995 2420 τῆς
1034 2355 1188 2420 λύπης
1221 2355 1488 2419 μεμέθυστο
1523 2359 1617 2405 τῶν
1648 2359 1872 2419 μαθητῶν
1901 2354 1929 2418 ἡ
2035 2341 2037 2455 1

343 2439 524 2504 καρδία.
581 2437 741 2488 ἐλύπει
767 2437 860 2504 γὰρ
888 2438 997 2488 λίαν
1023 2437 1188 2491 αὐτοὺς
1216 2439 1471 2501 ἀποδημῶν
1497 2437 1522 2487 ὀ
1548 2436 1781 2502 Χριστὸς,
1810 2436 1931 2487 ἐπεί-
2035 2459 2037 2516 1

341 2542 430 2586 περ
456 2519 628 2583 ἤθελον
655 2521 780 2588 αὐτῷ
806 2525 1014 2570 συνεῖναι
1041 2519 1116 2569 διὰ
1142 2519 1334 2572 παντός.
1390 2520 1452 2572 ὡς
1487 2517 1537 2568 δὲ
1569 2518 1656 2583 ἤδη
1688 2516 1931 2584 κεκρικότα

341 2607 478 2652 τοῦτο
516 2605 644 2668 δρᾶν,
672 2601 774 2653 οὐδὲ
813 2604 1112 2669 διερωτῶσιν,
1140 2601 1164 2652 ὅ
1210 2624 1254 2652 τι
1292 2601 1405 2652 ποτὲ
1445 2600 1549 2666 ἄρα,
1577 2602 1652 2650 καὶ
1687 2599 1761 2650 διὰ
1791 2599 1930 2651 ποιάν
1951 2623 2002 2659 30
2034 2598 2037 2602 Α

343 2684 494 2734 αἰτίαν
524 2683 854 2751 ἀποιχήσεται,
886 2682 914 2747 ἢ
950 2683 998 2734 τί
1023 2683 1077 2734 τὸ
1109 2685 1294 2748 ἐπεῖγον
1324 2682 1469 2748 ἤγουν
1501 2682 1753 2733 ἀναπεῖθον
1779 2684 1842 2734 εἱς
1875 2680 1930 2731 τὸ

345 2765 440 2815 ἀνω
490 2766 692 2832 βαδίζειν
732 2765 888 2816 αὐτόν.
964 2764 1286 2831 συγγινώσκει
1338 2763 1493 2814 τοίνυν
1538 2765 1600 2816 ὡς
1646 2762 1703 2830 ἐξ
1744 2761 1930 2828 ἀγοίπης

345 2847 498 2900 αὐτοῖς
538 2850 746 2898 παθοῦσι
788 2849 861 2898 καὶ
899 2852 1052 2909 τοῦτο,
1092 2848 1166 2897 καὶ
1211 2844 1399 2910 σιωπὴν
1438 2846 1521 2896 οὐκ
1566 2845 1784 2911 εὐκαίρως
1824 2844 1929 2893 ἑλο-
