2037 3266
345 132 427 172 666
739 134 788 175 Β.
824 134 1099 176 CYRILLI
1141 134 1527 175 ALEXANDR.
1777 132 1873 174 xvii.
1896 144 1934 173 2.

344 242 497 301 πάσης
536 243 702 311 σαρκὶς
742 245 936 313 ἐξουσίαν
975 248 1109 315 αὐτῷ,
1141 244 1520 295 σκανδαλιστεόν
1559 243 1790 306 οὐδαμῶς·
1844 241 1934 310 χρὴ

343 323 436 390 γὰρ
462 326 683 389 ἐννοῆσαι
713 325 798 391 τὴν
824 330 1105 391 οἰκονομίαν.
1157 330 1194 377 εἶ
1227 327 1282 377 δέ
1305 348 1384 377 σοι
1419 328 1547 376 δοκεῖ
1577 327 1652 376 καὶ
1683 324 1935 391 θεοπρεπέ-

343 428 516 472 στερον
540 407 713 459 ἐπαΐειν
739 413 833 460 τῶν
859 408 1138 474 λεγομένων,
1163 407 1304 461 σύνες
1329 407 1386 472 δὴ
1410 407 1558 459 πάλιν
1583 407 1698 474 ὅπερ
1725 407 1817 475 ε”φη
1842 429 1935 457 που

118 485 224 568 {affin-a
240 486 462 553 νί’ἰητρὸς
499 490 750 545 Ἰουδαίους
790 492 814 542 ὁ
849 491 1021 557 Κύριος
1061 498 1088 520 “
1112 489 1266 554 Ἀμὴν
1305 488 1430 554 ἀμὴν
1468 491 1593 556 λε’γω
1633 491 1753 553 ὑμῖν,
1790 490 1936 541 οὐδεὶς

344 577 370 599 “
398 569 589 622 δύναται
629 574 782 623 ἐλθεῖν
819 573 938 639 πρός
973 596 1043 636 με,
1083 571 1163 623 ἐὰν
1201 571 1265 636 μὴ
1308 573 1331 622 ὁ
1370 571 1540 639 Πατὴρ
1579 573 1604 623 ὁ
1642 572 1840 640 πέμψας
1875 587 1975 634 με5

117 657 278 689 1¹³·V·²1·
343 660 370 682 “
395 654 578 723 ἑλκύσῃ
617 654 799 706 αὑτόν.”
862 655 939 708 οῦς
977 654 1071 721 γὰρ
1115 653 1194 705 ἐὰν
1241 654 1358 722 θέλῃ
1403 655 1639 722 ζωοποιεῖν
1685 655 1709 705 ὁ
1752 652 1934 719 Πατὴρ,

341 735 535 790 τούτους
569 739 630 790 ὡς
666 738 758 806 ἰδίᾳ
795 736 984 801 δυνάμει
1014 740 1071 804 τῇ
1105 736 1315 806 ζωοποιεῖ)
1341 737 1576 803 προσάγει
1602 741 1668 806 τῷ
1695 737 1793 806 ἰδίῳ
1819 758 1928 801 γεν-

341 818 523 882 νήματι,
552 822 752 882 δυναμοῖ
784 818 832 870 δὲ
867 818 1016 870 πάλιν
1042 821 1117 870 καὶ
1144 823 1299 887 σοφοῖ
1320 818 1375 870 δι’
1405 821 1564 870 αὐτοῦ·
1618 818 1750 869 ἀλλὰ
1785 819 1861 869 καὶ
1896 817 1940 868 εἴ

339 922 467 954 τινας
503 899 593 952 ὑπὸ
628 901 828 968 ζεύγλην
853 904 935 966 τῆς
962 901 1078 955 ἰδίας
1106 904 1253 969 ἀρχῆς
1283 905 1480 966 ποιῆσαι
1515 901 1740 963 βούλεται
1765 900 1930 962 πάλιν,

339 981 506 1036 αὐτοὺς
538 984 623 1051 οὐχ
659 984 824 1050 ἑτέρως
851 987 913 1036 εὶς
940 989 1079 1034 τοῦτο
1107 989 1252 1045 καλεῖ,
1282 986 1343 1037 ὡς
1377 983 1424 1034 δὲ
1461 983 1536 1035 διὰ
1575 983 1729 1049 ζώσης
1769 984 1932 1050 ἰσχύος
1956 1006 2005 1031 10

339 1067 414 1116 καὶ
453 1071 767 1132 παντουργοῦ,
811 1067 865 1116 δι’
907 1065 960 1130 ἧς
1002 1065 1223 1133 κατάρχει
1265 1071 1358 1117 τῶν
1398 1066 1540 1129 ὅλων,
1587 1069 1710 1135 φημὶ
1753 1064 1809 1129 δὴ
1852 1071 1934 1116 τοῦ

339 1147 454 1198 ἰδίου
492 1149 793 1213 γεννήματος.
848 1148 1086 1214 ἄνθρωποι
1124 1147 1209 1212 μὲν
1242 1146 1335 1213 γὰρ
1373 1148 1504 1199 οὐδὲν
1542 1149 1598 1217 ἐξ
1634 1151 1811 1199 ἑαυτῶν
1840 1152 1935 1199 τῶν

299 1229 452 1297 Οὑπὲρ
492 1229 680 1285 ἑαυτοὺς
725 1234 985 1296 κατορθοῦν
1024 1229 1268 1298 ἰσχύοντες
1312 1231 1594 1297 δανείζονται
1640 1231 1770 1297 παρὰ
1808 1235 1935 1282 Θεοῦ

113 1290 251 1375 31¹1?ss
337 1311 391 1362 τὸ
432 1317 526 1363 τῶν
567 1313 734 1363 ἄλλων
775 1313 1006 1364 δύνασθαι
1049 1317 1252 1378 κρατεῖν·
1308 1313 1362 1363 δι’
1399 1315 1541 1364 αὑτοῦ
1579 1313 1672 1380 γὰρ
1712 1319 1934 1374 βασιλεῖς

117 1377 165 1408 16.
336 1394 667 1457 βασιλεύουσι,
700 1394 818 1446 κατὰ
849 1393 903 1445 τὸ
942 1395 1288 1460 γεγραμμένον,
1329 1398 1403 1446 καὶ
1442 1395 1661 1461 τύραννοι
1701 1398 1754 1447 δι’
1790 1397 1932 1447 αὐτοῦ
1955 1418 2001 1455 15

336 1482 564 1542 κρατοῦσι
599 1480 704 1542 γῆς·
760 1478 784 1527 ὁ
817 1476 865 1528 δὲ
897 1481 992 1528 τῶν
1017 1477 1144 1528 ὅλων
1171 1477 1294 1531 Θεὸς
1319 1477 1374 1528 τὸ
1404 1480 1771 1543 ἀποσκιρτῆσαν
1796 1478 1930 1544 γε’νος

336 1562 418 1623 τῆς
445 1564 507 1613 εἷς
533 1559 675 1610 αὐτὸν
701 1560 903 1624 ἀγάπης,
930 1561 1003 1610 καὶ
1030 1562 1113 1623 τῆς
1141 1561 1215 1610 ὑπ’
1245 1561 1370 1628 αὐτῷ
1397 1562 1650 1621 βασιλείας
1676 1559 1758 1612 τὸν
1789 1560 1929 1627 ζυγὸν

335 1641 639 1710 ἀποτινάξαν,
666 1643 719 1692 οὐ
751 1641 860 1708 παρ’
886 1642 1041 1707 ἑτέρου
1076 1641 1130 1692 τὸ
1166 1641 1401 1693 δύνασθαι
1434 1643 1616 1705 λαβὼν,
1645 1644 1929 1704 ὑποτίθησιν

335 1725 483 1793 ἑαυτῷ
523 1723 581 1775 τὰ
610 1722 778 1786 πάντα,
805 1728 863 1791 τῇ
903 1724 996 1791 ἰδίᾳ
1035 1723 1224 1787 δυνάμει
1265 1724 1349 1788 τὴν
1388 1726 1486 1775 κατ’
1516 1727 1669 1775 αὐτῶν
1703 1726 1928 1794 ἐξουσίαν

334 1809 469 1857 οἱονεὶ
496 1805 798 1873 δωρούμενος,
817 1808 891 1856 καὶ
919 1807 972 1856 δι’
1002 1806 1143 1869 αὐτῆς
1168 1807 1476 1873 χειρούμενος,
1499 1806 1613 1872 ὅπερ
1640 1805 1697 1857 ἂν
1717 1808 1926 1877 ἐθελήσῃ
1952 1835 2001 1859 20

289 1891 315 1931 d
335 1892 514 1949 λαβεῖν.
573 1888 738 1954 ὑπάγει
778 1887 871 1954 γὰρ
898 1889 922 1938 ὁ
950 1887 1071 1941 Θεὸς
1107 1889 1181 1938 καὶ
1210 1887 1379 1953 Πατὴρ
1411 1891 1474 1942 ὡς
1513 1889 1603 1958 ἰδίᾳ
1639 1889 1830 1953 δυνάμει
1859 1899 1928 1960 τῴ

333 1975 449 2040 Υἱῴ·
495 1973 550 2022 δι’
578 1972 720 2022 αὐτοῦ
759 1969 806 2022 δὲ
845 1970 1034 2024 πάντως
1069 1972 1144 2020 καὶ
1183 1971 1270 2038 οὐχ
1305 1971 1469 2036 ἑτερως
1507 1976 1604 2022 πᾶν
1643 1971 1760 2039 ὅπερ
1797 1974 1930 2024 ἐστὶν

333 2054 611 2105 ὑποπίπτειν
649 2052 813 2104 ἐθέλον
839 2053 964 2121 αὐτῷ
1003 2051 1077 2103 διὰ
1117 2054 1200 2115 τῆς
1239 2053 1494 2118 ὑποταγῆς.
1544 2052 1709 2120 ὥσπερ
1741 2054 1836 2120 γὰρ
1869 2055 1929 2106 τὰ

332 2136 488 2187 πάντα
525 2140 680 2204 σοφοῖ
715 2136 789 2186 καὶ
832 2134 1047 2201 ζωοποιεῖ
1083 2134 1138 2185 δι’
1182 2135 1337 2197 αὐτοῦ,
1380 2136 1501 2186 οὕτω
1543 2137 1620 2186 καὶ
1664 2140 1760 2187 τῶν
1800 2136 1928 2188 ὅλων

333 2218 554 2285 κατάρχει
580 2218 635 2268 δι’
665 2218 823 2269 αὐτοῦ.
1950 2244 1998 2282 25

408 2300 696 2363 Σημειωτεόν
721 2298 880 2364 γεμὴν,
908 2301 967 2351 ὡς
995 2299 1077 2348 οὐκ
1104 2301 1165 2351 εἷς
1188 2299 1334 2361 μόνον
1360 2299 1424 2348 ε”τι
1451 2298 1535 2349 τὸν
1562 2299 1764 2365 Ἰσραὴλ
1790 2301 1818 2364 ἡ
1844 2304 1928 2365 τῆς

332 2381 508 2432 ἄνωθεν
547 2381 905 2449 φιλανθρωπίας
943 2378 1296 2430 συνεστέλλετο
1333 2379 1481 2447 χάρις,
1509 2380 1620 2431 ἀλλ’
1651 2383 1725 2433 ε’πὶ
1762 2371 1927 2434 ποῖα-ἀν

331 2464 578 2532 ἐξετείνετο
608 2461 773 2530 σάρκα.
823 2461 877 2513 τὸ
909 2461 1001 2527 γὰρ
1027 2461 1152 2516 ὅλως
1187 2462 1448 2530 ὑποτρέχων
1474 2469 1556 2513 τοῦ
1585 2466 1805 2529 Σωτῆρος
1841 2465 1927 2529 τὴν

331 2546 573 2615 ἐξουσίαν,
602 2544 784 2614 μεθέξει
811 2544 868 2608 δὴ
895 2542 1082 2597 πάντως
1109 2546 1184 2595 καὶ
1209 2547 1292 2608 τῆς
1317 2546 1427 2610 παρ’
1458 2546 1602 2596 αὐτοῦ
1628 2544 1745 2611 ζωῆς
1771 2569 1821 2598 τε
1848 2550 1924 2598 καὶ

334 2627 539 2696 χάριτος.
1948 2658 1998 2693 30

295 2711 315 2735 O

385 2776 415 2811 7.
442 2766 499 2811 τῇ]
519 2769 564 2813 τῴ
586 2767 625 2801 Ε.
948 2777 1000 2800 10.
1028 2766 1146 2810 ἑτέρας
1166 2766 1205 2799 Ε.
1528 2768 1579 2801 18.
1606 2767 1865 2811 ἀποτινάξαντες
1883 2768 1925 2802 Ε.

338 2825 392 2847 21.
420 2814 491 2858 ἰδίῳ
514 2814 552 2848 E.
