2022 3272
100 144 170 187 xii.
192 156 344 202 37-40.
394 146 463 187 IN
497 146 540 187 S.
564 145 734 186 JOAN.
799 144 1060 184 LIBNHJ.
1128 145 1513 184 FRAGMENTA.
1608 144 1691 184 327

124 294 324 336 Τοσαῦτα
364 294 409 336 δὲ
448 293 577 336 αὐτοῦ
618 289 772 341 σΗμεῖα
810 291 1101 332 ΠεΠοιΗκότοε
1139 291 1379 348 ἔμπροσθεν
1419 289 1561 330 αὐτῶν
1600 290 1674 329 οὐκ
1715 297 1761 334 37

646 374 870 417 ἐπίστευον
909 372 969 415 εἰς
1007 374 1152 415 αὐτόν.

176 480 351 533 Θέλων
402 480 450 532 δὲ
499 481 654 531 αὐτῶν
699 479 786 544 τὴν
837 479 1040 544 ἄμετρον
1088 478 1382 544 δυστροπιάν
1427 475 1618 543 ἐλέγξαι
1671 476 1695 524 ὁ

104 563 486 630 Εὐαγγελιστὴς,
517 562 786 629 προσέθηκε
826 562 909 629 καὶι
941 559 995 611 τό
1025 558 1303 629 ’Ἒμπρσσ-θεν
1336 558 1488 621 αὐτῶν,
1520 555 1697 609 δεικνὺς

60 660 83 700 5
104 644 174 696 ὅτι
201 644 305 697 οὐδὲ
334 644 402 699 οῖς
429 645 586 712 ἑώρων
614 645 847 696 ἐπίστευον.

94 796 186 837 Ἵνα
235 795 258 837 ὃ
306 795 433 842 λόΓοε
469 789 654 836 “Ησαῖ“ου
702 795 915 852 ΠλΗρωΘιΞ
960 793 1008 836 ὃν
1049 787 1143 833 εἶπε
1189 790 1327 848 Κύριε,
1367 788 1428 831 τίς
1471 788 1695 830 ἐπίστευσε
1719 796 1767 843 38

170 881 221 936 τῇ
260 877 369 935 ἀκοῇ
410 877 531 926 ἡμῶν
571 875 640 917 καὶ
676 876 699 920 ὁ
739 875 923 933 βραχίων
954 874 1104 933 Κυρίου
1141 873 1222 917 τίνι
1260 873 1575 928 ἀπεκαλύφΟΗ;
1626 870 1694 912 διὰ
1720 882 1767 918 39

170 963 297 1002 τοῦτο
335 961 410 1002 οὐκ
448 959 664 1002 ἠδύναντο
701 960 930 1001 Πιστεύειν·
966 960 1033 1002 ὅτι
1068 958 1202 1000 Πάλαι
1225 952 1413 998 ‘Homine
1447 951 1541 997 εἶπε
1567 954 1698 995 Τετύ-
1719 963 1770 999 40

172 1051 348 1099 φλωκεν
391 1043 534 1085 αὐτῶν
577 1043 677 1084 τοὺς
725 1042 980 1098 ὀφθαλμοὺς
1032 1041 1100 1083 καὶ
1148 1040 1388 1097 ἐπώρωσεν
1433 1037 1576 1080 αὐτῶν
1620 1036 1697 1078 τήν

37 1141 87 1167 ιο
172 1125 364 1183 καρδίαν,
389 1125 457 1167 ἵνα
484 1125 539 1175 μὴ
570 1123 695 1169 ἴδωσι
726 1123 817 1167 τοῖς
849 1122 1094 1181 ὀφθαλμοῖς
1129 1124 1198 1165 καὶ
1231 1123 1423 1165 νοήσωσι
1455 1125 1506 1180 τῷ
1545 1120 1698 1178 καρδία

173 1208 242 1250 καὶ
278 1209 579 1267 ἐπιστραφώσι
618 1208 687 1250 καὶ
725 1206 915 1257 ἰάσωμαι
953 1208 1121 1250 αὐτούς.

241 1324 251 1338 9
323 1323 344 1342 ‘l
497 1323 509 1341 Ι
779 1323 792 1339 Ι
1007 1321 1019 1339 N
1315 1321 1326 1337 Ι
1444 1322 1453 1336 t
1482 1319 1491 1334 5
1641 1322 1661 1331 Α

179 1326 289 1391 Ουχ
325 1346 399 1374 ινα
433 1346 589 1375 τοινυν
622 1331 927 1390 πληρωσωσι
965 1346 1051 1376 τας
1084 1325 1378 1390 προφητειας
1413 1342 1455 1370 οι
1498 1321 1700 1369 Ιουδαιοι

104 1403 369 1474 ἐφόνευσαν
409 1405 492 1457 τὸν
533 1405 728 1472 Κύριον·
785 1405 814 1470 ἢ
859 1404 954 1472 γὰρ
1000 1403 1056 1456 ἂν
1097 1405 1202 1455 οὔτε
1250 1406 1504 1463 δυσσεβεῖς
1551 1399 1695 1464 ἦσαν·

105 1486 238 1538 ἀλλὰ
276 1488 333 1538 δι’
374 1487 545 1538 οἰκείαν
584 1486 844 1540 κακόνοιαν.
908 1490 945 1538 εἰ
984 1486 1078 1553 γὰρ
1117 1487 1192 1536 καὶ
1229 1489 1456 1550 προεῖπον
1495 1486 1537 1534 οἱ
1580 1506 1698 1549 προ-

41 1576 89 1616 15
109 1571 255 1638 φῆται
306 1568 366 1620 τὰ
423 1568 500 1620 διὰ
553 1567 640 1634 τὴν
690 1569 907 1620 ἑκούσιον
957 1570 1112 1619 αὐτῶν
1161 1565 1460 1626 δυσβουλίαν
1510 1565 1740 1619 πάντωςο

108 1650 324 1715 ἐσόμενα,
353 1651 428 1702 διὰ
462 1657 601 1703 τοῦτο
634 1657 874 1719 προεῖπον,
907 1652 982 1703 ἵνα
1021 1653 1063 1702 οἱ
1100 1649 1329 1718 νήφοντες
1364 1647 1700 1712 διαπηδήσωσι

108 1730 218 1787 τοὺς
243 1739 326 1784 τοῦ
354 1733 584 1796 διαβόλου
608 1734 826 1802 βόθρους·
879 1732 987 1802 ἐξὸν
1014 1732 1107 1800 γὰρ
1133 1731 1322 1784 πάντως
1348 1735 1445 1784 τοῖς
1471 1728 1699 1781 ἀκούουσι

109 1816 185 1866 καὶ
212 1815 543 1885 φυλάξασθαι.
599 1815 670 1868 διὸ
697 1818 772 1868 καὶ
799 1816 1033 1882 ἀναγκαία
1058 1815 1086 1879 ἡ
1112 1812 1392 1882 πρόῤῥησις.

552 1944 685 1986 Πάλιν
717 1944 849 1997 ἑτέρου
879 1943 1092 1996 ζητήματος
1122 1943 1250 1986 λύσις.

39 2059 89 2086 20
174 2038 290 2092 “O‘n
328 2041 416 2109 οὐχ
453 2042 478 2092 ὁ
518 2041 640 2096 Θεὸς
677 2040 929 2110 ἐτύφλωσε
967 2039 1076 2094 τοὺς
1114 2039 1381 2092 Ἰουδαίους.
1440 2036 1469 2102 ἧ
1509 2035 1602 2104 γὰρ
1640 2036 1699 2088 ἂν

107 2124 212 2175 οὕτε
263 2122 431 2192 ἀπῄτει
480 2123 647 2178 αὐτοὺς
694 2123 905 2177 εὐθύνας·
974 2122 1094 2174 ὅπου
1149 2145 1204 2188 γε
1261 2122 1337 2172 καὶ
1385 2119 1446 2171 τὰ
1498 2119 1698 2171 ἀκούσια

107 2211 353 2273 συγχωρεῖ
379 2207 671 2270 πταίσματα.
727 2206 752 2256 ὁ
787 2204 835 2256 δὲ
871 2210 977 2259 νοῦς
1012 2206 1174 2258 οὕτως·
1217 2205 1280 2257 ὡς
1314 2201 1408 2269 γὰρ
1444 2200 1539 2253 ἀπὸ
1571 2206 1737 2253 &soffia
1762 2215 1851 2250 709
1869 2213 1918 2248 A.

108 2288 380 2352 λαληθέντα
417 2288 477 2339 τὰ
516 2288 703 2355 ῥήματα
747 2289 771 2339 ὁ
810 2287 1022 2342 Ἡσαΐας
1066 2285 1293 2355 προφέρει
1331 2283 1450 2336 Ἐὰν
1490 2283 1698 2351 γε’νωμαι

109 2368 356 2435 ἄνθρωπος
390 2371 465 2421 καὶ
501 2371 645 2439 οἰκείᾳ
683 2374 820 2438 φωνῇ
854 2369 1186 2436 εἶσηγήσωμαι
1222 2369 1329 2432 ὑμῖν
1352 2366 1412 2418 τὰ
1445 2369 1694 2430 λυσιτελῆ,

41 2458 89 2498 ²5
109 2450 214 2501 οὐδὲ
240 2452 386 2505 οὕτως
413 2451 644 2503 ἀκούσετέ
672 2474 776 2515 μου,
803 2450 967 2518 ὥσπερ
1000 2449 1105 2502 οὐδὲ
1141 2454 1236 2501 τῶν
1261 2452 1540 2518 προφητῶν·
1594 2447 1698 2499 οὐδὲ

108 2531 222 2583 ὅταν
247 2532 373 2597 ἴδητε
398 2532 457 2583 τὰ
483 2532 598 2599 ὑπὲρ
622 2533 772 2599 λόγον
797 2538 985 2597 σημεῖα,
1011 2531 1143 2583 οὐδὲν
1170 2533 1219 2583 ἐκ
1250 2536 1334 2582 τοῦ
1361 2533 1472 2581 ἰδεῖν
1499 2532 1694 2598 ὠφελη-

160 2672 190 2703 1,
211 2671 229 2695 2
249 2660 329 2695 dedi
347 2672 388 2695 ex
406 2672 436 2695 a.
650 2669 716 2706 3-5
735 2666 918 2705 assumpta
935 2672 977 2694 ex
995 2671 1015 2694 a
1032 2660 1092 2694 fol.
1112 2667 1192 2703 545.
1212 2658 1288 2693 Cat.
1310 2658 1409 2692 Harl.
1428 2657 1465 2691 in
1482 2669 1554 2701 mg.
1606 2655 1698 2691 Sunt

110 2719 285 2753 anonyma
301 2707 335 2741 in
355 2708 379 2741 k
396 2707 457 2741 fol.
475 2715 532 2752 97.
675 2718 709 2751 3.
735 2707 771 2741 δὲ
790 2707 886 2741 deest
902 2707 940 2740 in
959 2706 1035 2740 Cat.
1056 2705 1158 2739 Harl.
1318 2716 1351 2746 4.
1378 2704 1431 2737 καὶ
1449 2703 1546 2737 deest
1562 2703 1599 2737 in
1619 2703 1696 2738 Cat.

112 2754 214 2789 Harl.
354 2753 441 2788 6-11
464 2753 544 2788 dedi
561 2765 578 2787 e
595 2753 630 2788 k.
648 2753 786 2788 favente
803 2765 835 2788 a.
852 2752 1050 2798 τετύφλωκε
1066 2753 1132 2798 γάρ
1150 2752 1260 2796 φησιν
1276 2751 1385 2785 αὐτῶν
1402 2751 1478 2785 τοὺς
1496 2749 1698 2794 ὀφθαλμούς

112 2800 181 2836 Ed.
386 2801 419 2835 8.
444 2802 551 2835 πάλαι
571 2799 651 2845 (sic)
670 2801 706 2834 k.
911 2810 964 2834 12.
991 2800 1022 2832 οἱ
1039 2811 1110 2833 om.
1128 2798 1197 2832 a.k.
1411 2808 1535 2839 12-14.
1562 2796 1618 2831 Cf.
1638 2796 1696 2830 hic

112 2855 147 2882 et
171 2847 253 2882 alibi
270 2847 451 2882 Ammonii
476 2847 608 2881 scholia
632 2847 668 2880 in
690 2845 797 2882 Cord.
816 2846 866 2891 (p.
880 2856 960 2892 321,
986 2845 1066 2890 διο.)
1085 2845 1132 2880 D.
1148 2843 1318 2890 Cyrillum
1343 2843 1491 2878 fortasse
1515 2843 1696 2877 imitanti&

115 2903 171 2929 21.
197 2893 340 2928 ἀκούσια
356 2894 426 2929 a.k.
443 2893 582 2928 ἑκούσια
600 2892 677 2927 Cat.
697 2892 798 2928 Harl.
814 2892 882 2929 Ed.
979 2903 1034 2928 22.
1058 2892 1125 2927 ἀπὸ
1144 2892 1233 2925 Θεοῦ
1249 2892 1315 2937 γὰρ
1332 2890 1472 2925 inverso
1488 2889 1611 2925 ordine
1627 2890 1697 2924 a.k.

116 2950 172 2983 24.
197 2939 415 2986 ἐξηγήσωμαι
433 2940 579 2985 (errore)
597 2939 692 2974 Aub.
