2037 3266
306 108 390 149 388
706 101 759 150 Β.
791 109 1068 151 CYRILLI
1110 109 1496 150 ALEXANDR.
1723 110 1895 165 xiii-35·

387 220 482 268 Καὶ
526 217 620 283 μὴν
665 219 899 286 ὀρθότατά
951 242 1004 285 γε
1055 217 1092 270 ὦ
1135 224 1235 283 τᾶν,
1281 221 1472 286 ἐροῦμεν
1513 220 1655 283 ἡμεῖς,
1699 218 1782 270 τὸν
1825 219 1900 271 ἐπὶ

309 298 489 355 τούτοις
515 300 693 352 ἐποίσω
719 301 884 368 λόγον.
940 301 1118 367 καρπὸς
1141 300 1235 367 γὰρ
1261 301 1425 355 οὐσίας
1455 303 1538 364 τῆς
1573 299 1814 362 ἀνωτάτω,
1841 300 1902 353 τὰ

309 381 434 436 ἰδίως
475 405 525 434 τε
566 385 642 434 καὶ
683 384 850 450 κυρίως
889 382 1267 453 προσπεφυκότα
1306 383 1440 451 αὐτῇ.
1506 383 1617 434 ἀλλ’
1658 382 1762 434 ε”στι
1800 406 1903 438 πως

309 463 616 531 δοκιμάζοντα
641 467 854 527 κατιδεῖν,
882 464 952 516 ὅτι
983 469 1080 517 πᾶν
1107 464 1227 519 εἶδος
1260 467 1426 532 ἀρετῆς
1459 467 1542 529 τῆς
1576 464 1764 530 ἀγάπης
1799 465 1903 516 ἐστὶ

309 545 725 612 συμπληρωτικὸν,
751 548 827 597 καὶ
854 551 963 610 πᾶν,
990 545 1105 613 ὅπερ
1131 544 1188 598 ἂν
1214 548 1372 611 δοκοίη
1397 570 1466 601 τις
1498 544 1611 598 εἶναι
1639 547 1898 613 κατορθού-
1920 561 1944 601 5

305 651 448 691 μενον
486 627 684 694 ἀγαθὸν,
727 632 789 682 εἷς
827 627 971 692 αὐτὴν
1011 630 1098 697 ὁρᾷ
1135 651 1235 682 πως
1274 630 1350 680 καὶ
1387 629 1656 696 τέτραπται.
1713 628 1790 679 διά
1829 652 1902 680 τοι

307 716 446 761 τοῦτο
473 711 753 777 προῦχουσα
776 709 860 774 μὲν
887 708 1053 774 ἐντολὴ
1091 713 1165 761 καὶ
1199 710 1364 777 πρώτη
1398 710 1518 762 κατὰ
1543 711 1625 762 τὸν
1651 710 1814 776 νόμον,
1845 709 1900 763 τὸ

84 785 500 869 Ξξέἒζῗοῆἀγαπᾶν
532 794 635 843 ἐστι
671 792 848 859 Κύριον
888 792 970 843 τὸν
1003 792 1128 843 Θεὸν
1166 793 1223 861 ἐξ
1259 792 1374 857 ὅλης
1412 796 1495 857 τῆς
1535 796 1694 861 ψυχῆς
1733 795 1809 844 καὶ
1847 793 1904 862 ἐξ

307 872 424 939 ὅλης
449 877 531 938 τῆς
566 873 757 940 καρδίας
789 876 863 925 καὶ
898 875 954 943 ἐξ
987 873 1102 938 ὅλης
1136 877 1218 938 τῆς
1254 874 1472 928 διανοίας·
1519 875 1707 941 δευτέρα
1741 874 1789 926 δὲ
1824 877 1901 927 καὶ

306 955 492 1024 ἀδελφὴ
525 958 599 1007 καὶ
635 957 802 1022 γείτων
829 958 975 1024 ἐκείνῃ
1011 957 1038 1020 ἡ
1075 960 1137 1010 εἰς
1171 955 1253 1007 τὸν
1278 957 1488 1021 πλησίον
1515 956 1678 1022 ἀγάπη
1704 956 1902 1021 σύμπαν
1923 979 1972 1006 10

305 1037 484 1104 ἔχουσα
527 1044 610 1089 τοῦ
657 1037 800 1102 νόμου
846 1037 900 1089 τὸ
950 1037 1204 1104 πλήρωμα.
1281 1040 1356 1089 καὶ
1403 1044 1521 1104 γοῦν
1571 1039 1596 1089 ὁ
1649 1039 1901 1094 θεσπέσιος

307 1122 518 1182 Παῦλος,
544 1123 605 1173 εἷς
641 1126 779 1171 τοῦτο
814 1120 1314 1188 συγκεφαλαιούμενος
1349 1119 1544 1172 ἅπασαν
1575 1119 1772 1185 ἐντολὴν
1795 1122 1896 1172 ἐπι-

84 1195 180 1245 R..0.m·

82 1249 150 1270 xm.
168 1249 198 1280 9,

86 1292 133 1313 10.
306 1291 332 1312 6(

306 1199 504 1253 στέλλει
532 1209 558 1231 “
580 1201 651 1253 Τὸ
690 1201 784 1268 γὰρ
823 1203 876 1253 οὐ
914 1202 1193 1269 μοιχεύσεις,
1230 1203 1283 1252 οὐ
1322 1202 1582 1271 φονεύσεις,
1617 1203 1700 1253 οὐκ
1737 1204 1895 1270 ἐπιορ-

360 1282 533 1348 κήσεις,
568 1286 642 1335 καὶ
678 1284 721 1334 εἴ
754 1307 821 1338 τις
857 1285 989 1351 ἑτέρα
1025 1286 1154 1335 ἐστὶν
1184 1283 1365 1348 ἐντολὴ,
1393 1285 1441 1334 ἐν
1475 1283 1626 1353 τούτῳ
1663 1288 1730 1354 τῷ
1768 1283 1901 1355 λόγῳ

306 1373 331 1394 “
360 1368 802 1434 ἀνακεφαλαιοῦται,
841 1368 889 1417 ἐν
927 1370 993 1435 τῷ
1032 1365 1295 1432 ἀγαπήσεις
1334 1365 1416 1416 τὸν
1454 1367 1665 1429 πλησίον
1703 1389 1795 1418 σου
1838 1368 1900 1422 ὡς
1922 1386 1970 1425 15

266 1462 288 1487 Θ
307 1454 332 1476 “
360 1447 541 1498 ἑαυτόν·
588 1449 827 1514 πλήρωμα
855 1449 935 1500 οὖν
963 1447 1106 1512 νόμου
1133 1449 1160 1512 ἡ
1188 1447 1392 1514 ἀγάπη.”
1434 1447 1505 1499 ὅτι
1532 1447 1579 1499 δὲ
1608 1451 1681 1499 καὶ
1709 1447 1900 1513 ἁπάσης

305 1532 471 1596 ἀρετῆς
511 1530 634 1581 ἰδέαν
673 1530 786 1581 ε’ίσω
825 1535 919 1581 τῶν
954 1530 1131 1582 οἰκείων
1167 1531 1289 1596 ὅρων
1324 1529 1594 1595 ἐποιήσατο,
1626 1530 1812 1598 συνέχει
1851 1529 1902 1582 δὲ

304 1609 469 1678 ὥσπερ
508 1611 739 1678 ἀγκάλαις
778 1614 959 1664 ἑλοῦσα
997 1612 1056 1663 τά
1094 1612 1263 1678 ἀγαθὰ,
1292 1616 1488 1666 Παῦλος
1522 1611 1670 1664 πάλιν
1700 1612 1838 1667 αὐτὸς
1875 1615 1901 1664 ὃ

80 1696 189 1780 23⁰2·
212 1748 240 1780 5·
304 1694 588 1763 σοφώτατος
613 1694 979 1761 ἐπιμαρτυρήσει
1006 1699 1134 1756 βοῶν
1155 1702 1181 1724 “
1197 1696 1261 1745 ‘H
1285 1694 1448 1760 ἀγάπη
1476 1696 1528 1745 οὐ
1554 1694 1901 1762 περπερεύεται,

187 1764 195 1778 ,
304 1785 330 1806 “
355 1779 408 1828 οὐ
444 1783 710 1846 φυσιοῦται,
738 1779 822 1828 οὐκ
856 1779 1132 1844 ἀσχημονεῖ,
1159 1778 1211 1827 οὐ
1247 1777 1374 1843 ζητεῖ
1403 1776 1463 1827 τὰ
1498 1777 1704 1840 ἑαυτῆς,”
1734 1780 1810 1828 καὶ
1841 1777 1901 1829 τὰ
1921 1797 1971 1824 20

303 1858 482 1913 τούτοις
508 1859 797 1923 συνημμένα·
825 1858 1007 1926 μακρὸν
1029 1859 1122 1925 γὰρ
1146 1863 1286 1910 εἰπεῖν
1312 1862 1394 1922 τῆς
1421 1857 1607 1924 ἀγάπης
1635 1859 1690 1910 τὸ
1715 1859 1900 1926 μέτρον.

302 1941 466 1996 ἄλλως
500 1941 554 1992 τέ
586 1947 707 2010 φημι
747 1941 804 2005 δὴ
840 1941 1056 2005 μάλιστα
1090 1940 1281 2007 πρέπειν
1310 1964 1359 1992 τε
1392 1944 1467 1992 καὶ
1499 1940 1773 2009 ἐνυπάρχειν
1807 1947 1902 1996 τοῖς

304 2025 495 2088 ἀγαπᾶν
522 2023 773 2087 ἑλομένοις,
800 2024 869 2074 ὅτι
897 2027 1114 2089 Χριστοῦ
1141 2022 1367 2088 γεγόνασι
1393 2025 1598 2087 μαθηταὶ
1625 2028 1720 2076 τοῖς
1752 2024 1902 2074 ἁπαν-

81 2122 165 2158 753
179 2121 229 2156 A.
267 2105 483 2173 ειταχόσε
510 2104 834 2172 γνωρίζεσθαι,
862 2104 915 2156 τὸ
946 2109 1012 2175 τῷ
1046 2105 1273 2174 στεφάνῳ
1307 2107 1390 2169 τῆς
1424 2104 1611 2171 ἀγάπης
1640 2104 1899 2168 ἐπισεμνύ-

305 2193 484 2251 νεσθαι,
519 2190 592 2239 καὶ
633 2187 846 2253 καθάπερ
884 2210 928 2237 τι
967 2186 1244 2252 σήμαντρον
1279 2186 1587 2253 ἐπιφέρεσθαι
1626 2192 1708 2237 τοῦ
1745 2186 1898 2253 πράγ-
1922 2203 1971 2242 25

304 2292 450 2332 ματος
489 2269 574 2332 τὴν
611 2269 956 2337 φιλαλληλίαν·
1003 2274 1086 2319 τοῦ
1126 2266 1175 2317 δὲ
1215 2267 1270 2331 δὴ
1309 2267 1461 2334 χάριν,
1490 2270 1566 2318 καὶ
1604 2267 1743 2319 τοῦτό
1777 2273 1901 2336 φημι

304 2349 379 2400 διὰ
408 2350 637 2418 βραχέων.
691 2348 782 2417 ἀρα
816 2349 909 2416 γὰρ
944 2350 986 2400 εἴ
1018 2372 1085 2402 τις
1117 2353 1212 2400 τῶν
1238 2350 1345 2400 καθ’
1373 2350 1492 2412 ἡμᾶς
1523 2348 1896 2416 χαλκουργικὴν,

305 2432 450 2498 ἤγουν
475 2432 559 2497 τὴν
586 2433 795 2502 ὑφάντου
821 2431 954 2500 μετίῃ
980 2431 1163 2499 τέχνην,
1189 2431 1272 2481 οὐκ
1300 2429 1356 2481 ἀν
1384 2432 1548 2500 ὁρῷτο,
1577 2433 1653 2482 καὶ
1684 2430 1901 2495 μάλιστα

306 2519 491 2583 σαφῶς,
523 2516 584 2569 ὡς
619 2514 924 2581 χαλκοτύπου
959 2511 1096 2575 τινος,
1136 2511 1164 2577 ἢ
1205 2511 1415 2582 ὑφάντου
1453 2510 1617 2579 γέγονε
1655 2512 1899 2577 μαθητής;

305 2598 353 2648 τί
377 2596 425 2648 δὲ
451 2599 476 2647 ὁ
504 2599 766 2660 τεκτονικῆς
792 2596 1028 2661 ἐμπειρίας
1055 2595 1137 2645 οὐκ
1164 2596 1371 2661 ἀμοιρῶν
1393 2617 1405 2656 3
1449 2595 1533 2645 οὐκ
1559 2593 1651 2661 ἀρα
1681 2594 1902 2659 βοήσειεν
1922 2614 1972 2651 30

306 2678 363 2729 ἂν
390 2677 463 2729 διὰ
490 2683 627 2729 τοῦτο
654 2676 885 2729 δύνασθαι
910 2680 1171 2744 κατορθοῦν
1197 2675 1256 2727 τὰ
1288 2678 1337 2727 ἐν
1363 2680 1421 2744 τῇ
1457 2675 1595 2744 τέχνῃ
1631 2680 1802 2738 καλῶς,
1829 2675 1901 2728 ὅτι

356 2834 384 2869 7,
411 2823 550 2867 ἐντολὴν
568 2823 608 2857 Ε.
806 2835 837 2866 9.
867 2822 897 2855 A
916 2823 974 2865 τῆς
991 2821 1034 2855 ad
1054 2823 1110 2865 τῆς
1128 2822 1278 2855 transilit
1299 2822 1337 2856 Ε.
1413 2820 1577 2866 διανοίας]
1605 2827 1635 2859 -4-
1662 2835 1727 2855 σου
1745 2821 1785 2854 Ε.
1861 2821 1897 2854 δέ

307 2876 528 2914 assumptum
547 2882 588 2903 ex
608 2869 649 2903 E.
830 2880 882 2902 12.
911 2871 1009 2902 τοῦτο
1030 2869 1069 2902 E.
1089 2868 1212 2911 ταύτην
1232 2868 1296 2902 Ed.
1467 2868 1520 2902 26.
1547 2868 1635 2913 φημὶ
1656 2867 1696 2901 Ε.
1715 2868 1797 2910 μημὶ
1817 2867 1898 2911 (sic)

308 2916 374 2950 lid.
394 2932 447 2961 γρ.
469 2915 605 2960 μηνύσω
627 2915 691 2949 Ed.
712 2927 781 2960 mg,
