<?xml version="1.0" encoding="UTF-8"?>
<!DOCTYPE html PUBLIC "-//W3C//DTD XHTML 1.0 Transitional//EN"
    "http://www.w3.org/TR/xhtml1/DTD/xhtml1-transitional.dtd">
<html xmlns="http://www.w3.org/1999/xhtml" xml:lang="en" lang="en">
 <head>
  <title>
</title>
<meta http-equiv="Content-Type" content="text/html;charset=utf-8" />
  <meta name='ocr-system' content='tesseract 3.04.00' />
  <meta name='ocr-capabilities' content='ocr_page ocr_carea ocr_par ocr_line ocrx_word'/>
</head>
<body>
  <div class='ocr_page' id='page_1' title='image "./operacyrilli04cyriuoft/operacyrilli04cyriuoft_0364.png"; bbox 0 0 2037 3266; ppageno 0'>
   <div class='ocr_carea' id='block_1_1' title="bbox 288 122 1874 175">
    <p class='ocr_par' dir='ltr' id='par_1_1' title="bbox 288 122 1874 175">
     <span class='ocr_line' id='line_1_1' title="bbox 288 122 1874 175; baseline -0.001 -14"><span class='ocrx_word' id='word_1_1' title='bbox 288 122 372 161; x_wconf 80' lang='lat'>352</span> <span class='ocrx_word' id='word_1_2' title='bbox 690 123 740 164; x_wconf 90' lang='lat' dir='ltr'>B.</span> <span class='ocrx_word' id='word_1_3' title='bbox 774 123 1054 164; x_wconf 85' lang='lat' dir='ltr'>CYRILLI</span> <span class='ocrx_word' id='word_1_4' title='bbox 1093 124 1477 166; x_wconf 86' lang='lat' dir='ltr'><strong>ALEXANDR.</strong></span> <span class='ocrx_word' id='word_1_5' title='bbox 1614 124 1874 175; x_wconf 74' lang='lat' dir='ltr'><strong>xiii.12—15.</strong></span> 
     </span>
    </p>
   </div>
   <div class='ocr_carea' id='block_1_2' title="bbox 220 264 1917 743">
    <p class='ocr_par' dir='ltr' id='par_1_2' title="bbox 220 264 1917 743">
     <span class='ocr_line' id='line_1_2' title="bbox 222 264 1874 321; baseline 0.001 -14"><span class='ocrx_word' id='word_1_6' title='bbox 222 265 389 308; x_wconf 79' lang='lat' dir='ltr'><strong>12‘&#39;O†e</strong></span> <span class='ocrx_word' id='word_1_7' title='bbox 427 264 500 309; x_wconf 79' lang='grc' dir='ltr'>οὖν</span> <span class='ocrx_word' id='word_1_8' title='bbox 532 267 654 318; x_wconf 79' lang='grc' dir='ltr'>ἔνιψε</span> <span class='ocrx_word' id='word_1_9' title='bbox 691 269 789 311; x_wconf 86' lang='grc' dir='ltr'>τοὺς</span> <span class='ocrx_word' id='word_1_10' title='bbox 827 269 964 312; x_wconf 70' lang='grc' dir='ltr'>πόδας</span> <span class='ocrx_word' id='word_1_11' title='bbox 1001 271 1086 312; x_wconf 78' lang='grc' dir='ltr'>τῶν</span> <span class='ocrx_word' id='word_1_12' title='bbox 1125 271 1329 320; x_wconf 80' lang='grc' dir='ltr'>μοιθΗτὼν</span> <span class='ocrx_word' id='word_1_13' title='bbox 1370 271 1438 312; x_wconf 80' lang='grc' dir='ltr'>καὶ</span> <span class='ocrx_word' id='word_1_14' title='bbox 1473 271 1602 321; x_wconf 81' lang='grc' dir='ltr'>ἔλαβε</span> <span class='ocrx_word' id='word_1_15' title='bbox 1638 271 1691 312; x_wconf 83' lang='grc' dir='ltr'>τὰ</span> <span class='ocrx_word' id='word_1_16' title='bbox 1730 267 1874 318; x_wconf 77' lang='grc' dir='ltr'>ἱμάτια</span> 
     </span>
     <span class='ocr_line' id='line_1_3' title="bbox 357 350 1874 405; baseline 0.001 -14"><span class='ocrx_word' id='word_1_17' title='bbox 357 350 487 391; x_wconf 80' lang='grc' dir='ltr'>αὑτοῦ</span> <span class='ocrx_word' id='word_1_18' title='bbox 521 351 588 392; x_wconf 77' lang='grc' dir='ltr'>καὶ</span> <span class='ocrx_word' id='word_1_19' title='bbox 623 352 808 395; x_wconf 72' lang='grc' dir='ltr'>ἀνέπεσε</span> <span class='ocrx_word' id='word_1_20' title='bbox 839 355 979 405; x_wconf 76' lang='grc' dir='ltr'>πάλιν,</span> <span class='ocrx_word' id='word_1_21' title='bbox 1006 350 1124 395; x_wconf 80' lang='grc' dir='ltr'>εἶπεν</span> <span class='ocrx_word' id='word_1_22' title='bbox 1151 354 1294 397; x_wconf 79' lang='grc' dir='ltr'>αὐτοῖς</span> <span class='ocrx_word' id='word_1_23' title='bbox 1323 353 1558 396; x_wconf 77' lang='grc' dir='ltr'>Γινώσκετε</span> <span class='ocrx_word' id='word_1_24' title='bbox 1588 353 1628 395; x_wconf 80' lang='grc' dir='ltr'>τί</span> <span class='ocrx_word' id='word_1_25' title='bbox 1658 352 1874 394; x_wconf 81' lang='grc' dir='ltr'>πεποίΗκοι</span> 
     </span>
     <span class='ocr_line' id='line_1_4' title="bbox 221 431 1873 494; baseline 0.001 -20"><span class='ocrx_word' id='word_1_26' title='bbox 221 434 266 470; x_wconf 84' lang='grc' dir='ltr'>Ῑ3</span> <span class='ocrx_word' id='word_1_27' title='bbox 357 431 482 487; x_wconf 72' lang='grc' dir='ltr'>ὑμῖν;</span> <span class='ocrx_word' id='word_1_28' title='bbox 530 433 648 484; x_wconf 85' lang='grc' dir='ltr'>ὑμεῖς</span> <span class='ocrx_word' id='word_1_29' title='bbox 693 433 881 491; x_wconf 70' lang='grc' dir='ltr'>φωνεῖτέ</span> <span class='ocrx_word' id='word_1_30' title='bbox 923 452 975 485; x_wconf 86' lang='grc' dir='ltr'>με</span> <span class='ocrx_word' id='word_1_31' title='bbox 1006 436 1062 478; x_wconf 76' lang='lat' dir='ltr'>‘O</span> <span class='ocrx_word' id='word_1_32' title='bbox 1110 438 1254 494; x_wconf 83' lang='grc' dir='ltr'>κύριος</span> <span class='ocrx_word' id='word_1_33' title='bbox 1298 436 1365 478; x_wconf 81' lang='grc' dir='ltr'>κοιὶ</span> <span class='ocrx_word' id='word_1_34' title='bbox 1414 437 1437 479; x_wconf 83' lang='grc' dir='ltr'>ὁ</span> <span class='ocrx_word' id='word_1_35' title='bbox 1486 436 1759 486; x_wconf 68' lang='grc' dir='ltr'>διδάσκαλος,</span> <span class='ocrx_word' id='word_1_36' title='bbox 1805 435 1873 475; x_wconf 77' lang='grc' dir='ltr'>καὶ</span> 
     </span>
     <span class='ocr_line' id='line_1_5' title="bbox 221 517 1873 576; baseline 0.001 -19"><span class='ocrx_word' id='word_1_37' title='bbox 221 521 267 556; x_wconf 87' lang='lat'>14</span> <span class='ocrx_word' id='word_1_38' title='bbox 357 518 501 559; x_wconf 78' lang='grc' dir='ltr'>καλῶς</span> <span class='ocrx_word' id='word_1_39' title='bbox 538 520 695 570; x_wconf 75' lang='grc' dir='ltr'>λέι-ετε,</span> <span class='ocrx_word' id='word_1_40' title='bbox 722 517 805 567; x_wconf 81' lang='grc' dir='ltr'>εἰμί</span> <span class='ocrx_word' id='word_1_41' title='bbox 844 520 936 576; x_wconf 78' lang='grc' dir='ltr'>Γάρ.</span> <span class='ocrx_word' id='word_1_42' title='bbox 985 518 1021 561; x_wconf 82' lang='grc' dir='ltr'>εἰ</span> <span class='ocrx_word' id='word_1_43' title='bbox 1059 518 1132 562; x_wconf 75' lang='grc' dir='ltr'>οὖν</span> <span class='ocrx_word' id='word_1_44' title='bbox 1164 521 1248 568; x_wconf 56' lang='lat' dir='ltr'>esd)</span> <span class='ocrx_word' id='word_1_45' title='bbox 1284 521 1411 571; x_wconf 75' lang='grc' dir='ltr'>ἔνιψα</span> <span class='ocrx_word' id='word_1_46' title='bbox 1450 520 1568 569; x_wconf 81' lang='grc' dir='ltr'>ὑμῶν</span> <span class='ocrx_word' id='word_1_47' title='bbox 1598 519 1697 561; x_wconf 83' lang='grc' dir='ltr'>τοὺς</span> <span class='ocrx_word' id='word_1_48' title='bbox 1735 518 1873 562; x_wconf 71' lang='grc' dir='ltr'>πόδας</span> 
     </span>
     <span class='ocr_line' id='line_1_6' title="bbox 241 595 1917 660; baseline 0 -19"><span class='ocrx_word' id='word_1_49' title='bbox 241 595 269 636; x_wconf 82' lang='lat' dir='ltr'>b</span> <span class='ocrx_word' id='word_1_50' title='bbox 354 601 376 642; x_wconf 87' lang='grc' dir='ltr'>ὀ</span> <span class='ocrx_word' id='word_1_51' title='bbox 430 600 579 659; x_wconf 85' lang='grc' dir='ltr'>Κύριος</span> <span class='ocrx_word' id='word_1_52' title='bbox 630 602 698 643; x_wconf 81' lang='grc' dir='ltr'>κοιί</span> <span class='ocrx_word' id='word_1_53' title='bbox 745 602 768 643; x_wconf 84' lang='grc' dir='ltr'><strong>ὁ</strong></span> <span class='ocrx_word' id='word_1_54' title='bbox 817 601 1089 654; x_wconf 70' lang='grc' dir='ltr'>διδάσκαλος,</span> <span class='ocrx_word' id='word_1_55' title='bbox 1133 603 1201 644; x_wconf 82' lang='grc' dir='ltr'>κοιὶ</span> <span class='ocrx_word' id='word_1_56' title='bbox 1250 601 1369 653; x_wconf 83' lang='grc' dir='ltr'>ὑμεῖς</span> <span class='ocrx_word' id='word_1_57' title='bbox 1417 603 1618 660; x_wconf 82' lang='grc' dir='ltr'>ὀφείλετε</span> <span class='ocrx_word' id='word_1_58' title='bbox 1667 602 1917 650; x_wconf 62' lang='grc' dir='ltr'>ἀλλήλων5</span> 
     </span>
     <span class='ocr_line' id='line_1_7' title="bbox 220 681 1873 743; baseline 0.001 -19"><span class='ocrx_word' id='word_1_59' title='bbox 220 681 267 718; x_wconf 86' lang='grc' dir='ltr'>Ι5</span> <span class='ocrx_word' id='word_1_60' title='bbox 355 682 514 725; x_wconf 81' lang='grc' dir='ltr'>νίπτειν</span> <span class='ocrx_word' id='word_1_61' title='bbox 552 684 651 726; x_wconf 81' lang='grc' dir='ltr'>τοὺς</span> <span class='ocrx_word' id='word_1_62' title='bbox 688 684 840 727; x_wconf 71' lang='grc' dir='ltr'>πόδας.</span> <span class='ocrx_word' id='word_1_63' title='bbox 888 685 1124 734; x_wconf 71' lang='grc' dir='ltr'>ὑπόδειτμοι</span> <span class='ocrx_word' id='word_1_64' title='bbox 1164 686 1242 743; x_wconf 70' lang='grc' dir='ltr'>τὰρ</span> <span class='ocrx_word' id='word_1_65' title='bbox 1281 686 1450 730; x_wconf 72' lang='grc' dir='ltr'>δέδωκα</span> <span class='ocrx_word' id='word_1_66' title='bbox 1489 684 1583 736; x_wconf 78' lang='grc' dir='ltr'>ὑμῖν</span> <span class='ocrx_word' id='word_1_67' title='bbox 1622 687 1691 728; x_wconf 77' lang='grc' dir='ltr'>ἵνα</span> <span class='ocrx_word' id='word_1_68' title='bbox 1730 685 1873 726; x_wconf 80' lang='grc' dir='ltr'>καθὼς</span> 
     </span>
    </p>
   </div>
   <div class='ocr_carea' id='block_1_3' title="bbox 352 765 1257 817">
    <p class='ocr_par' dir='ltr' id='par_1_3' title="bbox 352 765 1257 817">
     <span class='ocr_line' id='line_1_8' title="bbox 352 765 1257 817; baseline 0.004 -10"><span class='ocrx_word' id='word_1_69' title='bbox 352 765 536 809; x_wconf 79' lang='grc' dir='ltr'>ε’ποίΗσοι</span> <span class='ocrx_word' id='word_1_70' title='bbox 574 765 669 816; x_wconf 82' lang='grc' dir='ltr'>ὑμῖν</span> <span class='ocrx_word' id='word_1_71' title='bbox 707 768 792 815; x_wconf 63' lang='grc' dir='ltr'>ἐγὼ</span> <span class='ocrx_word' id='word_1_72' title='bbox 831 768 899 809; x_wconf 77' lang='grc' dir='ltr'>καὶ</span> <span class='ocrx_word' id='word_1_73' title='bbox 936 766 1054 817; x_wconf 85' lang='grc' dir='ltr'>ὑμεῖς</span> <span class='ocrx_word' id='word_1_74' title='bbox 1092 774 1257 811; x_wconf 65' lang='grc' dir='ltr'>ποιῆτε.</span> 
     </span>
    </p>
   </div>
   <div class='ocr_carea' id='block_1_4' title="bbox 241 879 1945 2673">
    <p class='ocr_par' dir='ltr' id='par_1_4' title="bbox 284 879 1945 1198">
     <span class='ocr_line' id='line_1_9' title="bbox 359 879 1874 949; baseline 0.004 -19"><span class='ocrx_word' id='word_1_75' title='bbox 359 879 667 949; x_wconf 81' lang='grc' dir='ltr'>Ἀναφανδὸν</span> <span class='ocrx_word' id='word_1_76' title='bbox 694 881 783 947; x_wconf 76' lang='grc' dir='ltr'>ἤδη</span> <span class='ocrx_word' id='word_1_77' title='bbox 816 883 939 949; x_wconf 75' lang='grc' dir='ltr'>φησὶ</span> <span class='ocrx_word' id='word_1_78' title='bbox 974 881 1060 946; x_wconf 86' lang='grc' dir='ltr'>τὴν</span> <span class='ocrx_word' id='word_1_79' title='bbox 1085 888 1168 933; x_wconf 87' lang='grc' dir='ltr'>τοῦ</span> <span class='ocrx_word' id='word_1_80' title='bbox 1192 883 1471 949; x_wconf 87' lang='grc' dir='ltr'>πράγματος</span> <span class='ocrx_word' id='word_1_81' title='bbox 1496 884 1661 943; x_wconf 81' lang='grc' dir='ltr'>αἰτίαν,</span> <span class='ocrx_word' id='word_1_82' title='bbox 1690 885 1764 934; x_wconf 75' lang='grc' dir='ltr'>καὶ</span> <span class='ocrx_word' id='word_1_83' title='bbox 1791 885 1874 945; x_wconf 78' lang='grc' dir='ltr'>τῆς</span> 
     </span>
     <span class='ocr_line' id='line_1_10' title="bbox 285 962 1874 1033; baseline 0.003 -20"><span class='ocrx_word' id='word_1_84' title='bbox 285 963 575 1029; x_wconf 78' lang='grc' dir='ltr'>ἀσυγκρίτου</span> <span class='ocrx_word' id='word_1_85' title='bbox 620 964 1061 1032; x_wconf 79' lang='grc' dir='ltr'>ταπεινοφροσύνης</span> <span class='ocrx_word' id='word_1_86' title='bbox 1104 964 1159 1016; x_wconf 77' lang='grc' dir='ltr'>τὸ</span> <span class='ocrx_word' id='word_1_87' title='bbox 1202 962 1475 1033; x_wconf 55' lang='grc' dir='ltr'>ὑπόδειγμα,</span> <span class='ocrx_word' id='word_1_88' title='bbox 1521 969 1604 1028; x_wconf 79' lang='grc' dir='ltr'>τῆς</span> <span class='ocrx_word' id='word_1_89' title='bbox 1646 969 1708 1019; x_wconf 79' lang='grc' dir='ltr'>εἰς</span> <span class='ocrx_word' id='word_1_90' title='bbox 1753 966 1874 1029; x_wconf 84' lang='grc' dir='ltr'>ἡμᾶς</span> 
     </span>
     <span class='ocr_line' id='line_1_11' title="bbox 286 1043 1945 1115; baseline 0.001 -21"><span class='ocrx_word' id='word_1_91' title='bbox 286 1043 437 1095; x_wconf 79' lang='grc' dir='ltr'>ἕνεκεν</span> <span class='ocrx_word' id='word_1_92' title='bbox 463 1046 695 1114; x_wconf 86' lang='grc' dir='ltr'>ὠφελείας</span> <span class='ocrx_word' id='word_1_93' title='bbox 731 1047 1028 1110; x_wconf 81' lang='grc' dir='ltr'>πεποιῆσθαί</span> <span class='ocrx_word' id='word_1_94' title='bbox 1059 1051 1224 1115; x_wconf 91' lang='grc' dir='ltr'>φησιν·</span> <span class='ocrx_word' id='word_1_95' title='bbox 1265 1047 1630 1113; x_wconf 81' lang='grc' dir='ltr'>ἀναπολόγητον</span> <span class='ocrx_word' id='word_1_96' title='bbox 1654 1046 1701 1098; x_wconf 77' lang='grc' dir='ltr'>δὲ</span> <span class='ocrx_word' id='word_1_97' title='bbox 1735 1047 1789 1097; x_wconf 85' lang='grc' dir='ltr'>τὸ</span> <span class='ocrx_word' id='word_1_98' title='bbox 1824 1048 1873 1097; x_wconf 88' lang='grc' dir='ltr'>ἐκ</span> <span class='ocrx_word' id='word_1_99' title='bbox 1896 1072 1945 1096; x_wconf 94' lang='lat'>10</span> 
     </span>
     <span class='ocr_line' id='line_1_12' title="bbox 284 1128 1874 1198; baseline 0.001 -21"><span class='ocrx_word' id='word_1_100' title='bbox 284 1129 367 1190; x_wconf 83' lang='grc' dir='ltr'>τῆς</span> <span class='ocrx_word' id='word_1_101' title='bbox 395 1128 657 1196; x_wconf 79' lang='grc' dir='ltr'>ὑπεροψίας</span> <span class='ocrx_word' id='word_1_102' title='bbox 684 1128 901 1194; x_wconf 76' lang='grc' dir='ltr'>ἔγκλημα</span> <span class='ocrx_word' id='word_1_103' title='bbox 927 1131 1079 1191; x_wconf 72' lang='grc' dir='ltr'>τιθεὶς,</span> <span class='ocrx_word' id='word_1_104' title='bbox 1106 1130 1369 1196; x_wconf 79' lang='grc' dir='ltr'>ἀναγκαίως</span> <span class='ocrx_word' id='word_1_105' title='bbox 1397 1131 1602 1198; x_wconf 72' lang='grc' dir='ltr'>εἰσφέρει</span> <span class='ocrx_word' id='word_1_106' title='bbox 1637 1135 1720 1180; x_wconf 83' lang='grc' dir='ltr'>τοῦ</span> <span class='ocrx_word' id='word_1_107' title='bbox 1758 1129 1874 1179; x_wconf 81' lang='grc' dir='ltr'>ἰδίου</span> 
     </span>
    </p>

    <p class='ocr_par' dir='ltr' id='par_1_5' title="bbox 245 1208 1943 1932">
     <span class='ocr_line' id='line_1_13' title="bbox 245 1208 1874 1282; baseline 0.001 -21"><span class='ocrx_word' id='word_1_108' title='bbox 245 1208 549 1275; x_wconf 79' lang='grc' dir='ltr'>οπροσώπου</span> <span class='ocrx_word' id='word_1_109' title='bbox 587 1208 642 1261; x_wconf 78' lang='grc' dir='ltr'>τὸ</span> <span class='ocrx_word' id='word_1_110' title='bbox 680 1211 948 1279; x_wconf 81' lang='grc' dir='ltr'>περιφανές.</span> <span class='ocrx_word' id='word_1_111' title='bbox 1005 1213 1053 1262; x_wconf 88' lang='grc' dir='ltr'>ἐν</span> <span class='ocrx_word' id='word_1_112' title='bbox 1079 1211 1172 1278; x_wconf 79' lang='grc' dir='ltr'>γὰρ</span> <span class='ocrx_word' id='word_1_113' title='bbox 1208 1212 1264 1276; x_wconf 83' lang='grc' dir='ltr'>δὴ</span> <span class='ocrx_word' id='word_1_114' title='bbox 1303 1217 1370 1282; x_wconf 74' lang='grc' dir='ltr'>τῷ</span> <span class='ocrx_word' id='word_1_115' title='bbox 1405 1212 1600 1282; x_wconf 78' lang='grc' dir='ltr'>τοιούτῳ</span> <span class='ocrx_word' id='word_1_116' title='bbox 1636 1211 1874 1278; x_wconf 81' lang='grc' dir='ltr'>θεωρήσαι</span> 
     </span>
     <span class='ocr_line' id='line_1_14' title="bbox 285 1290 1874 1362; baseline 0.001 -20"><span class='ocrx_word' id='word_1_117' title='bbox 285 1292 355 1344; x_wconf 84' lang='grc' dir='ltr'>τις</span> <span class='ocrx_word' id='word_1_118' title='bbox 380 1290 439 1342; x_wconf 78' lang='grc' dir='ltr'>ἂν</span> <span class='ocrx_word' id='word_1_119' title='bbox 464 1292 519 1343; x_wconf 82' lang='grc' dir='ltr'>τὸ</span> <span class='ocrx_word' id='word_1_120' title='bbox 544 1295 627 1356; x_wconf 78' lang='grc' dir='ltr'>τῆς</span> <span class='ocrx_word' id='word_1_121' title='bbox 653 1294 1093 1362; x_wconf 83' lang='grc' dir='ltr'>ταπεινοφροσύνης</span> <span class='ocrx_word' id='word_1_122' title='bbox 1119 1294 1410 1361; x_wconf 78' lang='grc' dir='ltr'>ἀσύγκριτον</span> <span class='ocrx_word' id='word_1_123' title='bbox 1434 1294 1645 1360; x_wconf 76' lang='grc' dir='ltr'>μέγεθος.</span> <span class='ocrx_word' id='word_1_124' title='bbox 1699 1293 1753 1344; x_wconf 86' lang='grc' dir='ltr'>τὸ</span> <span class='ocrx_word' id='word_1_125' title='bbox 1788 1293 1874 1356; x_wconf 75' lang='grc' dir='ltr'>μὲν</span> 
     </span>
     <span class='ocr_line' id='line_1_15' title="bbox 284 1372 1868 1446; baseline 0.001 -22"><span class='ocrx_word' id='word_1_126' title='bbox 284 1372 378 1439; x_wconf 77' lang='grc' dir='ltr'>γὰρ</span> <span class='ocrx_word' id='word_1_127' title='bbox 416 1374 474 1443; x_wconf 73' lang='grc' dir='ltr'>ἐξ</span> <span class='ocrx_word' id='word_1_128' title='bbox 505 1375 670 1426; x_wconf 85' lang='grc' dir='ltr'>ἑαυτοῦ</span> <span class='ocrx_word' id='word_1_129' title='bbox 704 1375 1001 1445; x_wconf 77' lang='grc' dir='ltr'>χαμαιριφὲς,</span> <span class='ocrx_word' id='word_1_130' title='bbox 1030 1375 1058 1441; x_wconf 86' lang='grc' dir='ltr'>ὴ</span> <span class='ocrx_word' id='word_1_131' title='bbox 1091 1378 1167 1427; x_wconf 76' lang='grc' dir='ltr'>καὶ</span> <span class='ocrx_word' id='word_1_132' title='bbox 1199 1379 1247 1427; x_wconf 89' lang='grc' dir='ltr'>ἐν</span> <span class='ocrx_word' id='word_1_133' title='bbox 1272 1381 1339 1446; x_wconf 74' lang='grc' dir='ltr'>τῷ</span> <span class='ocrx_word' id='word_1_134' title='bbox 1370 1379 1533 1440; x_wconf 86' lang='grc' dir='ltr'>μηδενὶ</span> <span class='ocrx_word' id='word_1_135' title='bbox 1564 1375 1868 1441; x_wconf 78' lang='grc' dir='ltr'>τεταγμένον,</span> 
     </span>
     <span class='ocr_line' id='line_1_16' title="bbox 284 1454 1942 1526; baseline 0.001 -21"><span class='ocrx_word' id='word_1_136' title='bbox 284 1454 405 1505; x_wconf 76' lang='grc' dir='ltr'>κατὰ</span> <span class='ocrx_word' id='word_1_137' title='bbox 438 1461 574 1507; x_wconf 91' lang='grc' dir='ltr'>ποῖον</span> <span class='ocrx_word' id='word_1_138' title='bbox 599 1456 657 1508; x_wconf 73' lang='grc' dir='ltr'>ἂν</span> <span class='ocrx_word' id='word_1_139' title='bbox 682 1459 1112 1525; x_wconf 86' lang='grc' dir='ltr'>κατασμικρυνθείη</span> <span class='ocrx_word' id='word_1_140' title='bbox 1146 1457 1338 1525; x_wconf 82' lang='grc' dir='ltr'>τρόπον,</span> <span class='ocrx_word' id='word_1_141' title='bbox 1367 1458 1394 1524; x_wconf 78' lang='grc' dir='ltr'>ἢ</span> <span class='ocrx_word' id='word_1_142' title='bbox 1431 1458 1539 1510; x_wconf 78' lang='grc' dir='ltr'>ὅποι</span> <span class='ocrx_word' id='word_1_143' title='bbox 1574 1457 1783 1526; x_wconf 86' lang='grc' dir='ltr'>χωρήσει</span> <span class='ocrx_word' id='word_1_144' title='bbox 1818 1458 1871 1509; x_wconf 83' lang='grc' dir='ltr'>τὸ</span> <span class='ocrx_word' id='word_1_145' title='bbox 1895 1479 1942 1516; x_wconf 92' lang='lat'>15</span> 
     </span>
     <span class='ocr_line' id='line_1_17' title="bbox 284 1536 1867 1606; baseline 0.002 -19"><span class='ocrx_word' id='word_1_146' title='bbox 284 1536 411 1588; x_wconf 88' lang='grc' dir='ltr'>κάτω</span> <span class='ocrx_word' id='word_1_147' title='bbox 439 1539 648 1602; x_wconf 85' lang='grc' dir='ltr'>κείμενον</span> <span class='ocrx_word' id='word_1_148' title='bbox 666 1561 679 1601; x_wconf 82' lang='lat'>3</span> <span class='ocrx_word' id='word_1_149' title='bbox 722 1539 960 1606; x_wconf 89' lang='grc' dir='ltr'>θεωρήσαι</span> <span class='ocrx_word' id='word_1_150' title='bbox 994 1539 1086 1606; x_wconf 80' lang='grc' dir='ltr'>γὰρ</span> <span class='ocrx_word' id='word_1_151' title='bbox 1112 1546 1251 1591; x_wconf 84' lang='grc' dir='ltr'>τοῦτο</span> <span class='ocrx_word' id='word_1_152' title='bbox 1278 1543 1354 1591; x_wconf 78' lang='grc' dir='ltr'>καὶ</span> <span class='ocrx_word' id='word_1_153' title='bbox 1390 1544 1428 1592; x_wconf 76' lang='grc' dir='ltr'>εἰ</span> <span class='ocrx_word' id='word_1_154' title='bbox 1457 1540 1522 1606; x_wconf 87' lang='grc' dir='ltr'>μή</span> <span class='ocrx_word' id='word_1_155' title='bbox 1557 1563 1601 1591; x_wconf 90' lang='grc' dir='ltr'>τι</span> <span class='ocrx_word' id='word_1_156' title='bbox 1635 1540 1690 1591; x_wconf 85' lang='grc' dir='ltr'>τὸ</span> <span class='ocrx_word' id='word_1_157' title='bbox 1722 1563 1867 1591; x_wconf 88' lang='grc' dir='ltr'>κατα-</span> 
     </span>
     <span class='ocr_line' id='line_1_18' title="bbox 281 1618 1874 1692; baseline 0.002 -23"><span class='ocrx_word' id='word_1_158' title='bbox 281 1618 493 1686; x_wconf 72' lang='grc' dir='ltr'>βιβάζειν</span> <span class='ocrx_word' id='word_1_159' title='bbox 532 1622 712 1672; x_wconf 79' lang='grc' dir='ltr'>ἄνωθεν</span> <span class='ocrx_word' id='word_1_160' title='bbox 750 1622 976 1690; x_wconf 86' lang='grc' dir='ltr'>πεφυκός.</span> <span class='ocrx_word' id='word_1_161' title='bbox 1033 1620 1088 1673; x_wconf 82' lang='grc' dir='ltr'>τὸ</span> <span class='ocrx_word' id='word_1_162' title='bbox 1127 1621 1176 1673; x_wconf 79' lang='grc' dir='ltr'>δὲ</span> <span class='ocrx_word' id='word_1_163' title='bbox 1214 1624 1264 1673; x_wconf 88' lang='grc' dir='ltr'>ἐν</span> <span class='ocrx_word' id='word_1_164' title='bbox 1304 1624 1415 1692; x_wconf 77' lang='grc' dir='ltr'>ὕψει</span> <span class='ocrx_word' id='word_1_165' title='bbox 1455 1622 1787 1689; x_wconf 86' lang='grc' dir='ltr'>θεωρούμενον,</span> <span class='ocrx_word' id='word_1_166' title='bbox 1825 1624 1874 1672; x_wconf 90' lang='grc' dir='ltr'>ἐν</span> 
     </span>
     <span class='ocr_line' id='line_1_19' title="bbox 283 1702 1869 1771; baseline 0.002 -20"><span class='ocrx_word' id='word_1_167' title='bbox 283 1706 487 1771; x_wconf 71' lang='grc' dir='ltr'>ταπεινῷ</span> <span class='ocrx_word' id='word_1_168' title='bbox 522 1702 721 1769; x_wconf 77' lang='grc' dir='ltr'>γεγονὸς</span> <span class='ocrx_word' id='word_1_169' title='bbox 757 1703 1056 1770; x_wconf 72' lang='grc' dir='ltr'>θαυμάζεται·</span> <span class='ocrx_word' id='word_1_170' title='bbox 1102 1704 1276 1769; x_wconf 77' lang='grc' dir='ltr'>κατέβη</span> <span class='ocrx_word' id='word_1_171' title='bbox 1304 1704 1398 1771; x_wconf 78' lang='grc' dir='ltr'>γὰρ</span> <span class='ocrx_word' id='word_1_172' title='bbox 1433 1709 1494 1758; x_wconf 76' lang='grc' dir='ltr'>εἰς</span> <span class='ocrx_word' id='word_1_173' title='bbox 1528 1705 1643 1770; x_wconf 79' lang='grc' dir='ltr'>ὅπερ</span> <span class='ocrx_word' id='word_1_174' title='bbox 1678 1705 1760 1755; x_wconf 81' lang='grc' dir='ltr'>οὐκ</span> <span class='ocrx_word' id='word_1_175' title='bbox 1795 1703 1869 1769; x_wconf 82' lang='grc' dir='ltr'>ἧν.</span> 
     </span>
     <span class='ocr_line' id='line_1_20' title="bbox 284 1784 1873 1853; baseline 0.004 -21"><span class='ocrx_word' id='word_1_176' title='bbox 284 1784 551 1849; x_wconf 86' lang='grc' dir='ltr'>ἀναγκαίως</span> <span class='ocrx_word' id='word_1_177' title='bbox 575 1791 828 1852; x_wconf 84' lang='grc' dir='ltr'>τοιγαροῦν</span> <span class='ocrx_word' id='word_1_178' title='bbox 854 1788 929 1837; x_wconf 79' lang='grc' dir='ltr'>καὶ</span> <span class='ocrx_word' id='word_1_179' title='bbox 965 1788 989 1837; x_wconf 87' lang='grc' dir='ltr'>ὁ</span> <span class='ocrx_word' id='word_1_180' title='bbox 1018 1786 1193 1853; x_wconf 86' lang='grc' dir='ltr'>Κύριος</span> <span class='ocrx_word' id='word_1_181' title='bbox 1226 1788 1358 1852; x_wconf 81' lang='grc' dir='ltr'>ἡμῶν</span> <span class='ocrx_word' id='word_1_182' title='bbox 1384 1786 1572 1852; x_wconf 86' lang='grc' dir='ltr'>Ἰησοῦς</span> <span class='ocrx_word' id='word_1_183' title='bbox 1608 1788 1632 1837; x_wconf 86' lang='grc' dir='ltr'>ὁ</span> <span class='ocrx_word' id='word_1_184' title='bbox 1659 1785 1873 1851; x_wconf 79' lang='grc' dir='ltr'>Χριστὸς</span> 
     </span>
     <span class='ocr_line' id='line_1_21' title="bbox 285 1867 1943 1932; baseline 0 -16"><span class='ocrx_word' id='word_1_185' title='bbox 285 1871 382 1919; x_wconf 89' lang='grc' dir='ltr'>τοῖς</span> <span class='ocrx_word' id='word_1_186' title='bbox 407 1867 573 1918; x_wconf 83' lang='grc' dir='ltr'>ἑαυτοῦ</span> <span class='ocrx_word' id='word_1_187' title='bbox 598 1872 844 1932; x_wconf 82' lang='grc' dir='ltr'>μαθηταῖς,</span> <span class='ocrx_word' id='word_1_188' title='bbox 871 1873 1063 1931; x_wconf 83' lang='grc' dir='ltr'>μᾶλλον</span> <span class='ocrx_word' id='word_1_189' title='bbox 1089 1868 1137 1920; x_wconf 75' lang='grc' dir='ltr'>δὲ</span> <span class='ocrx_word' id='word_1_190' title='bbox 1165 1868 1220 1920; x_wconf 80' lang='grc' dir='ltr'>δι’</span> <span class='ocrx_word' id='word_1_191' title='bbox 1247 1870 1431 1920; x_wconf 84' lang='grc' dir='ltr'>ἐκείνων</span> <span class='ocrx_word' id='word_1_192' title='bbox 1456 1874 1552 1922; x_wconf 90' lang='grc' dir='ltr'>τοῖς</span> <span class='ocrx_word' id='word_1_193' title='bbox 1585 1867 1675 1918; x_wconf 79' lang='grc' dir='ltr'>ἀνὰ</span> <span class='ocrx_word' id='word_1_194' title='bbox 1707 1872 1873 1919; x_wconf 82' lang='grc' dir='ltr'>πᾶσαν</span> <span class='ocrx_word' id='word_1_195' title='bbox 1893 1891 1943 1916; x_wconf 79' lang='lat'>20</span> 
     </span>
    </p>

    <p class='ocr_par' dir='ltr' id='par_1_6' title="bbox 241 1945 1941 2673">
     <span class='ocr_line' id='line_1_22' title="bbox 241 1945 1873 2019; baseline 0.003 -21"><span class='ocrx_word' id='word_1_196' title='bbox 241 1953 267 1994; x_wconf 87' lang='lat' dir='ltr'>d</span> <span class='ocrx_word' id='word_1_197' title='bbox 286 1945 372 2011; x_wconf 83' lang='grc' dir='ltr'>τὴν</span> <span class='ocrx_word' id='word_1_198' title='bbox 397 1951 500 2014; x_wconf 82' lang='grc' dir='ltr'>γῆν,</span> <span class='ocrx_word' id='word_1_199' title='bbox 521 1948 576 2000; x_wconf 78' lang='grc' dir='ltr'>τὸ</span> <span class='ocrx_word' id='word_1_200' title='bbox 603 1952 687 2014; x_wconf 82' lang='grc' dir='ltr'>τῆς</span> <span class='ocrx_word' id='word_1_201' title='bbox 713 1952 1155 2019; x_wconf 85' lang='grc' dir='ltr'>ταπεινοφροσύνης</span> <span class='ocrx_word' id='word_1_202' title='bbox 1180 1950 1376 2016; x_wconf 87' lang='grc' dir='ltr'>μάθημα</span> <span class='ocrx_word' id='word_1_203' title='bbox 1402 1950 1567 2013; x_wconf 74' lang='grc' dir='ltr'>διδους,</span> <span class='ocrx_word' id='word_1_204' title='bbox 1595 1951 1681 2017; x_wconf 80' lang='grc' dir='ltr'>οὐχ</span> <span class='ocrx_word' id='word_1_205' title='bbox 1708 1951 1873 2003; x_wconf 78' lang='grc' dir='ltr'>ἁπλῶς</span> 
     </span>
     <span class='ocr_line' id='line_1_23' title="bbox 286 2030 1872 2101; baseline 0.001 -20"><span class='ocrx_word' id='word_1_206' title='bbox 286 2033 451 2099; x_wconf 89' lang='grc' dir='ltr'>φησιν,</span> <span class='ocrx_word' id='word_1_207' title='bbox 492 2031 564 2082; x_wconf 79' lang='grc' dir='ltr'>ὅτι</span> <span class='ocrx_word' id='word_1_208' title='bbox 601 2030 765 2099; x_wconf 78' lang='grc' dir='ltr'>ὥσπερ</span> <span class='ocrx_word' id='word_1_209' title='bbox 803 2032 895 2098; x_wconf 82' lang='grc' dir='ltr'>ἐγὼ</span> <span class='ocrx_word' id='word_1_210' title='bbox 934 2034 1077 2101; x_wconf 79' lang='grc' dir='ltr'>ἔνιψα</span> <span class='ocrx_word' id='word_1_211' title='bbox 1123 2035 1251 2097; x_wconf 84' lang='grc' dir='ltr'>ὑμῶν</span> <span class='ocrx_word' id='word_1_212' title='bbox 1289 2033 1396 2087; x_wconf 76' lang='grc' dir='ltr'>τοὺς</span> <span class='ocrx_word' id='word_1_213' title='bbox 1436 2032 1598 2096; x_wconf 85' lang='grc' dir='ltr'>πόδας,</span> <span class='ocrx_word' id='word_1_214' title='bbox 1637 2034 1758 2083; x_wconf 79' lang='grc' dir='ltr'>οὕτω</span> <span class='ocrx_word' id='word_1_215' title='bbox 1797 2032 1872 2082; x_wconf 79' lang='grc' dir='ltr'>καὶ</span> 
     </span>
     <span class='ocr_line' id='line_1_24' title="bbox 287 2113 1872 2184; baseline 0.001 -22"><span class='ocrx_word' id='word_1_216' title='bbox 287 2114 414 2175; x_wconf 84' lang='grc' dir='ltr'>ὑμεῖς</span> <span class='ocrx_word' id='word_1_217' title='bbox 458 2114 673 2182; x_wconf 86' lang='grc' dir='ltr'>ὀφείλετε</span> <span class='ocrx_word' id='word_1_218' title='bbox 723 2120 887 2166; x_wconf 79' lang='grc' dir='ltr'>ποιεῖν·</span> <span class='ocrx_word' id='word_1_219' title='bbox 948 2116 1280 2184; x_wconf 75' lang='grc' dir='ltr'>προεξηγεῖται</span> <span class='ocrx_word' id='word_1_220' title='bbox 1324 2114 1373 2165; x_wconf 76' lang='grc' dir='ltr'>δὲ</span> <span class='ocrx_word' id='word_1_221' title='bbox 1417 2120 1609 2178; x_wconf 83' lang='grc' dir='ltr'>μᾶλλον</span> <span class='ocrx_word' id='word_1_222' title='bbox 1655 2113 1709 2164; x_wconf 83' lang='grc' dir='ltr'>τὸ</span> <span class='ocrx_word' id='word_1_223' title='bbox 1756 2113 1872 2164; x_wconf 79' lang='grc' dir='ltr'>ἴδιον</span> 
     </span>
     <span class='ocr_line' id='line_1_25' title="bbox 287 2194 1871 2266; baseline 0.001 -22"><span class='ocrx_word' id='word_1_224' title='bbox 287 2194 487 2262; x_wconf 75' lang='grc' dir='ltr'>ἀξίωμα,</span> <span class='ocrx_word' id='word_1_225' title='bbox 539 2199 615 2246; x_wconf 83' lang='grc' dir='ltr'>καὶ</span> <span class='ocrx_word' id='word_1_226' title='bbox 670 2196 756 2261; x_wconf 87' lang='grc' dir='ltr'>τὴν</span> <span class='ocrx_word' id='word_1_227' title='bbox 806 2196 1168 2264; x_wconf 80' lang='grc' dir='ltr'>ἐνυπάρχουσαν</span> <span class='ocrx_word' id='word_1_228' title='bbox 1218 2199 1344 2266; x_wconf 71' lang='grc' dir='ltr'>αὐτῷ</span> <span class='ocrx_word' id='word_1_229' title='bbox 1402 2195 1610 2266; x_wconf 86' lang='grc' dir='ltr'>φυσικὴν</span> <span class='ocrx_word' id='word_1_230' title='bbox 1660 2197 1871 2246; x_wconf 76' lang='grc' dir='ltr'>εὔκλειαν</span> 
     </span>
     <span class='ocr_line' id='line_1_26' title="bbox 287 2275 1941 2347; baseline 0.001 -21"><span class='ocrx_word' id='word_1_231' title='bbox 287 2281 558 2341; x_wconf 82' lang='grc' dir='ltr'>παρατιθεὶς</span> <span class='ocrx_word' id='word_1_232' title='bbox 589 2281 801 2329; x_wconf 84' lang='grc' dir='ltr'>δυσωπεῖ</span> <span class='ocrx_word' id='word_1_233' title='bbox 820 2282 887 2347; x_wconf 75' lang='grc' dir='ltr'>τῷ</span> <span class='ocrx_word' id='word_1_234' title='bbox 913 2278 1159 2344; x_wconf 78' lang='grc' dir='ltr'>πράγματι</span> <span class='ocrx_word' id='word_1_235' title='bbox 1191 2277 1274 2330; x_wconf 79' lang='grc' dir='ltr'>τὸν</span> <span class='ocrx_word' id='word_1_236' title='bbox 1300 2278 1577 2347; x_wconf 78' lang='grc' dir='ltr'>φιλόδοξον.</span> <span class='ocrx_word' id='word_1_237' title='bbox 1630 2280 1750 2345; x_wconf 69' lang='grc' dir='ltr'>ὑμεῖς</span> <span class='ocrx_word' id='word_1_238' title='bbox 1777 2275 1871 2343; x_wconf 83' lang='grc' dir='ltr'>γάρ</span> <span class='ocrx_word' id='word_1_239' title='bbox 1891 2301 1941 2340; x_wconf 87' lang='lat'>25</span> 
     </span>
     <span class='ocr_line' id='line_1_27' title="bbox 288 2358 1871 2428; baseline 0.001 -20"><span class='ocrx_word' id='word_1_240' title='bbox 288 2361 441 2426; x_wconf 88' lang='grc' dir='ltr'>φησιν</span> <span class='ocrx_word' id='word_1_241' title='bbox 466 2360 597 2410; x_wconf 77' lang='grc' dir='ltr'>αὐτοὶ</span> <span class='ocrx_word' id='word_1_242' title='bbox 625 2360 813 2410; x_wconf 81' lang='grc' dir='ltr'>καλεῖτέ</span> <span class='ocrx_word' id='word_1_243' title='bbox 833 2383 892 2427; x_wconf 81' lang='grc' dir='ltr'>με</span> <span class='ocrx_word' id='word_1_244' title='bbox 920 2367 937 2412; x_wconf 83' lang='grc' dir='ltr'><em>ὁ</em></span> <span class='ocrx_word' id='word_1_245' title='bbox 964 2361 1113 2428; x_wconf 79' lang='grc' dir='ltr'>Κύριος</span> <span class='ocrx_word' id='word_1_246' title='bbox 1141 2366 1218 2412; x_wconf 63' lang='grc' dir='ltr'>καὶ</span> <span class='ocrx_word' id='word_1_247' title='bbox 1248 2367 1265 2413; x_wconf 82' lang='grc' dir='ltr'>ὁ</span> <span class='ocrx_word' id='word_1_248' title='bbox 1294 2358 1577 2415; x_wconf 51' lang='grc' dir='ltr'>διδάσκαλος</span> <span class='ocrx_word' id='word_1_249' title='bbox 1606 2364 1683 2411; x_wconf 65' lang='grc' dir='ltr'>καὶ</span> <span class='ocrx_word' id='word_1_250' title='bbox 1714 2359 1871 2414; x_wconf 60' lang='grc' dir='ltr'>καλῶς</span> 
     </span>
     <span class='ocr_line' id='line_1_28' title="bbox 287 2438 1872 2511; baseline 0.001 -21"><span class='ocrx_word' id='word_1_251' title='bbox 287 2438 456 2505; x_wconf 67' lang='grc' dir='ltr'>λέγετε,</span> <span class='ocrx_word' id='word_1_252' title='bbox 487 2444 572 2509; x_wconf 57' lang='grc' dir='ltr'>εἰμὶ</span> <span class='ocrx_word' id='word_1_253' title='bbox 609 2441 715 2508; x_wconf 71' lang='grc' dir='ltr'>γάρ.</span> <span class='ocrx_word' id='word_1_254' title='bbox 771 2441 974 2508; x_wconf 85' lang='grc' dir='ltr'>ἐπιτήρει</span> <span class='ocrx_word' id='word_1_255' title='bbox 1015 2441 1064 2492; x_wconf 80' lang='grc' dir='ltr'>δὲ</span> <span class='ocrx_word' id='word_1_256' title='bbox 1105 2442 1231 2496; x_wconf 78' lang='grc' dir='ltr'>ὅπως</span> <span class='ocrx_word' id='word_1_257' title='bbox 1270 2444 1345 2493; x_wconf 74' lang='grc' dir='ltr'>καὶ</span> <span class='ocrx_word' id='word_1_258' title='bbox 1384 2440 1563 2511; x_wconf 73' lang='grc' dir='ltr'>μεταξὺ</span> <span class='ocrx_word' id='word_1_259' title='bbox 1600 2447 1682 2492; x_wconf 86' lang='grc' dir='ltr'>τοῦ</span> <span class='ocrx_word' id='word_1_260' title='bbox 1722 2439 1872 2506; x_wconf 90' lang='grc' dir='ltr'>λόγου</span> 
     </span>
     <span class='ocr_line' id='line_1_29' title="bbox 286 2522 1872 2590; baseline 0.001 -18"><span class='ocrx_word' id='word_1_261' title='bbox 286 2524 371 2585; x_wconf 84' lang='grc' dir='ltr'>τῆς</span> <span class='ocrx_word' id='word_1_262' title='bbox 410 2526 504 2573; x_wconf 85' lang='grc' dir='ltr'>τῶν</span> <span class='ocrx_word' id='word_1_263' title='bbox 540 2522 865 2575; x_wconf 89' lang='grc' dir='ltr'>πιστευόντων</span> <span class='ocrx_word' id='word_1_264' title='bbox 903 2524 1192 2590; x_wconf 79' lang='grc' dir='ltr'>προένοησεν</span> <span class='ocrx_word' id='word_1_265' title='bbox 1231 2527 1490 2589; x_wconf 77' lang='grc' dir='ltr'>οἰκοδομῆς,</span> <span class='ocrx_word' id='word_1_266' title='bbox 1534 2526 1609 2575; x_wconf 79' lang='grc' dir='ltr'>καὶ</span> <span class='ocrx_word' id='word_1_267' title='bbox 1653 2523 1736 2577; x_wconf 79' lang='grc' dir='ltr'>τὰς</span> <span class='ocrx_word' id='word_1_268' title='bbox 1776 2527 1872 2574; x_wconf 82' lang='grc' dir='ltr'>τῶν</span> 
     </span>
     <span class='ocr_line' id='line_1_30' title="bbox 249 2604 1871 2673; baseline 0 -19"><span class='ocrx_word' id='word_1_269' title='bbox 249 2605 494 2655; x_wconf 77' lang='grc' dir='ltr'>οάνοσίων</span> <span class='ocrx_word' id='word_1_270' title='bbox 526 2606 768 2671; x_wconf 79' lang='grc' dir='ltr'>αἱρετικῶν</span> <span class='ocrx_word' id='word_1_271' title='bbox 794 2606 877 2656; x_wconf 83' lang='grc' dir='ltr'>οὐκ</span> <span class='ocrx_word' id='word_1_272' title='bbox 911 2605 1121 2672; x_wconf 88' lang='grc' dir='ltr'>ἠγνόησε</span> <span class='ocrx_word' id='word_1_273' title='bbox 1157 2606 1530 2673; x_wconf 89' lang='grc' dir='ltr'>γλωσσαλγίας.</span> <span class='ocrx_word' id='word_1_274' title='bbox 1583 2605 1740 2670; x_wconf 85' lang='grc' dir='ltr'>ἐπειδὴ</span> <span class='ocrx_word' id='word_1_275' title='bbox 1778 2604 1871 2671; x_wconf 76' lang='grc' dir='ltr'>γὰρ</span> 
     </span>
    </p>
   </div>
   <div class='ocr_carea' id='block_1_5' title="bbox 288 2742 1870 2939">
    <p class='ocr_par' dir='ltr' id='par_1_7' title="bbox 288 2742 1870 2930">
     <span class='ocr_line' id='line_1_31' title="bbox 336 2742 1870 2791; baseline 0.001 -15"><span class='ocrx_word' id='word_1_276' title='bbox 336 2753 369 2777; x_wconf 83' lang='grc'><strong>2.</strong></span> <span class='ocrx_word' id='word_1_277' title='bbox 395 2743 448 2776; x_wconf 81' lang='grc' dir='ltr'>καὶ</span> <span class='ocrx_word' id='word_1_278' title='bbox 465 2742 609 2778; x_wconf 82' lang='grc' dir='ltr'>ἀνέπεσε</span> <span class='ocrx_word' id='word_1_279' title='bbox 628 2743 670 2777; x_wconf 87' lang='grc' dir='ltr'>Ε.</span> <span class='ocrx_word' id='word_1_280' title='bbox 688 2743 866 2778; x_wconf 80' lang='grc' dir='ltr'>ἀναπεσὼν</span> <span class='ocrx_word' id='word_1_281' title='bbox 884 2744 951 2779; x_wconf 88' lang='lat' dir='ltr'>Ed.</span> <span class='ocrx_word' id='word_1_282' title='bbox 1023 2745 1204 2789; x_wconf 86' lang='grc' dir='ltr'>πεποίηκεν</span> <span class='ocrx_word' id='word_1_283' title='bbox 1222 2745 1263 2779; x_wconf 90' lang='grc' dir='ltr'>Ε.</span> <span class='ocrx_word' id='word_1_284' title='bbox 1407 2754 1439 2791; x_wconf 97' lang='grc'><strong>7.</strong></span> <span class='ocrx_word' id='word_1_285' title='bbox 1465 2746 1583 2789; x_wconf 83' lang='grc' dir='ltr'>ποιῆτε</span> <span class='ocrx_word' id='word_1_286' title='bbox 1602 2744 1643 2778; x_wconf 89' lang='grc' dir='ltr'>Ε.</span> <span class='ocrx_word' id='word_1_287' title='bbox 1659 2745 1784 2778; x_wconf 84' lang='grc' dir='ltr'>ποιεῖτε</span> <span class='ocrx_word' id='word_1_288' title='bbox 1803 2744 1870 2778; x_wconf 87' lang='lat' dir='ltr'>Ed.</span> 
     </span>
     <span class='ocr_line' id='line_1_32' title="bbox 291 2790 1869 2836; baseline 0.001 -14"><span class='ocrx_word' id='word_1_289' title='bbox 291 2799 345 2822; x_wconf 87' lang='lat'>10.</span> <span class='ocrx_word' id='word_1_290' title='bbox 371 2790 588 2824; x_wconf 78' lang='grc' dir='ltr'>πεποιεῖσθιιί</span> <span class='ocrx_word' id='word_1_291' title='bbox 606 2790 647 2824; x_wconf 91' lang='grc' dir='ltr'>Ε.</span> <span class='ocrx_word' id='word_1_292' title='bbox 795 2802 847 2824; x_wconf 87' lang='lat'>11.</span> <span class='ocrx_word' id='word_1_293' title='bbox 873 2790 977 2836; x_wconf 77' lang='grc' dir='ltr'>ἰδίου]</span> <span class='ocrx_word' id='word_1_294' title='bbox 997 2792 1119 2826; x_wconf 85' lang='grc' dir='ltr'>οικείου</span> <span class='ocrx_word' id='word_1_295' title='bbox 1137 2804 1168 2826; x_wconf 84' lang='lat' dir='ltr'>a.</span> <span class='ocrx_word' id='word_1_296' title='bbox 1172 2804 1201 2826; x_wconf 92' lang='lat' dir='ltr'>c.</span> <span class='ocrx_word' id='word_1_297' title='bbox 1223 2791 1331 2826; x_wconf 90' lang='lat' dir='ltr'><strong>Cord.</strong></span> <span class='ocrx_word' id='word_1_298' title='bbox 1483 2803 1535 2825; x_wconf 87' lang='lat'>12.</span> <span class='ocrx_word' id='word_1_299' title='bbox 1562 2790 1767 2836; x_wconf 84' lang='grc' dir='ltr'>θεηγορήσαι</span> <span class='ocrx_word' id='word_1_300' title='bbox 1787 2791 1869 2834; x_wconf 86' lang='lat' dir='ltr'>(Sic)</span> 
     </span>
     <span class='ocr_line' id='line_1_33' title="bbox 288 2835 1868 2891; baseline 0.001 -23"><span class='ocrx_word' id='word_1_301' title='bbox 288 2835 330 2868; x_wconf 86' lang='lat' dir='ltr'>E.</span> <span class='ocrx_word' id='word_1_302' title='bbox 348 2835 516 2891; x_wconf 77' lang='grc' dir='ltr'>θεωρήσοι</span> <span class='ocrx_word' id='word_1_303' title='bbox 534 2848 564 2870; x_wconf 79' lang='lat' dir='ltr'>a.</span> <span class='ocrx_word' id='word_1_304' title='bbox 583 2836 755 2880; x_wconf 77' lang='grc' dir='ltr'>θεωρῆσαι</span> <span class='ocrx_word' id='word_1_305' title='bbox 773 2849 803 2871; x_wconf 89' lang='lat' dir='ltr'>c.</span> <span class='ocrx_word' id='word_1_306' title='bbox 823 2836 930 2872; x_wconf 87' lang='lat' dir='ltr'><strong>Cord.</strong></span> <span class='ocrx_word' id='word_1_307' title='bbox 1087 2848 1139 2882; x_wconf 87' lang='lat'>15.</span> <span class='ocrx_word' id='word_1_308' title='bbox 1165 2840 1280 2884; x_wconf 84' lang='grc' dir='ltr'>τρόπῳ</span> <span class='ocrx_word' id='word_1_309' title='bbox 1300 2838 1342 2872; x_wconf 89' lang='grc' dir='ltr'>Ε.</span> <span class='ocrx_word' id='word_1_310' title='bbox 1498 2839 1551 2873; x_wconf 87' lang='grc'><strong>16.</strong></span> <span class='ocrx_word' id='word_1_311' title='bbox 1576 2837 1810 2880; x_wconf 79' lang='grc' dir='ltr'>κατακείμενον</span> <span class='ocrx_word' id='word_1_312' title='bbox 1827 2837 1868 2871; x_wconf 88' lang='grc' dir='ltr'>Ε.</span> 
     </span>
     <span class='ocr_line' id='line_1_34' title="bbox 289 2882 1869 2939; baseline 0.001 -25"><span class='ocrx_word' id='word_1_313' title='bbox 289 2891 344 2922; x_wconf 76' lang='lat'>24.</span> <span class='ocrx_word' id='word_1_314' title='bbox 371 2882 424 2914; x_wconf 81' lang='grc' dir='ltr'>καὶ</span> <span class='ocrx_word' id='word_1_315' title='bbox 441 2882 718 2939; x_wconf 77' lang='grc' dir='ltr'>τὴν-εὔκλειαν]</span> <span class='ocrx_word' id='word_1_316' title='bbox 738 2884 792 2918; x_wconf 81' lang='grc' dir='ltr'>καὶ</span> <span class='ocrx_word' id='word_1_317' title='bbox 808 2884 868 2928; x_wconf 81' lang='grc' dir='ltr'>τὴν</span> <span class='ocrx_word' id='word_1_318' title='bbox 884 2884 1035 2930; x_wconf 85' lang='grc' dir='ltr'>φυσικὴν</span> <span class='ocrx_word' id='word_1_319' title='bbox 1052 2887 1205 2920; x_wconf 78' lang='grc' dir='ltr'>εὔκλειαν</span> <span class='ocrx_word' id='word_1_320' title='bbox 1221 2900 1275 2919; x_wconf 83' lang='grc' dir='ltr'>και</span> <span class='ocrx_word' id='word_1_321' title='bbox 1293 2885 1464 2930; x_wconf 78' lang='grc' dir='ltr'>ὑπεροχὴν</span> <span class='ocrx_word' id='word_1_322' title='bbox 1481 2896 1512 2919; x_wconf 78' lang='lat' dir='ltr'>a.</span> <span class='ocrx_word' id='word_1_323' title='bbox 1671 2894 1727 2928; x_wconf 88' lang='lat'>29.</span> <span class='ocrx_word' id='word_1_324' title='bbox 1750 2885 1869 2928; x_wconf 78' lang='grc' dir='ltr'>’γλωσ-</span> 
     </span>
    </p>
   </div>
   <div class='ocr_carea' id='block_1_6' title="bbox 287 2925 468 2972">
    <p class='ocr_par' dir='ltr' id='par_1_8' title="bbox 287 2925 468 2972">
     <span class='ocr_line' id='line_1_35' title="bbox 287 2925 468 2972; baseline 0.012 -12"><span class='ocrx_word' id='word_1_325' title='bbox 287 2925 408 2972; x_wconf 84' lang='grc' dir='ltr'>αλγίας</span> <span class='ocrx_word' id='word_1_326' title='bbox 426 2928 468 2963; x_wconf 85' lang='grc' dir='ltr'>Ε,</span> 
     </span>
    </p>
   </div>
  </div>
 </body>
</html>
