2001 3261
291 100 375 140 164
691 100 743 142 B.
775 100 1051 143 CYRILLI
1092 101 1471 143 ALEXANDR.
1733 98 1876 150 ix.15·

287 210 515 275 προσθεὶς
550 209 605 260 τό
629 207 713 261 Ἷ-Ιν
742 206 788 261 δὲ
818 208 1060 271 σάββατον
1094 211 1132 262 ἐν
1163 209 1185 284 ᾗ
1216 210 1354 282 ἡμέρᾳ
1382 209 1449 262 τὶν
1474 208 1611 268 πηλὶν
1637 208 1830 266 ἐποίησεν
1857 210 1875 256 ὁ

289 293 466 352 Ἰησοῦς.

228 447 274 485 Ῑ5
314 445 449 487 Πάλιν
488 442 561 487 οὖν
600 445 783 503 ἠρώτων
822 447 950 489 αὐτὸν
990 447 1058 488 καὶ
1096 446 1134 488 οἱ
1173 445 1401 506 Φαριΰαῖοι
1438 446 1538 488 Πὼο
1576 446 1847 496 ἀνέβλεψαες

367 569 761 637 Περιεργάζονται
803 574 886 634 τῆς
939 572 1186 638 θεραπείας
1235 572 1319 624 τὸν
1363 571 1553 639 τρόπον,
1595 569 1876 637 θερμότερον

289 651 453 718 ὥσπερ
494 653 542 702 ἐν
582 654 759 706 ἑαυτοῖς
803 653 857 704 τὸ
901 655 951 704 ἐκ
992 657 1074 717 τῆς
1115 656 1381 715 βασκανίας
1422 654 1716 706 ἀνακαίοντες
1756 657 1871 718 πῦρ,
1894 668 1917 707 5

291 737 673 802 φιλοπευστοῦσι
729 733 777 785 δὲ
834 735 957 797 λίαν,
1010 736 1092 787 οὐκ
1150 738 1428 802 ἀγνοοῦντες
1481 736 1529 786 δὲ
1581 735 1642 789 ὥς
1692 757 1747 800 γε
1795 756 1875 797 μοι

68 829 154 864 607
171 829 222 863 Α..
253 815 505 883 ειφαίνεται
556 815 610 867 τὸ
656 815 944 885 παράδοξον.
1021 822 1121 872 πῶς
1163 817 1256 884 γὰρ
1301 820 1384 869 οὐκ
1428 819 1586 882 εὔηθες
1629 820 1876 869 παντελῶς

290 895 412 960 τοὺς,
446 898 576 963 οἵπερ
616 896 742 961 ἦσαν
779 900 841 952 ὡς
880 898 1047 952 αὐτοὺς
1086 900 1339 968 ἀφιγμένοι
1375 898 1490 951 ποτὲ
1528 898 1715 967 τυφλὸν
1749 900 1870 948 ἀπο-

289 979 525 1045 φέροντες,
551 978 616 1043 μὴ
645 980 747 1046 οὐχὶ
782 979 972 1034 πάντως
1009 985 1151 1032 εἰπεῖν
1178 984 1261 1045 τῆς
1297 984 1557 1048 ἀπαγωγῆς
1591 980 1676 1045 τὴν
1703 980 1872 1041 αἰτίαν,

288 1057 450 1124 ὥσπερ
498 1060 545 1111 δὲ
590 1062 673 1111 οὐκ
719 1061 988 1127 ἀρκούντων
1031 1063 1215 1114 ἐκείνων
1259 1068 1321 1117 εἷς
1373 1063 1426 1114 τὸ
1473 1067 1749 1129 κατηγορεῖν
1792 1066 1875 1113 τοῦ
1897 1086 1946 1111 10

288 1142 518 1205 Χριστοῦ,
554 1144 629 1192 καὶ
670 1141 811 1193 αὐτὸν
845 1144 900 1193 δι’
937 1144 1106 1198 οἰκείας
1141 1145 1458 1212 ἀναγκάζουσι
1497 1148 1658 1214 φωνῆς
1694 1146 1870 1207 ὁμολο-

286 1225 436 1287 γῆσαι
463 1222 517 1274 τὸ
544 1224 839 1290 δεδραμένον,
859 1225 1196 1292 χαλεπωτέραν
1224 1227 1419 1277 ἔσεσθαι
1445 1230 1528 1291 τῆς
1554 1225 1876 1294 συκοφαντίας

285 1302 373 1367 τὴν
411 1305 606 1368 δύναμιν
646 1305 721 1356 διὰ
760 1306 929 1358 τούτου
966 1308 1284 1362 πιστεύοντες.
1347 1310 1487 1363 σύνες
1525 1308 1617 1375 γὰρ
1657 1309 1784 1362 ὅπως
1822 1309 1876 1359 οὐ

287 1388 573 1452 διερωτῶσιν
600 1389 767 1441 ἁπλῶς
793 1392 829 1439 εἱ
857 1390 1191 1455 τεθεράπευται
1219 1390 1377 1454 μόνον,
1395 1392 1585 1458 ζητοῦσι
1612 1388 1659 1441 δὲ
1684 1395 1876 1454 μᾶλλον

241 1479 269 1520 b
289 1468 385 1522 πῶς
411 1467 668 1537 ἀνέβλεψεν
694 1472 910 1521 ἀκοῦσαι·
949 1477 1088 1523 τοῦτο
1116 1472 1163 1523 δὲ
1190 1472 1246 1536 ἧν
1272 1475 1531 1524 ἐπακοῦσαι
1558 1474 1666 1523 λίαν
1693 1474 1868 1523 ἐσπου-
1898 1497 1944 1536 15

287 1549 498 1601 δακότων
525 1550 595 1601 ὅτι
621 1551 779 1616 πηλὸν
805 1554 1012 1616 ἐποίησε,
1040 1556 1115 1604 καὶ
1141 1554 1312 1622 ε”χρισὲ
1329 1579 1420 1618 μου
1446 1553 1553 1608 τοὺς
1579 1554 1874 1623 ὀφθαλμούς·

287 1633 336 1682 ἐν
376 1634 527 1701 τούτῳ
573 1633 666 1700 γὰρ
713 1639 879 1685 πᾶσαν
920 1639 1105 1685 κεῖσθαι
1148 1643 1232 1687 τοῦ
1281 1637 1425 1700 νόμου
1468 1636 1553 1701 τὴν
1597 1637 1877 1702 παράβασιν

286 1716 525 1769 ἀσυνέτως
553 1715 893 1778 ὑπελάμβανον
914 1719 1002 1779 καὶ,
1031 1716 1138 1771 τοὺς
1166 1719 1344 1769 ἄνωθεν
1370 1719 1643 1785 διυβρίσθαι
1671 1717 1876 1781 θεσμοὺς

286 1795 624 1861 σκηπτόμενοι,
669 1798 1009 1865 ἀπασχάλλειν
1051 1800 1139 1863 ἤδη
1186 1802 1372 1855 δικαίως
1415 1803 1490 1852 καὶ
1534 1804 1703 1868 χρῆναι
1747 1801 1875 1854 δίκας

286 1879 499 1930 ἀπαιτεῖν
532 1878 615 1930 τὸν
646 1878 936 1943 λυπήσαντα
975 1882 1320 1933 διεσκέπτοντο.
1895 1916 1946 1943 20

326 2078 359 2120 Ο
398 2078 444 2121 δὲ
483 2075 601 2121 εἶπεν
640 2079 783 2123 αὐτοῖς
820 2080 966 2123 ΠΗλὸν
1002 2082 1189 2125 ὲΠὲΘΗκέ
1226 2099 1306 2133 μου
1344 2084 1414 2126 ἐπὶ
1453 2084 1549 2127 τοὺς
1587 2084 1852 2141 ὀφθαλμοὺς,

764 2163 832 2203 καὶ
868 2164 1094 2216 ἐνιψάμΗν,
1133 2166 1201 2207 καὶ
1240 2167 1401 2216 βλέπω.

364 2272 598 2340 Δέχονται
649 2275 904 2340 προθύμως
953 2276 1117 2344 ὥσπερ
1168 2277 1271 2328 τινὰ
1324 2278 1505 2347 φθόνου
1555 2279 1740 2349 τροφὴν
1788 2279 1876 2345 τὴν

289 2354 551 2420 ὁμολογίαν
585 2362 667 2406 τοῦ
708 2357 960 2420 θαύματος,
988 2361 1062 2409 καὶ
1099 2360 1318 2421 ἀσμένως
1350 2361 1614 2427 ἁρπάζουσι
1652 2365 1735 2426 τῆς
1773 2361 1873 2413 κατ’

287 2436 430 2486 αὑτοῦ
455 2438 623 2499 μανίας
649 2437 734 2502 τὴν
763 2438 1002 2491 ὑπόθεσιν.
1055 2441 1386 2508 ἁπλούστερον
1412 2443 1498 2506 μὲν
1523 2442 1615 2510 γὰρ
1642 2443 1874 2512 ἐξηγεῖται
1895 2471 1945 2509 25

285 2516 340 2567 τὸ
373 2517 571 2581 συμβὰν
598 2521 622 2569 ὁ
657 2520 807 2586 πηρὸς
833 2521 953 2584 τότε,
981 2524 1056 2573 καὶ
1084 2523 1313 2588 κακοήθος
1339 2525 1534 2593 σφόδρα
1562 2527 1713 2593 φησὶν
1739 2528 1800 2579 ὡς
1826 2527 1875 2576 ἐν

286 2599 540 2663 συντόμοις
585 2602 861 2668 ὁμολογίαις
905 2605 1124 2667 ἀνυμνῶν
1161 2603 1324 2673 ὥσπερ
1368 2606 1450 2658 τὸν
1490 2607 1666 2674 ἰατρόν·
1724 2630 1871 2658 κατα-

338 2765 367 2789 1.
393 2757 431 2789 τό
449 2764 672 2802 assumptum
691 2770 732 2792 ex
754 2758 794 2792 B.
883 2757 956 2804 ἐνῇ
976 2759 1083 2806 ἡμέρᾳ
1107 2761 1199 2796 edidi
1219 2763 1437 2808 approbante
1457 2765 1586 2809 Heyse.
1604 2763 1661 2798 ὅτε
1677 2765 1781 2798 ταῦτα
1800 2764 1835 2797 ἐν
1852 2761 1875 2808 ᾗ

288 2799 393 2845 ἡμέρᾳ
412 2815 474 2846 pro
493 2816 589 2838 more
609 2805 651 2839 B.
669 2804 726 2839 ὅτε
745 2804 812 2839 Ed.
1090 2819 1124 2853 3.
1149 2808 1348 2855 ἀνέβλεψας
1367 2811 1409 2845 Β.
1431 2811 1546 2845 Holst.
1565 2810 1758 2855 ἀνέβλεψεν
1777 2810 1871 2844 Aub.

287 2857 320 2889 9.
347 2847 530 2894 ἀπαγωγῆς
549 2851 591 2885 Β.
613 2851 676 2885 Ht.
694 2851 872 2897 ἐπαγωγῆς
890 2852 985 2888 Aub.
1181 2855 1236 2890 26.
1263 2857 1317 2891 καὶ
1334 2856 1496 2900 κακοήθος
1517 2856 1693 2902 [κακόηθες
1710 2856 1873 2890 emendat

289 2892 443 2939 Migne.]
458 2897 599 2942 σφόδρα
616 2898 727 2943 φησὶν
744 2898 875 2933 habent
888 2899 929 2934 B.
944 2899 1035 2934 inter
1051 2912 1164 2936 uncos
1175 2902 1271 2938 Aub.
1322 2903 1423 2938 Forte
1440 2902 1630 2948 legendum
1647 2901 1872 2947 κάκακοήθως.
