1971 3272
98 166 136 191 x.
157 165 211 208 34
227 168 313 208 sqq.
360 154 426 194 IN
460 152 503 194 S.
528 154 698 195 JOAN.
763 154 877 194 LIB.
899 154 999 194 VII.
1066 153 1450 193 FRAGMENTA.
1600 154 1680 190 257

96 268 124 290 “
149 265 224 313 καὶ
270 264 294 314 ὁ
341 263 511 330 Πατὴρ
554 264 603 315 ἕν
646 263 830 328 ἐσμεν,”
871 264 1086 330 ἐλίθαζον
1129 262 1284 325 αὐτὸν,
1325 261 1457 312 ἀλλὰ
1505 261 1678 323 μάτην,

96 344 249 412 φησίν
290 349 347 396 Εἰ
385 346 572 412 ἐπείπερ
610 344 741 397 εἶπον
776 345 976 410 ἐμαυτὸν
1009 346 1149 407 Θεὸν,
1186 349 1307 396 δοκῶ
1343 347 1677 412 βλασφημεῖν,
1700 370 1720 394 0

97 427 222 477 διατί
244 433 327 478 τοῦ
357 427 548 494 Πατρὸς
574 428 809 495 εἰρηκότος
838 428 913 479 διὰ
938 435 1021 479 τοῦ
1049 429 1193 492 νόμου
1218 426 1337 494 πρὸς
1363 426 1470 479 τοὺς
1496 424 1679 490 ἀνθρώ-

95 531 214 562 πους
262 510 368 560 Θεοί
416 511 524 573 ἐστε,
579 513 660 561 οὐκ
713 512 921 577 ἐκρίνατε
972 516 1110 561 τοῦτο
1161 508 1276 560 εἶναι
1325 509 1678 576 βλασφημιάν;

54 604 75 641 5
96 596 235 642 τοῦτο
271 592 326 642 δέ
356 596 522 659 φησιν,
551 595 654 660 οὐχὶ
680 592 1105 660 προσκαλούμενος
1131 592 1298 645 αὐτοὺς
1329 595 1470 642 εἰπεῖν
1498 613 1539 641 τι
1567 587 1686 641 κατὰ

95 679 179 724 τοῦ
209 673 415 740 Πατρός·
458 676 569 725 ἀλλ’
598 676 812 742 ἐλέγχων
839 675 911 726 ὅτι
948 674 1030 726 τὸν
1059 674 1203 738 νόμον
1229 677 1456 740 ἀγνοοῦσι
1492 675 1566 722 καὶ
1601 671 1685 724 τὰς

96 755 438 810 θεοπνεύστους
475 756 681 826 γραφάς.
743 757 898 820 ἐπειδὴ
939 757 986 808 δὲ
1025 761 1120 808 τῶν
1161 757 1412 823 εἰρημένων
1452 759 1570 806 θεῶν
1609 756 1684 803 καὶ

96 843 179 888 τοῦ
219 838 363 906 φύσει
403 843 528 890 Θεοῦ
565 839 693 890 πολὺ
732 839 786 891 τὸ
825 839 989 903 με’σον,
1024 841 1077 890 δι’
1114 838 1179 889 ὧν
1214 839 1342 904 λε’γει
1382 836 1592 888 διδάσκει
1631 835 1685 886 τὸ

97 919 340 988 διάφορον·
382 925 419 972 εἰ
459 921 550 987 γὰρ
590 925 632 972 οἱ
671 921 911 988 ἄνθρωποι
945 922 1053 990 προς
1094 922 1161 976 οὓς
1197 921 1389 986 γέγονεν
1423 927 1439 972 ὁ
1472 922 1543 971 τοῦ
1575 920 1686 970 Θεοῦ

29 1021 76 1046 10
97 1003 259 1068 Λόγος,
287 1001 371 1054 θεοὶ
408 1004 672 1068 κέκληνται,
706 1009 780 1054 καὶ
818 1003 1227 1070 ἐλαμπρύνθησαν
1258 1007 1317 1071 τῇ
1352 1005 1434 1066 τῆς
1467 1001 1686 1065 θεότητος

95 1089 222 1152 τιμῇ,
248 1084 331 1136 τὸν
356 1092 440 1136 τοῦ
476 1089 602 1137 Θεοῦ
630 1084 791 1152 Λόγον
824 1085 1191 1149 εἰσοικισάμενοι
1231 1088 1306 1136 καὶ
1345 1083 1685 1150 εἰσδεδεγμένοι
1704 1094 1731 1134 (1

96 1165 216 1216 κατὰ
253 1166 430 1235 ψυχὴν,
463 1172 563 1221 πῶς
601 1169 684 1219 οὐκ
722 1166 781 1218 ἂν
819 1168 887 1233 εἵη
926 1167 1071 1236 φύσει
1111 1168 1246 1230 Θεὸς,
1279 1169 1303 1218 ὁ
1343 1168 1398 1217 δι’
1434 1166 1487 1217 ’ὸν
1526 1169 1687 1217 ἐκεῖνοι

96 1249 196 1298 θεοί
213 1270 226 1310 ;
272 1255 298 1277 “
320 1249 442 1303 Θεὸς
478 1248 570 1316 γὰρ
607 1249 665 1315 ἧν
691 1251 715 1300 ὁ
744 1249 945 1316 Λόγος,”
975 1249 1096 1300 κατὰ
1132 1249 1218 1313 τὴν
1244 1249 1465 1300 Ἰωάννου
1501 1247 1684 1317 φωνήν·
1749 1250 1857 1324 *iffilpffl

97 1331 122 1380 ὁ
147 1332 222 1381 καὶ
248 1336 345 1385 τοῖς
372 1331 542 1385 ἄλλοις
570 1337 710 1383 τοῦτο
748 1331 1055 1400 προξενήσας
1089 1330 1144 1382 τὸ
1181 1330 1422 1397 λαμπρόν.
1480 1336 1517 1381 εἰ
1543 1329 1635 1395 γὰρ
1663 1331 1687 1380 ὁ

29 1425 76 1464 15
97 1417 179 1463 τοῦ
208 1416 334 1464 Θεοῦ
364 1413 523 1479 Λόγος
549 1412 625 1464 διὰ
651 1420 734 1465 τοῦ
760 1414 930 1480 Ἀγίου
959 1412 1236 1477 Πνεύματος
1270 1412 1432 1479 ἀνάγει
1457 1411 1578 1478 πρὸς
1603 1410 1689 1475 τὴν

96 1493 213 1562 ὑπὲρ
241 1495 492 1561 ἄνθρωπον
518 1495 671 1563 χάριν,
699 1498 775 1547 καὶ
801 1501 1099 1559 κατακοσμεῖ
1123 1500 1251 1564 θεϊκῇ
1278 1499 1388 1563 τιμῇ
1416 1493 1523 1548 τοὺς
1550 1497 1596 1545 ἐν
1623 1494 1689 1548 οἷς

97 1575 154 1628 ἂν
181 1578 377 1643 γε’νοιτο,
406 1577 482 1629 διὰ
508 1579 565 1641 τί,
594 1582 734 1645 φησὶ,
764 1578 922 1644 λέγετε
947 1579 1010 1629 ’ὄτι
1036 1581 1332 1648 βλασφημεῖ),
1361 1578 1515 1643 λέγων
1542 1579 1683 1640 ε’μαυ-

95 1658 180 1711 τὸν
205 1664 306 1711 Ύὶον
335 1663 447 1712 Θεοῦ
486 1663 561 1711 καὶ
602 1660 760 1723 Θεόν,
815 1661 983 1727 καίπερ
1023 1663 1078 1712 δι’
1118 1659 1183 1712 ὧν
1221 1661 1540 1728 ἐνεχειρίσθην
1577 1661 1686 1724 παρ’

97 1744 240 1793 αὐτοῦ
265 1742 643 1810 μαρτυρούμενος
671 1742 742 1793 ὅτι
769 1742 891 1796 Θεός
923 1747 1014 1807 εἰμι
1048 1743 1209 1812 φύσει.
1264 1744 1469 1809 ἁγιάσας
1504 1741 1597 1808 γάρ
1632 1765 1689 1804 με

27 1847 76 1871 20
96 1825 359 1877 ἀπέστειλεν
388 1831 446 1880 εἰς
473 1825 541 1876 τον
572 1826 733 1893 κόσμον
751 1831 779 1854 “
798 1828 999 1892 Σωτῆρα
1025 1832 1109 1876 τοῦ
1135 1825 1360 1889 κόσμου·”
1401 1825 1515 1889 ὅπερ
1543 1824 1688 1887 μόνου
1707 1844 1727 1870 e
1747 1828 1908 1911 ijqffjstfl·

95 1907 200 1958 ἔστι
241 1908 386 1976 φύσει
421 1911 562 1970 Θεοῦ,
597 1908 650 1957 τὸ
690 1907 925 1957 δύνασθαι
966 1907 1213 1972 διασώζειν
1248 1909 1297 1959 ἐκ
1336 1913 1420 1958 τοῦ
1459 1906 1688 1966 διαβόλου

97 1991 175 2039 καὶ
201 1992 282 2052 τῆς
309 1989 538 2055 ἁμαρτίας
565 1991 640 2039 καὶ
667 1992 749 2052 τῆς
777 1993 961 2058 φθορᾶς
986 1988 1095 2043 τοὺς
1121 1990 1415 2054 ἀνθρώπους.

169 2073 313 2123 Ἀλλ’
350 2071 467 2125 ἴσως
500 2070 613 2121 ὅταν
649 2071 675 2134 ἡ
712 2071 813 2121 θεία
850 2071 969 2139 λε’γῃ
1004 2071 1184 2140 γραφὴ,
1216 2071 1346 2139 παρὰ
1379 2077 1462 2122 τοῦ
1498 2070 1688 2136 Πατρὸς

97 2153 400 2206 ἀπεστάλθαι
438 2153 520 2204 τὸν
555 2152 685 2215 Υὶὸν,
725 2152 860 2207 εὐθὺς
899 2155 923 2204 ὁ
963 2152 1189 2219 αἱρετικὸς
1227 2154 1410 2223 τροφὴν
1448 2157 1505 2222 τῇ
1546 2156 1688 2222 οἰκείᾳ

27 2254 76 2293 25
96 2235 259 2304 πλάνῃ
294 2241 490 2287 ποιεῖται
526 2234 612 2299 τὴν
639 2235 784 2304 λέξιν,
813 2236 909 2301 ε’ρεῖ
939 2238 995 2286 δέ
1023 2259 1116 2287 που
1150 2235 1339 2289 πάντως
1375 2236 1446 2287 ὅτι
1481 2238 1606 2298 ὑμεῖς
1646 2241 1687 2287 οὶ

95 2317 458 2385 παραιτούμενοι
497 2317 653 2383 λέγειν
688 2317 770 2368 τὸν
796 2315 913 2368 Υὶόν
952 2318 1183 2368 ἐλάττονα
1224 2324 1307 2369 τοῦ
1348 2318 1554 2385 Πατρδς,
1586 2323 1686 2372 πῶς

97 2401 184 2467 οὐχ
223 2402 360 2466 ὁρᾶτε
398 2401 507 2465 παρ’
537 2400 679 2450 αὐτοῦ
715 2398 1021 2463 πεμπόμενον
1052 2402 1114 2454 ὡς
1148 2399 1280 2466 παρὰ
1318 2400 1524 2467 μείζονάς
1563 2424 1687 2454 τινος

97 2483 172 2532 καὶ
199 2481 561 2547 ὑπερκειμένου;
605 2481 654 2531 τί
687 2482 768 2532 οὖν
795 2483 1020 2547 ἐροῦμεν;
1065 2480 1094 2545 ἢ
1123 2482 1193 2532 ὅτι
1220 2481 1273 2533 τὸ
1301 2486 1384 2546 τῆς
1408 2485 1685 2546 ἀποστολῆς
1703 2511 1724 2534 a
1754 2501 1904 2537 670A.

97 2562 259 2626 ὄνομα,
303 2561 519 2624 μάλιστα
566 2561 652 2625 μὲν
699 2563 865 2629 πρέπει
916 2567 1012 2616 τοῖς
1062 2567 1146 2626 τῆς
1196 2565 1437 2617 κενώσεως
1480 2565 1681 2629 μέτροις·

0 2667 78 2706 :30
98 2645 277 2698 ἀκούεις
313 2645 407 2711 γὰρ
443 2644 514 2695 ὅτι
550 2643 809 2695 συνάπτων
836 2646 860 2695 ὁ
890 2648 1086 2698 Παῦλος
1111 2646 1372 2714 ἀμφότερα,
1401 2645 1504 2696 τότε
1533 2649 1685 2713 φησὶν

145 2843 180 2877 5.
205 2833 481 2879 προκαλούμενος
499 2846 530 2868 a.
650 2834 702 2868 18.
728 2816 811 2868 οῦῶν
823 2833 902 2869 Cat.
921 2834 1022 2868 Harl.
1144 2845 1200 2869 21.
1227 2835 1348 2878 σώζειν
1365 2847 1395 2869 a.
1517 2846 1572 2880 23.
1599 2836 1684 2881 λέγῃ

99 2914 218 2960 γραφὴ
235 2914 304 2948 hoc
321 2913 444 2948 ordine
461 2926 492 2948 a.
513 2914 590 2950 Cat.
611 2914 711 2949 Harl.
730 2882 864 2960 [ypfizffiy
882 2891 966 2960 λέγῃ
986 2931 1015 2942 --
1033 2914 1119 2961 λέγῃ
1137 2915 1255 2961 γραφὴ
1275 2914 1351 2949 Cat.
1367 2914 1486 2960 Harl]
1585 2916 1639 2950 28.
1665 2915 1683 2957 ἢ

101 2972 172 2995 om.
191 2973 222 2995 a.
238 2960 345 2995 habet
363 2961 440 2996 Cat.
462 2961 566 2996 Harl.

159 3026 251 3055 voL.
274 3027 323 3056 11.
864 3029 888 3056 L
907 3015 922 3056 1
