2022 3272
95 151 162 177 xv.
188 151 221 178 1.
340 139 412 179 IN
455 139 497 179 S.
531 138 868 179 JOANNEM.
933 137 1054 178 LIB.
1092 138 1143 178 X.
1205 138 1338 177 CAP.
1375 138 1433 178 II.
1597 139 1678 177 545

97 245 310 313 καθάπερ
341 250 416 298 καὶ
443 248 499 316 ἐξ
527 247 791 313 ἀνθρώπων
823 246 883 297 τὰ
913 246 970 314 ἐξ
1001 247 1155 296 αὐτῶν
1182 245 1464 312 γεννήματα,
1490 248 1591 298 πῶς
1623 243 1680 294 ἂν
1699 268 1720 294 e

96 327 164 391 εἰἠ
204 328 323 379 κατὰ
361 329 587 394 ἀλήθειαν
613 328 757 391 Υἱός;
814 327 912 379 εἶτα
949 333 1050 381 πῶς
1091 328 1173 379 τὸν
1204 327 1433 393 μακάριον
1457 326 1681 388 Ἰωάννην

96 410 363 475 ἀποστήσει
419 412 621 477 λέγοντα
675 419 699 440 “
726 413 788 461 Ὁ
840 410 1121 475 ἀρνούμενος
1170 409 1253 461 τὸν
1303 409 1421 460 Υὶὸν
1471 411 1545 459 καὶ
1601 408 1683 459 τὸν
1747 405 1903 487 ζῇζὲᾗλη·

98 498 124 521 “
155 493 348 560 Πατέρα
387 493 658 560 ἀρνήσεται·
714 494 738 543 ὁ
779 495 1031 558 ὁμολογῶν
1069 491 1152 543 τὸν
1184 491 1302 543 Υὶὸν
1344 494 1572 556 ὁμολογεῖ
1607 493 1682 540 καὶ

55 581 126 627 5“
151 574 234 625 τὸν
276 575 469 642 Πατέρα
488 575 527 634 ;”
570 578 645 627 καὶ
687 575 868 639 ἀληθὴς
911 576 935 625 ὁ
977 574 1137 640 λόγος·
1199 577 1246 625 ἐν
1287 573 1380 640 γὰρ
1424 578 1491 642 τῷ
1542 573 1683 643 ἑτέρῳ

99 662 445 723 συναναιρεῖται
480 658 668 712 πάντως
704 659 778 708 καὶ
814 658 1169 726 συνυφίσταται
1198 656 1252 707 τὸ
1282 657 1451 721 ἕτερον.
1508 656 1562 706 οὐ
1591 654 1685 721 γὰρ

99 737 156 788 ἂν
187 739 255 803 ε’ίη
293 739 450 806 πατὴρ
489 742 572 791 οὐκ
611 740 743 793 ὄντος
782 742 893 801 υἱοῦ,
926 739 1025 790 οὐδ’
1054 738 1112 789 ἂν
1144 738 1238 793 υἱὸς
1278 736 1429 789 νοοῖτό
1467 760 1581 789 ποτε
1619 737 1685 799 μὴ

99 821 203 888 οὐχὶ
229 820 417 875 πάντως
444 823 570 891 αὐτῷ
596 821 1018 885 συνεπινοουμένου
1048 826 1130 872 τοῦ
1159 821 1420 888 φύσαντος.
1466 825 1503 871 εὶ
1529 820 1685 871 τοίνυν

100 904 304 968 ἀρνεῖται
346 903 428 955 τὸν
466 903 601 955 Υὶόν·
660 905 903 971 ἑτερογενῆ
950 903 1042 970 γὰρ
1087 901 1204 954 εἶναι’
1244 908 1381 971 φησί
1428 906 1503 953 καὶ
1544 903 1686 953 αὐτὸν

32 1005 81 1031 10
100 984 343 1051 ἠρνήσατο
394 985 476 1037 τὸν
521 987 731 1052 Πατέρα.
798 987 846 1037 τί
892 987 974 1036 οὖν
1019 983 1056 1035 ῶ
1099 984 1327 1047 βέλτιστε
1379 983 1497 1049 πρὸς
1540 990 1728 1036 ταῦτατι
1759 998 1914 1036 865Δ.

101 1067 246 1133 ἐρεῖς;
295 1071 356 1122 εἱς
394 1068 499 1119 τίνα
538 1068 709 1120 λοιπὸν
747 1069 776 1132 ἡ
815 1069 1008 1130 πίστις,
1057 1073 1148 1119 ποῦ
1189 1070 1271 1131 τῆς
1311 1067 1447 1132 ἁγίας
1483 1066 1688 1133 Τριάδος

101 1149 130 1213 ἡ
180 1147 335 1218 δόξα;
397 1150 594 1202 λέλυται
639 1150 734 1217 γὰρ
780 1153 855 1201 καὶ
900 1149 1084 1217 φρούδη
1128 1148 1298 1200 λοιπὸν
1342 1149 1370 1213 ἡ
1421 1153 1517 1199 τῶν
1561 1148 1689 1200 ὅλων

103 1237 347 1298 κρατοῦσα
385 1233 546 1300 φύσις,
581 1235 629 1284 ε’ν
663 1237 833 1301 ψιλαῖς
870 1233 980 1297 ἡμῖν
1015 1236 1319 1296 σημανθεΐσα
1356 1231 1521 1300 λέξεσι
1559 1231 1690 1298 παρὰ

103 1317 187 1378 τῆς
213 1315 347 1380 ἁγίας
382 1319 589 1384 γραφῆς·
633 1315 881 1382 ἀναγκάζει
916 1314 1008 1381 γὰρ
1046 1315 1166 1378 ἡμᾶς
1203 1316 1278 1364 καὶ
1313 1312 1389 1364 διὰ
1424 1318 1518 1364 τῶν
1543 1314 1690 1367 οὕτως

38 1407 84 1445 Ι5
105 1396 451 1464 ἀπηχεστάτων
477 1398 589 1448 ἰέναι
626 1397 788 1463 λόγων
814 1398 841 1461 ἡ
878 1396 1060 1447 ἐκείνων
1086 1396 1363 1464 ἀποπληξία
1398 1397 1474 1446 καὶ
1510 1398 1685 1463 ψευδο-

104 1478 264 1541 μυθία.
318 1480 428 1529 ἀλλ’
465 1479 582 1534 ’ἴσως
620 1479 675 1531 τὸ
713 1483 796 1544 τῆς
837 1479 1112 1547 δυσφημίας
1154 1479 1432 1531 καταδείσας
1472 1477 1687 1544 μέγεθος,

104 1562 346 1625 ἀλλογενῆ
373 1560 459 1625 μὲν
484 1560 604 1612 εἶναι’
627 1567 766 1631 φησι,
786 1564 1100 1628 γεγεννῆσθαι
1126 1559 1276 1626 γεμὴν
1301 1559 1431 1626 παρὰ
1456 1565 1539 1611 τοῦ
1567 1564 1692 1611 Θεοῦ

104 1644 181 1693 καὶ
222 1642 427 1710 Πατρός.
493 1644 623 1708 ἡμεῖς
665 1643 713 1695 δὲ
753 1645 812 1694 αὖ
849 1643 998 1695 πάλιν
1036 1647 1179 1694 εἰπεῖν
1217 1643 1544 1707 ἀπαιτήσομεν
1579 1645 1694 1696 Πῶς

105 1724 198 1790 ἄρα
223 1729 538 1791 γεγεννῆσθαι
566 1727 737 1777 δίδωσί
759 1748 808 1776 τε
845 1728 921 1776 καὶ
957 1726 1189 1790 ὁμολογεῖ
1206 1746 1218 1787 3
1263 1728 1300 1775 εὶ
1325 1723 1410 1788 μὲν
1435 1724 1529 1790 γὰρ
1556 1726 1619 1778 ὡς
1645 1723 1693 1775 ἓν
1709 1734 1736 1775 b

38 1825 88 1851 20
106 1811 201 1858 τῶν
238 1807 526 1872 κτισμάτων,
565 1807 685 1859 κατὰ
723 1807 897 1875 σχέσιν
935 1807 1020 1871 τὴν
1056 1809 1116 1860 ὡς
1162 1808 1210 1857 ἐν
1248 1805 1412 1874 ἀγάπῃ
1454 1808 1531 1857 καὶ
1575 1805 1695 1856 κατὰ

106 1886 326 1953 θέλησιν·
367 1888 524 1941 πάντα
555 1890 649 1956 γὰρ
681 1891 731 1940 ἐκ
756 1893 882 1940 Θεοῦ
916 1888 1120 1954 λέγεται·
1163 1887 1239 1938 διὰ
1264 1893 1358 1939 τῶν
1383 1889 1537 1939 αὐτῶν
1563 1889 1695 1940 οὐδὲν

106 1970 248 2035 ἧττον
284 1971 386 2040 ἥξει
425 1976 770 2040 βλασφημιῶν.
838 1973 995 2036 ἀληθῆ
1035 1970 1082 2021 δὲ
1121 1970 1204 2021 τὸν
1240 1968 1379 2021 τόκον
1417 1969 1573 2029 εἰπὼν,
1614 1971 1692 2021 ε”κ-

108 2052 267 2122 φυλόν
292 2076 341 2104 τε
368 2051 483 2104 εἶναι
510 2053 936 2117 διαβεβαιούμενος,
964 2054 1039 2102 καὶ
1072 2054 1312 2118 ἀλλογενῆ
1347 2052 1503 2118 λέγων
1530 2052 1596 2103 ε”τι
1620 2055 1697 2103 καὶ

107 2134 227 2199 μετὰ
265 2140 416 2199 τοῦτο,
445 2135 741 2200 δυσσεβήσει
776 2134 966 2188 πάντως
998 2138 1063 2187 εἰς
1097 2132 1238 2185 αὑτὸν
1269 2133 1352 2185 τὸν
1377 2134 1694 2199 γεννήσαντα·

42 2216 134 2276 25ὃ
170 2216 264 2283 γὰρ
298 2219 374 2268 καὶ
409 2216 526 2282 αὐτὴ
561 2216 876 2285 παρῃτήσατο
911 2220 1079 2268 παθεῖν
1105 2220 1200 2267 τῶν
1227 2221 1434 2282 γενητῶν
1464 2216 1492 2280 ἡ
1527 2215 1694 2285 φύσις,

109 2305 248 2355 τοῦτο
280 2299 336 2364 δὴ
371 2298 561 2353 πάντως
595 2299 876 2367 ὑποδείξειεν
904 2299 1218 2362 ὑπομείναντα
1242 2297 1324 2349 τὸν
1352 2298 1493 2349 Θεόν.
1549 2297 1577 2363 ἢ
1604 2297 1698 2364 γὰρ

110 2382 215 2449 οὐχὶ
251 2381 306 2433 τὸ
345 2381 395 2432 ἔκ
432 2404 556 2435 τινος
594 2379 714 2432 κατὰ
753 2381 904 2449 φύσιν
936 2380 1273 2447 γεγεννημένον
1299 2382 1503 2445 ἀληθῶς,
1531 2379 1695 2442 ὁμοού-
1714 2402 1736 2428 o

110 2486 219 2515 σιον
253 2468 320 2532 τῷ
350 2463 530 2514 τεκόντι
562 2463 810 2531 φαίνεται;
852 2464 928 2513 καὶ
957 2466 1058 2516 πῶς
1097 2463 1184 2529 οὐχ
1224 2461 1377 2513 ἅπασι
1414 2461 1693 2529 συμφανές;

111 2547 279 2597 οὐκοῦν
322 2546 350 2609 ἡ
395 2545 480 2609 μὲν
523 2545 674 2597 κτίσις
718 2542 838 2594 κατὰ
886 2543 1034 2609 λόγον
1078 2542 1267 2610 πρόεισι
1309 2543 1393 2594 τὸν
1437 2542 1693 2608 πρέποντα·

43 2655 95 2691 3ο
112 2629 251 2680 τίκτει
290 2626 384 2694 γὰρ
422 2627 505 2676 οὐκ
544 2627 796 2690 ἀλλογενῆ·
844 2624 990 2689 μόνον
1029 2624 1078 2676 δὲ
1115 2624 1332 2676 παθόντα
1368 2623 1451 2675 τὸν
1483 2621 1607 2674 Θεὸν
1644 2621 1699 2674 τὸ

111 2711 318 2761 ἐναντίον
357 2706 634 2775 εὑρήσομεν,
669 2706 794 2773 ε’ίπερ
833 2708 1076 2772 ἀλλογενῆ
1115 2706 1366 2772 γεγέννηκε
1410 2707 1486 2757 καὶ
1525 2706 1608 2756 οὐκ
1645 2704 1704 2774 ἐξ

114 2793 231 2846 ἰδίας
260 2790 450 2860 φύσεως
483 2788 566 2840 τὸν
592 2786 726 2839 Υὶόν.

762 2950 795 2980 4.
820 2937 991 2982 ἠρνήσατο
1010 2937 1054 2972 Ε.

174 3007 266 3035 von.
291 3008 339 3034 11.
887 3006 915 3044 4
936 3006 962 3031 A
