2037 3266
330 149 414 189 540
730 151 780 190 B.
813 150 1093 191 CYRILLI
1133 149 1513 190 ALEXANDR.
1786 158 1921 186 xv.1⁷

332 257 596 310 ἀκόλουθον
646 258 772 328 ζήλῳ
823 263 890 329 τῷ
939 259 1148 328 φιλοθέῳ
1200 258 1520 323 κεκινημένους
1572 259 1777 307 καθεῖναι
1830 253 1915 318 τὴν

287 343 313 383 b
332 339 491 408 μάχην
523 339 609 404 τὴν
639 343 688 392 ἐν
720 345 974 406 λογισμοῖς
1008 365 1057 392 τε
1096 342 1171 391 καὶ
1210 340 1406 405 λόγοις,
1450 339 1516 404 ε’ίη
1552 338 1644 404 γὰρ
1679 337 1738 387 ἂν
1771 337 1917 389 οὕτως

333 421 616 477 εὐκάτοπτός
651 446 699 474 τε
741 426 909 491 κομιδῇ
951 427 1045 473 τῶν
1085 424 1138 472 δι’
1183 423 1390 475 ἐναντίας
1435 422 1462 485 ἡ
1507 419 1784 485 πανουργία.
1840 419 1916 468 καὶ

334 505 447 573 φερε
486 505 542 569 δὴ
582 510 772 571 πρῶτον
811 507 955 555 ἐκεῖνο
994 504 1222 569 λέγωμεν,
1260 503 1330 554 ὅτι
1365 503 1419 555 τὸ
1458 505 1506 554 ἐν
1537 502 1917 568 παραδείγματος

333 586 464 654 τάξει
490 585 676 654 ληφθὲν
703 589 777 637 καὶ
817 589 880 640 εἷς
916 586 1143 649 ὁμοίωσιν
1169 585 1254 650 τὴν
1279 591 1362 637 τοῦ
1396 585 1675 651 πράγματος
1706 587 1910 634 εἰσκεκο-
1936 600 1958 638 5

332 668 577 732 μισμείὀν,
619 672 680 722 εἷς
725 669 1043 736 φυσιολογίας
1092 668 1282 734 τρόπον,
1324 667 1427 731 ἤτοι
1475 667 1639 720 οὐσίας
1689 665 1917 730 δήλωσιν,

333 752 552 810 ἐκλαβεῖν
579 751 661 800 οὐκ
697 749 918 816 εὐκαίρως
949 750 1148 814 ἀνόητον
1173 754 1437 803 παντελῶς·
1480 747 1606 812 οἶμαι
1641 747 1733 813 γὰρ
1770 747 1918 812 ε”γωγε

331 830 439 885 τοὺς
466 835 528 885 εἷς
555 832 734 882 ἕκαστα
759 837 853 882 τῶν
880 832 1151 897 λεγομένων
1177 832 1384 883 συνιέναι
1416 833 1641 883 θέλοντας
1676 831 1825 896 ὀρθῶς
1856 831 1918 881 εἷς

332 913 415 963 τὸν
441 919 524 964 τοῦ
552 914 853 980 θεωρήματος
881 914 1173 973 ἀποβλέπειν
1200 913 1397 976 σκοπὸν,
1426 917 1501 964 καὶ
1535 913 1584 964 τί
1613 911 1729 976 μετὰ
1761 916 1918 978 χεῖρας

295 995 455 1062 Οὲχων
494 997 518 1046 ὁ
560 1002 642 1046 τοῦ
686 995 837 1061 λόγου
883 995 1166 1062 δημιουργὸς
1209 1001 1406 1048 ποιεῖται
1457 995 1540 1059 τὴν
1579 993 1789 1062 διάλεξιν
1827 992 1919 1043 σὺν
1941 1017 1988 1041 10

334 1081 498 1144 πολλῇ
544 1081 602 1144 τῇ
648 1077 880 1145 φρονήσει
927 1079 1339 1129 κατασκέπτεσθαι
1385 1079 1494 1129 δεῖν.
1559 1075 1728 1127 σκόπει
1767 1075 1816 1126 δὲ
1861 1074 1918 1138 δὴ

332 1158 480 1209 πάλιν
512 1159 568 1227 ἐξ
601 1160 755 1209 αὐτῶν
787 1159 896 1222 ἡμῖν
923 1164 1017 1210 τῶν
1048 1158 1371 1225 προκειμένων,
1398 1163 1434 1209 εἰ
1472 1157 1538 1223 μή
1576 1181 1656 1208 σοι
1695 1161 1920 1220 δοκοῦμεν

333 1240 508 1305 ἄριστα
554 1240 724 1306 λέγειν.
799 1242 881 1291 οὐκ
925 1239 982 1304 ἧν
1022 1240 1139 1304 μετὰ
1185 1246 1341 1308 χεῖρας
1386 1244 1451 1310 τῷ
1495 1243 1679 1305 Σωτῆρι
1719 1243 1919 1308 Χριστῷ

334 1321 517 1390 διδάξαι
543 1322 649 1375 τοὺς
675 1323 904 1386 μαθητὰς,
934 1325 995 1376 ὡς
1028 1323 1095 1386 εἰἠ
1121 1322 1206 1386 μὲν
1233 1322 1371 1376 αὐτὸς
1407 1322 1526 1373 κατὰ
1565 1322 1715 1390 φύσιν
1743 1321 1914 1387 ἕτερος,

334 1404 532 1469 ἑτεροῖος
579 1403 627 1455 δὲ
674 1406 697 1455 ὁ
746 1403 929 1470 Πατὴρ,
975 1404 1078 1455 οὐδὲ
1130 1404 1206 1455 διὰ
1255 1411 1393 1455 τοῦτο
1443 1402 1657 1470 γεωργὸν
1707 1402 1791 1465 μὲν
1836 1402 1919 1454 τὸν
1941 1426 1989 1465 15

336 1486 559 1552 φύσαντα
587 1491 746 1536 καλεῖν
774 1485 889 1555 ᾤετο
917 1490 1020 1548 δεῖν,
1049 1486 1263 1549 ἄμπελον
1290 1486 1336 1537 δὲ
1369 1486 1548 1537 ἑαυτόν.
1603 1490 1639 1536 εἰ
1666 1484 1760 1551 γὰρ
1786 1485 1919 1538 οὗτος

336 1567 391 1632 ἧν
420 1570 443 1618 ὁ
479 1569 660 1622 σκοπὸς
693 1571 740 1618 ἐν
772 1569 911 1637 αὐτῷ,
936 1568 985 1618 τί
1014 1568 1079 1632 μὴ
1114 1568 1251 1635 μέχρι
1287 1568 1466 1619 τούτων
1492 1570 1604 1632 ἵστη
1639 1566 1721 1618 τὸν
1748 1566 1915 1633 λόγον,

336 1649 467 1700 οὐδὲν
519 1650 641 1702 ὅλως
693 1650 849 1716 ἕτερον
899 1651 1328 1715 προσεπενεγκών;
1390 1651 1663 1717 άσύγχυτον
1713 1649 1806 1715 γὰρ
1862 1647 1922 1699 ἂν

336 1731 592 1795 ἐποιήσατο
642 1730 728 1795 τὴν
773 1733 987 1796 δήλωσιν
1030 1738 1112 1782 τοῦ
1155 1733 1318 1783 οἰκείου
1358 1738 1558 1790 σκοποῦ,
1602 1730 1721 1782 κατά
1771 1755 1823 1797 γε
1866 1730 1920 1782 τὸ

337 1815 444 1876 ὑμῖν
472 1817 651 1876 δοκοῦν,
680 1818 715 1864 εἷ
751 1813 895 1876 μόνον
920 1812 1166 1877 ὠνόμασεν
1198 1813 1361 1864 ἑαυτόν
1395 1837 1443 1864 τε
1483 1816 1558 1864 καὶ
1596 1813 1678 1864 τὸν
1708 1813 1916 1879 Πατέρα.
1941 1833 1991 1859 20

337 1900 433 1946 νυνὶ
461 1895 508 1946 δὲ
536 1899 846 1962 προκαταθεῖς
879 1896 1092 1959 ἄμπελον
1117 1895 1202 1959 μὲν
1227 1896 1402 1958 ἑαυτὸν,
1430 1895 1684 1960 κλημάτων
1711 1895 1758 1946 δὲ
1790 1897 1922 1959 δίκην

336 1980 571 2044 ἠρτῆσθαι
615 1979 771 2043 λέγων
812 1980 945 2042 ἡμᾶς,
991 1976 1089 2028 εἶτα
1133 1981 1216 2042 τῆς
1259 1979 1488 2044 γεωργίας
1538 1976 1592 2028 τὸ
1642 1977 1922 2041 ἐπιτήδευμα

335 2063 537 2126 περιθεὶς
564 2065 629 2129 τῷ
658 2062 829 2126 Πατρῖ,
857 2064 1001 2124 δῆλος
1029 2058 1087 2110 ἂν
1113 2060 1179 2124 εἰἠ
1207 2064 1281 2111 καὶ
1307 2064 1458 2111 πᾶσιν
1483 2058 1610 2123 οἶμαι
1635 2058 1922 2127 καταφανὴς,

337 2144 399 2194 ὡς
439 2142 570 2192 οὐδὲν
602 2142 686 2203 μὲν
720 2148 930 2192 τοιοῦτον
968 2144 1131 2192 ὁποῖον
1170 2143 1296 2204 ὑμεῖς
1336 2140 1626 2209 ὑπειλήφατε
1666 2144 1816 2204 δηλοῖ,
1848 2140 1923 2191 διὰ

337 2224 527 2290 παχέων
567 2223 613 2273 δὲ
653 2221 817 2289 ὥσπερ
856 2225 930 2273 καὶ
971 2227 1066 2276 τοῖς
1105 2230 1188 2273 τοῦ
1229 2224 1451 2286 σώματος
1491 2224 1760 2291 ὀφθαλμοῖς
1802 2224 1916 2273 ὑπο·
1942 2241 1990 2279 25

337 2304 605 2355 πιπτόντων
631 2304 1027 2370 παραδειγμάτων
1053 2306 1304 2355 ἀναπεῖσαι
1338 2304 1563 2366 βούλεται
1598 2304 1704 2358 τοὺς
1739 2306 1918 2369 ἀκροω-

300 2412 321 2437 e
338 2386 518 2450 μένους,
545 2386 616 2436 ὅτι
650 2387 812 2444 πάσης
848 2387 957 2449 ἡμῖν
983 2386 1308 2455 καρποφοριάς
1338 2389 1650 2450 πνευματικῆς
1677 2386 1704 2449 ἡ
1731 2386 1922 2448 δύναμις

338 2465 448 2533 παρ’
477 2468 632 2530 αὐτοῦ,
661 2467 872 2533 καθάπερ
900 2469 981 2518 οὖν
1008 2468 1170 2531 ἀμέλει
1198 2470 1272 2518 καὶ
1307 2473 1403 2522 τοῖς
1438 2471 1520 2531 τῆς
1552 2467 1676 2534 ῥίζης
1699 2489 1916 2534 προσπε-

339 2549 518 2618 φυκόσι
544 2549 758 2613 κλήμασι
785 2549 976 2612 ποιότης
1002 2550 1112 2615 παρ’
1140 2551 1294 2613 αὐτῆς.
1348 2549 1485 2600 δοτὸν
1511 2549 1595 2613 μὲν
1621 2550 1714 2616 γὰρ
1740 2552 1789 2600 ἐν
1814 2550 1923 2613 ἡμῖν

337 2636 433 2681 πᾶν
461 2631 576 2697 ὅπερ
609 2631 774 2698 ἔχομεν
801 2632 996 2696 ἀγαθὸν,
1025 2635 1134 2700 Θεῷ
1170 2631 1218 2682 δὲ
1254 2631 1419 2682 οὐκέτι·
1463 2632 1566 2682 ἔστι
1593 2631 1686 2696 γὰρ
1711 2630 1848 2685 αὐτὸς
1875 2633 1922 2682 ἐν
1941 2651 1990 2687 30

338 2714 486 2782 ἑαυτῷ
525 2718 620 2763 τῶν
659 2714 787 2764 ἰδίων
824 2714 1260 2777 πλεονεκτημάτων,
1302 2714 1443 2782 δόξης
1490 2737 1539 2764 τε
1584 2717 1658 2765 καὶ
1705 2714 1922 2782 ἐξουσίας

387 2863 489 2896 2—-p.
506 2861 586 2895 542,
609 2864 648 2897 19
668 2853 750 2887 citat
768 2865 801 2897 p.
978 2863 1011 2897 3.
1038 2852 1229 2887 διεναντίων
1248 2854 1302 2898 (ut
1321 2864 1427 2897 supra
1445 2853 1513 2887 860
1526 2852 1564 2896 b)
1586 2853 1627 2887 E.
1793 2854 1826 2888 8.
1852 2855 1922 2889 τοῖς

337 2899 534 2943 λεγομένοις
551 2912 585 2943 p.
732 2899 783 2933 16.
811 2900 930 2933 ἑαυτόν
948 2899 1027 2944 E.p.
1045 2900 1148 2934 αὐτὸν
1165 2900 1232 2934 Ed,
1379 2899 1432 2933 ΣΒ.
1458 2901 1741 2945 προσεπενεγκών
1759 2912 1792 2945 p.
1811 2914 1920 2945 προσ-

338 2947 527 2989 επενεγκεῖν
546 2946 586 2979 Ε.
605 2948 918 2990 προεπεισενεγκών
937 2946 1004 2980 Ed.
