2022 3272
131 133 213 173 xvi.
238 146 389 187 23,24.
426 134 495 173 IN
539 133 581 173 S.
617 132 956 172 JOANNEM.
1026 132 1144 171 [ΑΒ.
1181 132 1255 171 xl.
1320 132 1453 172 (ml).
1494 131 1548 170 ll.
1637 131 1717 169 015

131 243 470 309 γεγραμμένον,
495 245 569 293 καὶ
596 247 652 310 τῇ
679 248 762 293 τοῦ
791 241 1066 304 Πνεύματος
1094 243 1319 309 δᾳδουχίᾳ
1346 239 1720 305 λελαμπρυσμέ-

132 348 201 376 νοι
227 326 309 376 τὸν
332 331 452 387 νοῦν,
472 325 628 376 πάντα
655 323 825 376 λοιπὸν
846 323 1072 374 δύνωνται
1101 328 1233 384 νοεῖν,
1253 325 1327 373 καὶ
1354 327 1389 372 εἰ
1417 321 1480 385 μὴ
1507 321 1720 386 παρόντα

130 407 275 474 τυχὸν
296 410 548 476 διερωτῲεν
570 407 724 458 αὐτόν.
763 408 816 457 ού
844 406 936 471 γὰρ
964 405 1033 455 ὅτι
1063 405 1310 469 δεήσονται
1338 404 1422 466 μὲν
1443 404 1591 454 οὐκέτι
1620 409 1720 471 ψω-

131 490 369 555 ταγωγιάς
408 493 490 553 τῆς
528 491 636 556 παρ’
667 491 807 540 αὐτοῦ
847 488 905 539 τὰ
938 486 1130 538 τοιαῦτά
1163 492 1315 555 φησιν
1343 487 1366 536 ὁ
1400 484 1581 551 Σωτὴρ,
1609 486 1718 534 ἀλλ’

92 589 112 624 5
134 572 204 623 ὅτι
230 571 284 623 τὸ
311 572 426 623 ἴδιον
453 574 594 623 αὐτοῦ
621 571 865 640 δεξάμενοι
896 575 1092 633 Πνεῦμα
1126 572 1200 620 καὶ
1233 571 1437 620 ἐνοικοῦν
1465 568 1648 635 ἔχοντες
1676 569 1723 617 ἐν

134 656 357 722 καρδίαις,
385 657 630 722 ἀπροσδεᾶ
655 654 831 708 παντὸς
863 656 1045 719 ἀγαθοῦ
1073 655 1147 703 καὶ
1177 653 1398 718 γνώσεως
1431 654 1513 713 τῆς
1548 657 1714 700 τελεω-

134 737 278 801 τάτης
324 739 576 789 ἀνάπλεων
613 737 698 800 τὴν
738 736 943 787 διάνοιαν
982 736 1158 804 ἕξουσι.
1224 736 1406 785 τελείαν
1449 732 1497 783 δὲ
1543 737 1762 797 γνῶσινο

135 818 254 870 εἶναί
277 826 448 888 φαμεν,
476 819 561 884 τὴν
589 819 734 886 ὀρθήν
762 842 810 869 τε
848 820 921 869 καὶ
953 818 1292 885 ἀδιάστροφον,
1320 819 1393 867 καὶ
1430 815 1607 882 ἀπηχὲς
1640 814 1724 878 μὲν

136 901 269 953 οὐδὲν
295 902 322 967 3>
362 907 552 970 φρονεῖν
578 902 605 967 ἢ
643 902 797 966 λε’γειν
828 901 1127 968 ἀνεχομένην,
1156 902 1306 966 ὀρθῶς
1345 897 1392 949 δὲ
1429 897 1725 967 δοξάζουσαν

1793 985 1889 1011 Ι(“υΓ.

1788 1026 1853 1056 xiii.
1878 1035 1924 1063 12)

135 1090 286 1130 πομεν
322 1068 425 1134 ὀίρτι
466 1069 519 1118 δι’
550 1066 786 1132 ἐσόπτρου
827 1067 901 1116 καὶ
939 1067 986 1116 ἐν
1022 1066 1278 1131 αἰνίγματι,
1313 1066 1388 1115 καὶ
1428 1063 1726 1130 γινώσκομεν
1789 1080 1817 1109 9·

70 1008 118 1032 10
135 987 239 1051 περὶ
275 988 357 1049 τῆς
394 986 528 1051 ἁγίας
566 1008 613 1036 τε
649 987 724 1035 καὶ
760 984 1014 1047 ὁμοουσίου
1042 982 1262 1049 Τριάδος.
1319 985 1354 1032 εἰ
1386 980 1479 1047 γὰρ
1506 983 1580 1031 καὶ
1607 981 1721 1042 βλέ-

137 1151 186 1200 ἐκ
224 1149 406 1216 με’ρους,
439 1149 558 1201 κατὰ
597 1150 682 1214 τὴν
717 1155 799 1200 τοῦ
837 1149 1039 1200 Παύλου
1078 1147 1256 1216 φωνὴν,
1296 1146 1427 1197 ἀλλά
1465 1170 1519 1213 γε
1559 1150 1641 1211 τῆς
1680 1149 1727 1196 ἐν

137 1237 232 1285 τοῖς
278 1232 515 1296 δόγμασιν
560 1233 796 1299 ἀκριβείας
848 1233 930 1282 οὑκ
983 1231 1075 1300 ἔξω
1126 1231 1381 1292 βαίνοντες,
1428 1238 1723 1280 κατακολου-

139 1318 329 1368 θοῦντες
368 1316 414 1366 δέ
451 1320 517 1385 τῷ
552 1319 722 1384 σκοπῷ
761 1318 843 1378 τῆς
879 1314 1014 1380 ἁγίας
1051 1315 1126 1364 καὶ
1162 1310 1477 1364 θεοπνεύστου
1513 1315 1724 1381 γραφῆς,

72 1418 118 1456 15
138 1401 320 1461 γνῶσιν
353 1397 521 1465 ε”χομεν
555 1398 638 1448 οὐκ
677 1399 837 1460 ἀτελῆ,
872 1395 930 1459 ἣν
966 1396 1048 1446 οὐκ
1087 1394 1145 1445 ἂν
1180 1393 1281 1445 ἕλοι
1319 1417 1388 1448 τις
1429 1395 1610 1460 ἑτερως,
1646 1395 1773 1444 ούκᾰ

137 1480 502 1548 ἐπιλάμψαντος
541 1481 666 1549 αὐτῷ
706 1485 788 1530 τοῦ
820 1479 988 1544 εΑγιόυ
1018 1478 1310 1541 Πνεύματος.
1368 1475 1444 1527 διά
1481 1499 1552 1527 τοι
1591 1481 1730 1527 τοῦτο

138 1563 447 1629 παροτρύνων
490 1561 597 1616 τοῦς
647 1560 860 1625 μαθητὰς
912 1564 974 1614 εἷς
1026 1560 1216 1623 αἴτησιν
1263 1564 1358 1610 τῶν
1402 1563 1731 1622 πνευματικῶν

139 1643 466 1712 χαρισμάτων,
507 1646 624 1709 ὁμοῦ
664 1643 711 1695 δὲ
750 1643 904 1697 διδοὺς
942 1643 996 1694 τὸ
1038 1644 1239 1709 θαῤῥεΐν,
1276 1645 1337 1695 ὡς
1375 1645 1609 1694 αἰτοῦντες
1646 1642 1729 1691 οὐκ

140 1727 493 1796 ἀποτεύξονται,
521 1731 579 1796 τῇ
609 1733 692 1778 τοῦ
717 1724 854 1795 Ἀμὴν
881 1724 1135 1793 προσθήκῃ
1170 1730 1360 1786 βεβαιοῖ
1387 1723 1506 1790 πρὸς
1541 1724 1725 1785 πίστιν,

74 1837 123 1861 20
142 1810 203 1863 ὡς
238 1809 281 1860 εἴ
310 1833 353 1860 τι
382 1833 472 1876 περ
505 1809 562 1860 ἂν
594 1809 797 1861 ἐθέλοιεν
820 1807 1102 1874 προσιόντες
1140 1810 1295 1869 αἷτεῖν,
1322 1807 1564 1875 λήψονται
1598 1807 1729 1872 παρὰ

140 1897 223 1941 τοῦ
250 1892 456 1957 Πατρὸς,
483 1893 626 1943 αὐτοῦ
654 1891 875 1955 δηλονότι
906 1893 980 1941 καὶ
1013 1890 1340 1953 μεσιτεύοντος
1371 1890 1446 1939 καὶ
1478 1912 1726 1956 συγχορη-

141 1979 338 2038 γοῦντος
373 1978 439 2044 τῷ
468 1974 640 2040 Πατρί.
697 1979 836 2024 τοῦτο
870 1973 964 2039 γάρ
1001 1974 1103 2023 ἐστι
1138 1972 1191 2023 τό
1222 1976 1292 2022 Ἐν
1319 1978 1379 2042 τῷ
1414 1974 1591 2038 ὀνόματί
1623 1990 1726 2039 μου·

140 2054 375 2121 πρόσιμεν
402 2055 494 2122 γὰρ
521 2080 607 2152 ουχ
633 2056 798 2122 ἑτέρως
825 2060 890 2107 τῶ
919 2059 1028 2107 Θεῶ
1055 2078 1130 2106 και
1158 2057 1327 2121 Πατρὶ,
1355 2058 1391 2104 εὶ
1417 2053 1481 2118 μὴ
1509 2055 1563 2104 δι’
1593 2056 1728 2104 Υἱοῦ.

142 2139 196 2188 δι’
227 2139 368 2189 αὐτοῦ
393 2137 538 2205 γᾶρ“
553 2162 639 2202 την
665 2137 993 2204 προσαγωγὴν
1019 2135 1288 2204 ἐσχήκαμεν
1319 2137 1366 2186 ἐν
1399 2138 1463 2187 ἑνι
1490 2136 1731 2200 Πνεύματι
1752 2159 1772 2185 e
1794 2137 1877 2177 E1h
1894 2138 1927 2170 ii.

75 2230 170 2278 25⁶⁶
196 2222 316 2288 πρὸς
351 2221 434 2272 τὸν
464 2221 693 2288 Πατερα,’
723 2244 842 2271 κατα
879 2220 932 2271 τὸ
967 2242 1310 2286 γεγραμμενον.
1372 2218 1448 2270 δια
1483 2224 1622 2269 τοῦτο
1658 2218 1738 2268 καί

145 2309 296 2373 φησιν
324 2303 499 2370 “'Ey03
526 2307 617 2367 εἶμι
648 2304 675 2368 ἡ
703 2303 840 2370 θύρα·
883 2303 974 2369 ἐγώ
1009 2306 1100 2365 εἶμι
1135 2302 1162 2365 ἡ
1201 2301 1324 2356 ὁδός·
1368 2302 1515 2354 οὐδεὶς
1553 2300 1736 2368 ἔρχεται
1799 2312 1904 2370 ξυρῷ

145 2394 171 2416 “
197 2385 316 2453 πρὸς
354 2385 436 2437 τὸν
464 2386 657 2451 Πατέρα
686 2389 723 2436 εἰ
762 2385 827 2450 μὴ
867 2384 922 2436 δι’
950 2385 1105 2448 ἐμοῦ.”
1147 2382 1177 2452 ᾗ
1213 2383 1299 2447 μὲν
1335 2382 1430 2449 γάρ
1465 2385 1596 2434 ε’στιν
1622 2381 1739 2436 Υἱὸς
1798 2365 1914 2428 {if-⁸6·

145 2469 220 2519 καὶ
248 2468 384 2529 Θεὸς,
414 2469 531 2531 ὁμοῦ
553 2471 620 2536 τῷ
649 2470 803 2533 Πατρὶ
830 2472 1028 2534 χορηγεῖ
1050 2471 1144 2520 τοῖς
1173 2467 1323 2531 ἁγίοις
1357 2465 1417 2516 τὰ
1452 2463 1631 2530 ἀγαθὰ,
1662 2467 1737 2514 καὶ

144 2549 382 2616 συνδοτὴρ
428 2553 510 2613 τῆς
557 2554 618 2603 εἷς
663 2549 783 2614 ἡμᾶς
825 2550 1043 2615 εὐλογίας
1085 2549 1365 2615 εὑρίσκεται·
1440 2550 1513 2597 καὶ
1556 2552 1671 2612 γοῦν
1712 2548 1737 2596 ὁ

76 2657 127 2692 30
146 2631 403 2685 θεσπέσιος
447 2636 642 2685 Παῦλος
693 2631 966 2700 φανοτάτην
1006 2632 1116 2694 ἡμῖν
1155 2631 1292 2681 ἐτίθει
1336 2628 1422 2693 τὴν
1465 2630 1539 2680 ἐπὶ
1586 2628 1737 2698 τούτῳ

145 2715 311 2766 πίστιν
354 2715 476 2765 οὕτω
521 2713 723 2782 γράφων
764 2721 790 2743 ‘⁴
810 2713 960 2780 Χάρις
1005 2715 1111 2776 ὑμῖν
1153 2714 1227 2762 καὶ
1273 2711 1430 2777 εἰρήνη
1475 2710 1569 2762 ἀπὸ
1612 2714 1737 2761 Θεοῦ
1800 2714 1896 2745 Rom.
1915 2713 1938 2745 i·

195 2860 228 2893 3.
255 2849 442 2894 διερωτῲεν
461 2848 497 2882 F.
518 2847 586 2882 Ed.
607 2859 678 2892 mg.
698 2847 844 2892 διερωτῷ
865 2846 932 2881 Ed.
1093 2846 1124 2880 6.
1151 2847 1363 2889 τελειότητος
1382 2846 1424 2880 E.
1589 2856 1639 2878 12.
1670 2847 1740 2880 τοῖς

149 2895 184 2928 ἐν
201 2897 271 2930 τοῖς
290 2895 330 2930 E.
555 2906 609 2939 23.
635 2893 820 2939 πρόσιμεν]
840 2908 976 2939 πρόεισι
995 2894 1087 2937 μὲν
1075 2893 1198 2938 Bligne
1216 2905 1297 2927 cum
1315 2893 1495 2926 nonnul'lls
1515 2892 1662 2926 Aubertl
1681 2904 1739 2926 ex-

149 2942 375 2986 emplaribus.
