2016 3246
203 732 230 774 d

250 123 329 162 102
649 123 698 162 B.
733 122 1009 164 CYRILLI
1050 123 1433 164 ALEXANDR.
1665 122 1751 163 viii.
1767 123 1835 174 46.

246 235 456 297 λογικῶν
473 233 520 282 ἐν
536 231 638 295 ἤθει
658 234 733 282 καὶ
753 230 943 298 τρόποις
966 233 1130 298 ὁρᾶται
1151 231 1204 283 τὸ
1225 231 1470 298 συγγενὲς,
1484 232 1597 299 ὅπερ
1615 231 1671 283 ἂν
1689 232 1837 300 ἔχοιεν

246 313 364 378 πρός
391 336 441 364 τε
467 313 713 377 ἀλλήλους
746 318 807 367 εἰς
844 312 928 364 τὸν
954 313 1148 378 ἀπάσης
1182 315 1343 368 κακίας
1376 315 1558 380 πατέρα
1591 313 1834 375 διάβολον·

247 396 323 445 ἐπὶ
351 394 399 444 δὲ
422 400 506 445 τοῦ
535 399 838 460 Μονογενοῦς
863 393 1009 458 μόνον
1036 399 1098 448 εἰς
1129 395 1283 446 εἰκόνα
1319 401 1400 447 τοῦ
1439 397 1757 461 θεωρουμένου
1784 396 1836 447 τὸ

247 481 448 542 πρᾶγμα
492 477 695 544 ληφθέν
756 478 865 542 παρ’
911 478 1053 527 αὐτοῦ
1103 477 1196 543 γὰρ
1240 476 1428 531 πάντως
1473 479 1838 543 ἀπαραποιήτως

247 557 603 624 σχηματίζεται·
665 558 719 608 τὸ
770 557 865 622 γὰρ
918 558 1124 627 ὁμοφυές
1175 560 1302 628 αὐτῷ
1352 558 1470 625 πρὸς
1520 559 1603 610 τὸν
1645 559 1879 624 Πατέρα5

249 639 456 707 φυσικόν
490 662 539 689 τε
580 641 655 689 καὶ
695 640 935 692 οὐσιῶδες·
980 641 1036 708 ἐξ
1072 641 1215 690 αὑτοῦ
1254 640 1346 706 γὰρ
1387 639 1612 707 ὑπάρχων
1647 643 1838 704 ἀληθῶς

248 720 364 784 μετὰ
402 723 485 784 τῆς
524 720 644 771 κατὰ
683 720 833 788 φύσιν
865 721 1091 785 ἰδιότητος
1130 722 1286 772 πάντα
1324 722 1444 789 ε”χων
1478 722 1537 773 τὰ
1575 724 1730 784 αὐτοῦ,
1763 725 1839 774 καὶ

248 805 331 866 τῆς
376 804 623 872 ἐμφερείας
664 806 747 867 τῆς
789 807 850 857 εἰς
891 802 1078 854 ἅπαντα
1119 802 1204 867 τὴν
1243 805 1493 869 ἀκρότητα,
1531 804 1723 873 μορφὴν
1761 807 1837 855 καὶ

249 883 404 934 εἰκόνα
443 887 518 934 καὶ
557 883 800 952 χαρακτὴρ
840 887 1003 951 ὁρᾶται
1042 891 1125 936 τοῦ
1165 886 1422 953 φύσαντος.
1487 886 1644 950 ἐπειδὴ
1683 887 1838 937 τοίνυν

249 965 432 1031 ἀληθὴς
460 968 484 1016 ὁ
514 966 697 1032 Πατὴρ,
727 966 925 1031 ἀλήθεια
953 966 1142 1021 πάντως
1169 970 1244 1018 καὶ
1271 969 1295 1017 ὁ
1322 968 1379 1036 ἐξ
1401 969 1557 1030 αὐτοῦ,
1579 968 1837 1032 τουτέστιν,
1861 988 1908 1013 10

250 1049 275 1098 ὁ
300 1047 530 1115 Χριστός.

531 1186 606 1226 Tic
644 1186 689 1229 ἐξ
729 1186 846 1235 ὑμῶν
884 1186 1048 1242 ἐλέγχει
1085 1201 1136 1235 με
1174 1187 1271 1243 Περὶ
1309 1187 1548 1243 &numium

324 1295 429 1344 Οὐκ
470 1293 754 1361 ἐλέγχεσθαι
792 1297 1157 1360 προσδοκῶντος
1196 1295 1223 1359 ἡ
1262 1295 1504 1360 ἐρώτησις,
1539 1297 1839 1363 ἀναιροῦντος

249 1374 299 1426 δὲ
355 1380 545 1438 μᾶλλον
599 1379 674 1427 καὶ
730 1375 1102 1446 ἀποφάσκοντος
1158 1382 1404 1430 παντελῶς
1460 1376 1514 1428 τὸ
1569 1384 1839 1443 περιπεσεῖν

210 1459 452 1526 θάμάρτίᾳ
495 1457 726 1509 δύνασθαι
767 1458 850 1509 τὸν
888 1460 938 1509 ἐκ
977 1462 1102 1509 Θεοῦ
1145 1458 1391 1527 πεφηνότα
1431 1459 1556 1509 Θεὸν
1594 1459 1835 1523 ἀληθινόν·
1863 1474 1910 1512 15

25 2209 110 2243 565
125 2208 176 2243 A.
206 2218 230 2242 a

249 1540 483 1605 ἁμαρτίαν
522 1538 613 1605 γὰρ
662 1541 744 1590 οὐκ
789 1541 1009 1603 ἐποίησεν
1049 1541 1073 1590 ὁ
1112 1540 1343 1606 Χριστός.
1413 1539 1579 1592 ἅπασα
1623 1540 1707 1604 μὲν
1746 1541 1839 1608 γὰρ

249 1622 454 1687 ἁμαρτία
492 1623 541 1671 ἐκ
579 1625 887 1688 παρατροπῆς
921 1625 1003 1686 τῆς
1039 1622 1132 1673 ἀπὸ
1170 1628 1252 1673 τοῦ
1291 1622 1534 1683 βελτίονος
1574 1625 1647 1673 ἐπὶ
1683 1622 1736 1674 τὸ
1774 1622 1838 1687 μὴ

249 1704 394 1756 οὕτως
427 1702 534 1770 ε”χον
561 1702 796 1767 λαμβάνει
833 1703 918 1767 τὴν
944 1703 1144 1769 γένεσιν,
1171 1706 1422 1755 ἐντίκτεται
1457 1704 1505 1755 δὲ
1540 1709 1636 1757 τοῖς
1669 1705 1831 1770 τρέπε-

248 1788 364 1834 σθαι
407 1785 662 1851 πεφυκόσι,
713 1788 788 1835 καὶ
834 1785 1141 1839 ἀλλοιώσεως
1193 1789 1275 1850 τῆς
1327 1788 1398 1855 ἐφ’
1442 1784 1472 1836 ἂ
1514 1785 1580 1849 μὴ
1625 1789 1839 1851 προσῆκε

249 1866 486 1918 δεκτικοῖς.
547 1871 648 1920 πῶς
687 1865 745 1917 ἂν
784 1868 865 1917 οῦν
906 1873 1058 1917 νοοῖτο
1098 1870 1173 1918 καὶ
1213 1868 1436 1933 ἁμαρτεῖν
1475 1868 1500 1917 ὁ
1539 1866 1718 1933 τροπὴν
1757 1868 1838 1918 οὐκ
1860 1888 1909 1912 20

248 1946 391 2008 εἰδὼς,
443 1948 545 1998 οὐδὲ
598 1948 905 2002 ἀλλοιώσεως
954 1952 1037 2012 τῆς
1090 1949 1169 2000 ἐπί
1215 1972 1260 1999 τι
1310 1954 1404 2000 τῶν
1456 1950 1509 1999 οὐ
1562 1948 1840 2014 πρεπόντων

249 2028 470 2090 δεκτικὸς,
522 2028 784 2091 ἀκλόνητος
838 2030 886 2080 δὲ
945 2035 1138 2092 μᾶλλον
1188 2036 1284 2084 τοῖς
1335 2032 1465 2085 ἰδίοις
1516 2030 1840 2099 ἐμπεφυκόσιν

248 2110 457 2173 ἀγαθοῖς,
497 2113 572 2161 καὶ
612 2112 665 2161 οὑ
703 2113 813 2176 παρ’
852 2112 1011 2178 ἑτέρου
1048 2112 1186 2174 τινὸς,
1226 2111 1338 2162 ἀλλ’
1375 2113 1431 2181 ἐξ
1466 2113 1662 2174 ἑαυτοῦ;
1718 2114 1835 2163 ἀνα-

248 2190 531 2241 πυνθάνεται
559 2197 810 2257 τοιγαροῦν
835 2192 1076 2243 Ἰουδαίων
1102 2194 1127 2243 ὁ
1158 2193 1344 2258 Κύριος,
1372 2194 1499 2259 ε’ίπερ
1526 2194 1648 2247 ὅλως
1675 2194 1839 2261 ε”χουσι

249 2272 510 2337 διελέγχειν
549 2273 691 2324 αὐτὸν
730 2281 822 2343 περ)
863 2277 1112 2343 ἁμαρτίας.
1178 2277 1254 2324 καὶ
1294 2276 1319 2324 ὁ
1359 2275 1443 2337 μὲν
1481 2275 1629 2339 λόγος
1670 2276 1694 2325 ὁ
1732 2277 1837 2340 περὶ
1860 2291 1909 2330 25

248 2352 415 2404 τούτου
454 2357 529 2404 καὶ
569 2355 688 2404 κατὰ
725 2354 904 2408 παντὸς
943 2354 1000 2405 ἂν
1037 2355 1184 2420 διήκοι
1222 2356 1631 2419 πλημμελήματος
1672 2358 1745 2407 ἐπὶ
1784 2355 1838 2406 τὸ

249 2434 459 2486 καθόλου
504 2437 720 2503 ληφθείς·
768 2435 899 2499 πλὴν
937 2441 1003 2506 τῷ
1046 2437 1334 2506 προκειμένῳ
1378 2437 1654 2503 πρεπόντως
1696 2437 1839 2488 αὐτὸν

248 2515 601 2584 ἐφαρμόζοντες,
629 2517 683 2567 οὐ
717 2520 822 2583 περὶ
856 2516 1018 2581 πάσης
1055 2517 1210 2587 φαμὲν
1238 2519 1468 2584 ἁμαρτίας
1497 2518 1687 2584 ἔρεσθαι
1720 2518 1840 2584 πρὸς

302 2684 331 2706 Ι.
350 2672 421 2716 ἤθει
442 2673 516 2707 ss.a.
537 2674 635 2717 ἤθεσι
655 2673 774 2708 Holst.
792 2674 858 2709 Ed.
909 2677 1026 2721 ὥσπερ
1047 2675 1182 2721 Migne.
1280 2685 1310 2709 2.
1331 2674 1394 2721 εἷς]
1415 2677 1554 2721 conjicit
1572 2677 1625 2711 καὶ
1642 2677 1689 2713 εἷς
1708 2678 1838 2723 Heyse.

250 2729 284 2762 3.
310 2720 413 2760 μόνον
429 2720 476 2754 εἷς
497 2720 537 2754 Β.
559 2721 620 2754 Ht.
637 2722 741 2764 μόνου
759 2721 854 2755 Aub.
1011 2734 1044 2764 4.
1069 2721 1148 2767 παρ’
1166 2722 1270 2756 αὐτοῦ
1287 2721 1381 2756 edidi
1398 2722 1536 2756 favente
1556 2723 1684 2767 Heyse.
1703 2724 1743 2758 οῦ
1758 2724 1836 2768 παρ’

250 2765 353 2797 αὐτοῦ
374 2765 414 2798 Β.
434 2767 472 2799 οὐ
489 2766 567 2811 παρ’
587 2767 690 2800 αὐτοῦ
712 2767 773 2801 Ht.
796 2768 862 2802 Ed.
1057 2770 1090 2802 8.
1115 2768 1253 2814 μορφὴν
1270 2769 1323 2802 καὶ
1341 2768 1459 2802 εἶκῶνα
1479 2769 1520 2802 Β.
1571 2773 1594 2787 “
1607 2770 1700 2804 Fort.
1719 2771 1837 2815 μορφὴ

251 2811 305 2843 καὶ
323 2811 446 2844 εἷκὼν”
469 2813 596 2857 Heyse.
767 2825 821 2848 22.
848 2814 1039 2858 ἀκλονὴτως
1056 2827 1086 2849 a.
1106 2814 1183 2849 Cat.
1208 2815 1306 2849 Harl.
1371 2815 1572 2861 ἐμπεφυκὼς
1589 2827 1619 2849 a.
1639 2816 1716 2849 Cat.
1738 2816 1836 2851 Harl.

252 2867 308 2898 24.
333 2856 505 2891 Ἰουδαίων
522 2859 684 2893 emendat
705 2859 834 2904 Heyse.
854 2861 984 2895 ἷουδέου
1003 2861 1045 2895 Β.
1063 2861 1247 2898 Ἰουδαίους
1269 2861 1330 2896 Ht.
1350 2861 1417 2896 Ed.
1544 2872 1598 2906 27.
1626 2862 1728 2897 αὐτὸν
1744 2862 1836 2896 edidi

249 2919 467 2964 approbante
488 2921 615 2966 Heyse.
634 2916 736 2959 αὐτῶν
755 2923 796 2957 Β.
815 2923 904 2969 αὐτῷ
926 2923 989 2958 Ht.
1010 2923 1076 2958 Ed.
