2022 3272
129 137 227 178 xvii.
251 151 314 179 11.
369 138 438 179 IN
481 139 523 180 S.
557 139 896 181 JOANNEM.
959 141 1085 182 LIB.
1119 141 1198 182 XI.
1260 142 1393 183 CAP.
1426 141 1506 182 IX.
1629 139 1711 179 695

128 247 427 315 εἷσδεχθεῖσά
467 271 516 300 τε
561 251 638 300 καὶ
681 249 982 315 τετηρημένη.
1037 251 1345 301 τεταπείνωκε
1394 250 1488 316 γὰρ
1534 246 1712 310 ἑαυτὸν,

127 329 370 381 τουτέστιν
400 331 517 382 ἑκὼν
556 334 631 382 καὶ
671 333 753 382 οὐκ
791 331 847 400 ἐξ
882 331 1089 396 ἀνάγκης
1126 335 1209 395 τῆς
1246 355 1385 385 τινος.
1442 332 1580 394 ἁλοίη
1619 329 1713 395 γάρ

127 408 183 460 ἂν
210 412 296 478 οὐχ
331 411 448 463 ἑκὼν
475 413 539 464 ἔτι
565 414 618 464 τὸ
645 416 727 477 τῆς
752 413 1080 467 ταπεινώσεως
1113 415 1363 476 ὑπομείνας
1394 413 1559 474 πάθος,
1586 412 1712 476 εἴπερ

126 489 185 555 ἦν
224 515 293 547 τις
332 494 457 549 ὅλως
498 496 522 545 ὁ
565 500 863 547 πλεονεκτεῖν
909 494 1104 562 ἰσχύων,
1145 496 1221 546 καὶ
1263 495 1554 558 ἀνεθελήτως
1600 493 1712 543 ἱέναι

84 573 244 639 5πρὸς
286 582 425 627 τοῦτο
469 577 687 628 κελεύων.
744 578 1049 628 τεταπείνωκε
1092 577 1248 628 τοίνυν
1291 576 1456 627 ἑαυτὸν
1497 575 1614 626 ἑκὼν
1654 576 1708 624 δι’

125 656 262 720 ἡμᾶς·
319 660 372 708 οὐ
416 659 509 725 γὰρ
557 659 615 710 ἂν
651 658 994 723 ὠνομάσθημέν
1034 682 1149 710 ποτε
1187 661 1262 710 καὶ
1301 659 1429 723 ἡμεῖς
1469 659 1554 708 υἱοὶ
1593 655 1713 706 κατὰ

126 736 265 805 χάριν
292 742 367 790 καὶ
406 744 514 803 θεοὶ,
540 741 605 805 μὴ
638 742 740 808 οὐχὶ
775 740 860 805 τὴν
888 740 1000 807 ὑπὲρ
1037 741 1170 805 ἡμῶν
1201 743 1276 791 καὶ
1313 742 1367 791 δι’
1398 741 1518 804 ἡμᾶς
1552 742 1710 797 εἰσβε-

125 820 330 885 βηκότος
373 823 656 874 ταπείνωσιν
700 829 782 874 τοῦ
831 827 1147 889 Μονογενοῦς,
1191 823 1309 889 πρὸς
1359 821 1411 873 ὒν
1456 824 1532 872 καὶ
1584 821 1753 871 αὐτοῖο

126 903 445 971 μορφούμενοι
484 905 559 955 διὰ
597 906 846 968 μετουσίας
872 911 954 956 τοῦ
988 905 1277 969 Πνεύματος,
1311 906 1385 955 καὶ
1421 903 1559 954 τέκνα
1587 906 1713 953 Θεοῦ

63 1008 109 1032 10
127 986 202 1035 καὶ
241 988 336 1036 θεοὶ
374 987 733 1055 χρηματίζομεν.
802 987 915 1038 ὅταν
954 987 1034 1037 οὖν
1072 1010 1116 1037 τι
1156 987 1275 1054 λε’γῃ
1315 984 1714 1052 συμπαραζεύξας

126 1066 304 1132 τρόπον
341 1068 445 1119 τινὰ
483 1072 549 1138 τῷ
594 1073 731 1138 Helm?
769 1071 844 1119 καὶ
884 1069 938 1119 τὸ
983 1068 1293 1134 ἀνθρώπινον,
1340 1068 1405 1132 μὴ
1456 1066 1531 1117 διὰ
1575 1072 1714 1118 τοῦτο

127 1152 504 1218 σκανδαλισθῇς,
546 1151 784 1204 ἀσυνέτως
835 1152 971 1219 ἀφεὶς
1015 1149 1068 1201 τὸ
1121 1149 1364 1214 θαυμάσαι
1415 1148 1715 1213 καθηκόντως

127 1229 213 1294 τὴν
238 1232 564 1296 ἐπινοηθεῖσαν
590 1238 685 1286 τοῖς
720 1231 882 1298 λόγοις
909 1231 1198 1299 ἀσύγκριτον
1224 1232 1408 1299 τέχνην,
1437 1229 1513 1282 διὰ
1537 1229 1715 1284 παντὸς

128 1313 238 1377 ἡμῖν
269 1314 612 1381 ἀνασώζουσαν
645 1314 821 1381 τρόπου
855 1313 910 1366 τὸ
945 1317 1145 1365 διπλοῦν
1171 1315 1383 1376 ἀστείως,
1423 1316 1484 1364 ὡς
1520 1313 1634 1379 ὁρᾶν
1668 1314 1716 1363 ἐν

62 1410 108 1448 15
128 1397 283 1466 ταύτῷ
309 1395 392 1447 τὸν
418 1397 621 1462 λέγοντα
648 1396 772 1448 Θεόν
798 1420 846 1448 τε
874 1400 932 1465 τῇ
960 1397 1105 1464 φύσει
1131 1398 1207 1447 καὶ
1234 1395 1485 1462 ἄνθρωπον
1512 1397 1716 1459 ἀληθῶς,

128 1481 187 1544 τῇ
212 1481 295 1541 τῆς
321 1478 523 1545 ἀρῥήτου
550 1478 740 1547 φύσεως
767 1479 884 1547 δόξῃ
918 1478 972 1529 τὸ
998 1481 1082 1542 τῆς
1109 1476 1473 1544 ἀνθρωπότητος
1497 1475 1717 1528 ταπεινὸν

129 1560 178 1610 εὖ
216 1559 350 1624 μάλα
387 1560 825 1622 συναναπλέκοντα,
854 1559 1127 1611 ἀνυπαίτιόν
1153 1583 1203 1611 τε
1239 1561 1314 1611 καὶ
1341 1559 1501 1627 ψόγου
1538 1557 1714 1611 παντὸς
1736 1568 1764 1609 (1

129 1642 375 1708 ἐλευθέραν
412 1641 690 1709 τηρήσαντα
733 1647 979 1697 παντελῶς
1023 1641 1110 1707 τὴν
1150 1643 1217 1694 ἐπ’
1258 1642 1406 1710 ἄμφω
1444 1641 1719 1706 σύμμετρον

129 1723 374 1791 ἐκδρομήν.

60 1829 110 1855 20
207 1808 301 1857 Καὶ
343 1806 491 1857 ταῦτά
530 1811 702 1876 φαμεν,
737 1808 819 1858 οὐκ
859 1810 920 1860 εἷς
958 1805 1013 1858 τὸ
1054 1811 1182 1870 μεῖον
1219 1806 1338 1872 ἤπερ
1377 1804 1436 1869 ἦν
1470 1807 1518 1855 ἐν
1553 1806 1718 1871 ἀρχαῖς

130 1886 216 1952 τὴν
241 1894 324 1939 τοῦ
352 1888 513 1952 Λόγου
545 1888 694 1957 φύσιν
720 1887 1053 1940 κατεσπάσθαι
1090 1887 1509 1950 διαβεβαιούμενοι,
1536 1887 1681 1937 πόθεν
1704 1907 1716 1946 ;

131 1970 334 2034 ἀμαθίας
371 1969 464 2036 γὰρ
491 1969 695 2037 ἐσχάτης
735 1971 816 2021 οὐκ
855 1969 1152 2035 ἀμοιρήσειεν
1180 1967 1238 2020 ἂν
1267 1969 1321 2020 τὸ
1358 1970 1478 2020 οὕτω
1512 1972 1720 2037 φρονεῖν,

130 2052 227 2103 ἐπεὶ
267 2049 420 2117 πάντη
459 2075 508 2103 τε
547 2053 622 2102 καὶ
660 2051 848 2105 πάντως
886 2050 1062 2105 ἀπαθὲς
1107 2050 1161 2102 τὸ
1208 2054 1346 2112 θεῖον,
1388 2053 1471 2114 τῆς
1514 2053 1576 2102 εἷς
1622 2053 1718 2100 πᾶν

131 2135 286 2185 ὁτιοῦν
323 2136 632 2200 παρατροπῆς
666 2135 749 2185 οὐκ
775 2133 1070 2201 ἀνεχόμενον,
1097 2132 1401 2200 ἑδραιοτάτην
1441 2131 1488 2183 δὲ
1527 2135 1718 2195 μᾶλλον

62 2238 110 2276 25
131 2215 216 2281 τὴν
240 2216 410 2267 οἰκείαν
436 2215 686 2282 ἀποσῶζον
712 2215 905 2267 στάσιν·
955 2217 1065 2268 ἀλλ’
1097 2215 1168 2266 ὅτι
1205 2218 1289 2279 τῆς
1323 2215 1538 2266 ἑκουσίου
1573 2211 1713 2263 κενώ-

111 2320 255 2351 ,σεως
281 2298 307 2348 ὁ
331 2296 505 2364 τρόπος
538 2299 599 2352 ὡς
632 2297 689 2366 ἐξ
718 2298 974 2364 ἀναγκαίου
1009 2296 1160 2364 λόγου
1194 2296 1248 2348 τὸ
1275 2299 1358 2361 τῆς
1392 2294 1720 2348 ταπεινώσεως

131 2380 445 2446 περικείμενος
478 2382 660 2446 σχῆμα,
688 2378 763 2430 διὰ
797 2377 851 2430 τὸ
889 2379 1186 2446 ἀνθρώπινον
1220 2379 1268 2429 ἐν
1294 2376 1527 2429 ἐλάττοσί
1554 2399 1655 2430 πως
1689 2375 1718 2441 ἢ

132 2462 181 2512 ἐν
207 2459 273 2514 οἷς
307 2462 440 2512 ἐστιν
465 2462 490 2511 ὁ
524 2460 694 2527 Πατὴρ
730 2462 984 2529 φαίνεσθαι
1015 2465 1149 2523 ποιεῖ,
1175 2459 1259 2511 τὸν
1285 2459 1392 2510 ’ίσον
1425 2460 1551 2528 αὐτῷ
1586 2458 1717 2522 σύμ-

133 2541 321 2611 μορφόν
347 2565 397 2593 τε
422 2544 497 2592 καὶ
522 2544 570 2593 ἐν
596 2543 720 2612 αὐτῷ
753 2544 829 2593 καὶ
864 2543 921 2612 ἐξ
952 2544 1095 2594 αὐτοῦ
1121 2541 1367 2610 πεφηνότα
1395 2540 1520 2592 Θεὸν
1549 2543 1716 2590 Μονο-

63 2653 114 2690 30
133 2626 260 2690 γενῆ.
317 2625 392 2674 καὶ
418 2622 483 2687 μὴ
508 2622 755 2692 θαυμάσῃς
783 2624 976 2686 ἀκούων,
1001 2628 1037 2674 εἰ
1065 2626 1147 2687 τῆς
1173 2628 1256 2673 τοῦ
1283 2621 1474 2688 Πατρὸς
1499 2628 1713 2687 μεγαλο-

133 2705 353 2771 πρεπείας
387 2706 434 2755 ἐν
459 2704 711 2756 ἐλάττοσιν
736 2703 850 2756 εἶναι
877 2707 1006 2756 δοκεῖ
1032 2704 1107 2755 διὰ
1133 2703 1187 2756 τὸ
1215 2703 1511 2770 ἀνθρώπινον
1538 2704 1562 2753 ὁ
1590 2701 1717 2765 Υἱὸς,
1736 2731 1757 2756 a
1795 2722 1874 2758 971
1888 2720 1942 2757 A.

136 2786 212 2837 ὅτε
251 2786 325 2838 διὰ
362 2792 501 2837 τοῦτο
537 2788 613 2837 καὶ
651 2788 804 2838 αὐτῶν
830 2787 1062 2851 ἡττῆσθαι
1093 2790 1187 2836 τῶν
1219 2785 1443 2851 ἀγγέλων
1469 2785 1493 2834 ὁ
1522 2788 1718 2839 Παῦλος

1778 2864 1865 2895 Heb.
1884 2863 1917 2895 ii,

135 2868 245 2933 ἡμῖν
287 2867 429 2920 αὐτὸν
467 2868 799 2937 διισχυρίσατο
837 2867 1040 2938 γράφων
1079 2865 1166 2919 ὧδε
1209 2874 1236 2896 ‘⁶
1257 2865 1358 2919 Τὸν
1394 2865 1442 2917 δὲ
1474 2865 1633 2934 βραχύ
1673 2888 1717 2917 τι
1778 2917 1807 2948 9-
