2007 3267
1739 402 1825 434 695
1842 401 1892 434 A.

635 711 690 774 L
716 711 749 773 Ι
776 712 831 774 Β
860 711 920 774 R
946 711 979 773 I
1052 711 1230 775 VIII

151 928 585 978 FRAGMENTA
636 928 830 988 QUAE
881 928 1218 977 REPERIRI
1270 927 1713 977 POTUERUNT.

132 1140 187 1180 ‘H
217 1137 290 1181 οὖν
316 1137 465 1195 ΛΛαρία
505 1140 689 1189 λαβοῦσα
722 1137 869 1196 λίτραν
902 1140 1034 1196 μύρου
1067 1139 1223 1196 νάρδου
1255 1144 1448 1182 mouns-'uc
1481 1137 1729 1189 Πολυτίμου,
1751 1149 1771 1184 3

208 1221 361 1273 &At-:mse
394 1222 493 1264 τοὺς
528 1221 665 1264 adbuc
700 1225 773 1264 τοῦ
798 1222 942 1264 Ἰησοῦ
979 1223 1047 1263 καὶ
1086 1223 1267 1271 ὲΞέμαΕε
1305 1220 1396 1264 τοῖς
1436 1223 1568 1280 Οριὲἱν
1601 1222 1730 1264 αὐτῆς

100 1303 123 1342 5
208 1306 307 1346 τοὺς
345 1305 482 1347 trebete
521 1305 663 1347 αὐτοῦ·
714 1306 737 1346 ἡ
779 1305 824 1347 δὲ
863 1303 974 1346 οἰκία
1013 1305 1248 1362 ἑΠλΗρὼθΗ
1287 1307 1333 1348 ἐκ
1372 1309 1447 1348 τῆς
1484 1306 1621 1354 ὀσμῆς
1658 1309 1731 1347 τοῦ

210 1390 357 1445 μύρου,

219 1540 360 1589 ΤΗΣ
414 1535 621 1603 Μάρθας
674 1536 1014 1603 ὑπηρετούσης,
1058 1537 1085 1600 ἡ
1133 1538 1299 1603 Μαρία
1351 1538 1603 1605 ἀλείψασα
1650 1533 1732 1585 τὸν
1750 1544 1776 1585 b

149 1619 327 1686 Κύριον
351 1618 499 1687 μύρῳ,
525 1620 771 1670 ἐτελείωσε
807 1618 894 1682 τὴν
921 1622 983 1672 εὶς
1013 1617 1156 1669 αὐτὸν
1182 1617 1390 1685 ἀγάπην,
1417 1620 1493 1670 καὶ
1529 1616 1606 1669 διὰ
1639 1621 1734 1668 τῶν

147 1701 244 1765 δύο,
269 1699 449 1754 τέλειος
476 1701 500 1751 ὁ
526 1703 610 1765 τῆς
636 1699 825 1766 ἀγάπης
852 1700 958 1768 ὅρος
985 1701 1247 1765 ἐτελειώθη.

195 1851 388 1887 Lib.VIII.
408 1851 567 1893 Codices,
586 1852 736 1886 Niketae
754 1851 856 1886 codd.
876 1858 946 1886 tres
965 1857 1004 1886 ut
1021 1851 1082 1886 lib.
1102 1851 1335 1896 praecedenti.
1435 1862 1466 1892 Ι,
1486 1862 1518 1886 2.
1546 1851 1738 1886 Libxlll.

148 1898 206 1934 hic
222 1899 373 1943 incipere
390 1904 565 1933 testantur
581 1899 671 1934 Acta
689 1899 800 1934 Cone.
822 1899 920 1933 Sexti
938 1899 1087 1932 Actione
1104 1911 1139 1939 x,
1161 1898 1218 1943 (T.
1234 1898 1292 1932 vii.
1312 1899 1379 1943 835
1399 1897 1514 1942 Col.):
1539 1897 1616 1932 Ἔτι
1641 1898 1739 1943 ἀνεγ-

149 1946 264 1989 νώσθη
287 1946 322 1979 ἐκ
338 1948 399 1979 τοῦ
416 1945 519 1980 αὐτοῦ
536 1946 690 1980 κωδικίου
713 1947 839 1990 χρῆσις
856 1948 916 1979 τοῦ
934 1945 1037 1979 αὐτοῦ
1054 1945 1153 1990 ἁγίου
1173 1945 1347 1987 Κυρίλλου
1372 1945 1408 1978 ἐκ
1432 1946 1491 1989 τῆς
1515 1945 1615 1988 αὐτῆς
1637 1946 1740 1989 ἑρμη-

150 1992 238 2028 νείας
253 1992 395 2033 βιβλίου
412 1991 439 2035 η’
458 1991 498 2026 οὑ
515 1991 533 2035 ἡ
551 1991 639 2037 ἀρχή
654 1991 699 2025 ‘H
719 1991 778 2026 οὐν
796 1992 912 2037 Μαρία
927 1993 1090 2033 λαβοῦσα
1107 1991 1229 2036 λίτραν
1244 1991 1364 2035 μύρου.
1444 1991 1524 2036 3-6.
1545 1991 1641 2025 Haec
1660 1991 1740 2025 dedi

150 2049 193 2072 ex
211 2038 247 2072 k.
265 2038 403 2073 favente
420 2050 452 2073 a.
470 2039 535 2072 Και
552 2038 571 2082 ἡ
591 2038 714 2083 Μάρθα
732 2039 875 2082 διηκόνει
894 2038 961 2072 Ed.
1061 2048 1091 2083 7.
1119 2036 1278 2083 Μάρθας]
1297 2041 1334 2068 4-
1351 2052 1410 2072 ουν
1427 2049 1456 2071 a.
1461 2039 1496 2072 k.
1555 2038 1741 2082 ὑπηρετου-

151 2099 251 2128 μενης
268 2096 298 2119 a.
300 2085 337 2118 k.
480 2085 513 2119 8.
539 2084 646 2130 μύρον
664 2085 700 2120 k.
843 2096 877 2130 9.
903 2083 1102 2130 ἐτελειώθη]
1122 2084 1302 2129 ἐπληρώθη
1321 2096 1350 2118 a.
1355 2085 1390 2118 k.
1442 2084 1712 2130 Sequebantur
1705 2096 1743 2118 ln

151 2131 220 2165 Ed.
239 2131 380 2165 δυνατὸν
397 2131 434 2165 δέ
459 2133 512 2165 καὶ
532 2130 602 2177 [καὶ
628 2143 698 2166 om.
717 2130 812 2165 Aub.
816 2130 831 2176 ]
849 2132 935 2189 πρὸς
959 2131 1136 2175 θεωρίαν’
1116 2133 1258 2177 αγαγεῖν
1277 2130 1433 2187 [ἀγαγεῖν
1450 2143 1520 2166 om.
1541 2130 1618 2165 Cat.
1641 2131 1743 2166 Harl.

151 2177 246 2212 Aub.
250 2176 265 2223 ]
281 2178 340 2212 τὸν
355 2176 500 2223 λόγον,”
486 2193 538 2212 ινα
555 2178 615 2222 τὴν
630 2178 693 2222 μὲν
710 2178 853 2223 Μάρθαν
870 2177 1026 2222 εἴπωμεν,
1040 2178 1101 2222 τὴν
1116 2178 1302 2223 πρακτικὴν
1318 2177 1452 2222 ἀρετὴν,
1466 2178 1526 2221 τὴν
1542 2178 1578 2212 δὲ
1598 2178 1742 2222 Μαρίαν,

151 2224 212 2268 τὴν
235 2225 460 2268 πνευματικὴν
484 2225 677 2269 θεωρίαν,”
655 2239 727 2269 ητις
751 2227 892 2259 κατόπιν
911 2225 1022 2263 βαίνει
1047 2226 1106 2268 τῆς
1129 2226 1322 2270 πρακτικῆς·
1350 2224 1391 2259 δι’
1409 2225 1454 2259 ὡν
1472 2225 1511 2269 δὴ
1533 2224 1611 2270 [δυο
1633 2239 1744 2270 πραγ-

152 2271 269 2315 μάτων
286 2283 349 2316 pro
367 2271 407 2315 δὴ
426 2283 456 2305 a.
460 2271 495 2306 k.
499 2270 515 2316 ]
534 2272 776 2317 πληρεστάτην
793 2271 853 2315 τὴν
870 2271 917 2307 εἷς
934 2272 1086 2316 Χριστὸν
1102 2271 1235 2316 ἀγάπην
1252 2270 1518 2315 επιδεικνύμεθα.
1553 2272 1667 2312 ἄλλοι,
1685 2272 1746 2315 τὴν

155 2317 299 2373 Μάρθαν
316 2318 363 2353 εἷς
379 2317 485 2352 τύπον
503 2320 621 2353 νοοῦσι
639 2320 698 2362 τῆς
713 2320 861 2353 παλαιᾶς
877 2319 1046 2364 γραφῆς“
1032 2318 1302 2362 υπηρετουμένην
1319 2321 1471 2365 Χριστῷ.
1509 2320 1746 2362 μεταπλαττο-

131 2380 134 2385 ·
153 2379 235 2407 μενη
252 2364 317 2409 γὰρ
336 2364 355 2408 ἡ
373 2363 509 2409 ἱστορία
526 2366 612 2409 πρὸς
629 2364 772 2410 θεωρίαν
788 2379 1025 2423 πνευματικην,
1037 2365 1098 2409 τὴν
1113 2380 1174 2399 τοι
1192 2366 1348 2410 σωτῆρος
1364 2353 1533 2410 τράπεζαν
1550 2366 1745 2410 συγκροτεῖ·

157 2409 360 2456 [συγκροτεῖ
392 2422 463 2446 om.
490 2410 539 2457 a.]
569 2413 718 2447 πολλαῖς
744 2412 815 2470 γὰρ
840 2412 1041 2457 μαρτυρίαις
1069 2411 1261 2457 κεχρήμεθα
1289 2413 1360 2447 τοῖς
1387 2426 1464 2456 περι
1495 2411 1604 2457 [παρὰ
1629 2410 1743 2457 Aub.]

155 2460 310 2513 Χριστοῦ
327 2458 569 2501 συνιστάμενοι
590 2459 752 2503 δόγμασι·
779 2458 840 2502 τὴν
856 2458 892 2492 δέ
912 2458 1047 2503 Μαρίαν
1063 2459 1123 2502 τὴν
1141 2458 1363 2504 εὐαγγελικὴν
1379 2459 1559 2493 παίδευσιν
1575 2459 1636 2502 τὴν
1653 2459 1747 2501 δίκην

155 2502 263 2546 μύρου
280 2504 470 2547 τρίβουσαν
487 2507 547 2538 τοῦ
564 2505 680 2549 κυρίου
697 2504 776 2540 τοὺς
791 2505 910 2545 πόδας,
928 2505 1099 2545 τουτέστι,
1117 2505 1178 2548 τὴν
1194 2505 1272 2549 περὶ
1289 2507 1349 2548 τὴν
1364 2506 1427 2550 γῆν
1444 2504 1627 2550 γενομένην
1643 2505 1748 2538 αὐτοῦ

159 2548 266 2594 [αὐτῷ
285 2549 380 2584 Aub.
383 2549 399 2595 ]
417 2550 620 2594 οἰκονομίαν,
638 2565 692 2585 και
715 2551 800 2595 ὅλην
816 2551 876 2594 τὴν
892 2553 955 2596 γῆν
971 2553 1030 2596 τῆς
1055 2551 1196 2587 ευωδίας
1219 2553 1433 2596 πληρουσαν,
1451 2566 1522 2595 ητις
1544 2551 1641 2585 ἐστιν
1657 2565 1748 2586 οικος

156 2597 215 2639 τῆς
238 2595 374 2639 ἁπάσης
397 2595 668 2641 ἀνθρωπότητος.
701 2598 817 2638 ἄλλοι,
838 2598 898 2641 τὴν
918 2597 995 2643 [τὴν
1019 2609 1089 2632 om.
1116 2609 1146 2631 a.
1151 2597 1203 2641 k.]
1229 2597 1373 2641 Μάρθαν
1396 2598 1458 2641 μὲν
1477 2597 1555 2642 [μὲν
1579 2609 1650 2631 orn.
1676 2609 1707 2631 a.
1710 2597 1747 2632 k.

157 2653 334 2687 suprascr.
361 2641 439 2676 Cat.
466 2643 583 2688 Har].]
604 2644 761 2688 λεγουσι,
781 2644 841 2687 τὴν
865 2647 932 2678 τῶν
952 2643 1035 2689 [τῶν
1058 2655 1128 2678 om.
1149 2642 1234 2688 amk]
1253 2642 1426 2678 Ἰουδαίων
1450 2644 1664 2689 συναγωγὴν,
1688 2644 1749 2687 τὴν

158 2689 214 2723 διὰ
237 2692 304 2723 τῶν
329 2692 500 2733 σαρκικῶν
525 2689 698 2724 θέλουσαν
718 2689 916 2734 θεραπεύειν
936 2691 995 2724 τὸν
1012 2693 1109 2724 Θεόν·
1138 2690 1199 2733 τὴν
1221 2690 1257 2723 δέ
1281 2690 1416 2734 Μαρίαν
1437 2689 1588 2735 [Μαρίαν
1611 2691 1647 2724 δέ
1674 2690 1749 2725 Sine

159 2736 220 2778 τὴν
235 2734 338 2780 a..,k]
356 2734 417 2779 τὴν
439 2735 477 2780 ἐξ
502 2735 606 2771 ἐθνῶν
629 2736 813 2779 ἐκκλησίαν
828 2736 889 2780 τὴν
904 2737 1128 2780 πνευματικὰς
1151 2736 1273 2772 θυσίας
1296 2737 1350 2770 καὶ
1373 2736 1479 2789 εὐώδη
1502 2737 1621 2771 πίστιν
1636 2751 1748 2782 προσ--

160 2782 315 2827 άγουσαν
335 2784 382 2828 τῷ
410 2784 550 2837 Χριστῷ
576 2782 639 2828 [τῷ
665 2785 804 2828 Χριστῷ
830 2794 1006 2827 suprascr.
1027 2782 1103 2817 Cat.
1124 2782 1224 2816 Harl.
1242 2793 1313 2816 om.
1331 2783 1401 2817 a.k.
1420 2782 1480 2828 qui
1505 2783 1571 2818 ἀπὸ
1578 2785 1750 2842 Χριστοῦ

162 2832 244 2873 post
267 2828 539 2873 ἀναματτομενην
563 2828 731 2874 addunt]‚
756 2843 808 2863 και
833 2829 1107 2873 ἀναματτομένην
1131 2829 1190 2873 τὴν
1215 2829 1252 2862 ἐκ
1281 2830 1340 2872 τῆς
1367 2828 1465 2874 ἁγίας
1490 2830 1593 2864 αὐτοῦ
1623 2831 1751 2874 σαρκὸς

163 2875 322 2920 ευλογίαν
347 2875 401 2909 διὰ
425 2877 483 2919 τῆς
507 2877 671 2920 μυστικῆς
695 2875 934 2920 μεταλήψεως.
995 2875 1092 2911 Haec
1121 2887 1232 2921 quum
1259 2875 1305 2910 D.
1324 2874 1498 2920 Cyrillum
1524 2888 1596 2911 non
1621 2877 1752 2911 habent

165 2927 344 2957 auctorem
364 2928 398 2957 et
418 2922 570 2957 maxima
592 2934 672 2968 pars
691 2922 882 2958 Ammonio
904 2921 1072 2958 tribuitur
1094 2923 1131 2957 in
1154 2933 1184 2958 c.
1204 2921 1311 2957 Cord.
1330 2933 1412 2968 301,
1429 2933 1497 2970 302
1521 2923 1615 2959 notis
1636 2929 1749 2959 trans-
