2001 3261
310 125 392 164 144
702 127 750 167 B.
787 127 1063 168 CYRILLI
1106 129 1490 170 ALEXANDR.
1725 131 1778 171 ix.
1803 143 1839 180 2,
1859 143 1896 184 3.

269 235 383 284 οκαὶ
421 233 682 289 πολυὲλεος
715 236 850 299 Θεὸς,
879 239 904 288 ὁ
944 239 1161 304 ἀφαιρῶν
1194 240 1388 301 ἀνομίας
1430 241 1506 289 καὶ
1545 239 1787 305 ἁμαρτίας,
1815 240 1897 290 οὐκ

305 313 363 365 ἂν
389 318 646 383 καθαρίσαι
673 323 956 388 καθαρισμῷ
982 319 1065 370 τὸν
1091 319 1257 387 ε”νοχον
1278 342 1290 382 3
1335 321 1445 370 ἀλλ’
1474 320 1607 371 ε”στιν
1632 321 1715 371 οὐκ
1741 322 1894 389 ἀμφί-

304 403 470 459 βολον·
529 404 745 467 καθαριεῖ
778 399 872 467 γὰρ
910 400 1115 455 πάντως·
1176 403 1274 453 ἐπεὶ
1310 407 1412 456 πῶς
1451 403 1555 453 ἐστι
1597 402 1897 468 μακρόθυμος

304 483 380 531 καὶ
431 481 705 544 πολυέλεος,
751 487 852 536 πῶς
901 481 951 533 δὲ
1002 483 1128 537 ὅλως
1179 485 1396 551 ἀφαιρῶν
1448 486 1693 550 ἁμαρτίας,
1746 490 1781 536 εἰ
1831 485 1896 550 μὴ

304 564 537 630 καθαρίζει
587 563 670 615 τὸν
722 564 920 632 ε”νοχονς
990 564 1108 631 πρὸς
1161 566 1217 615 δέ
1264 589 1319 632 γε
1373 571 1511 617 τοῦτο
1565 569 1647 630 τῆς
1700 567 1939 632 ἐνούσης5

302 644 452 695 πάλιν
486 646 612 715 αὐτῷ
647 647 974 713 μακροθυμίας
1011 670 1062 698 τε
1100 649 1175 697 καὶ
1215 648 1510 717 ἀνεξικακίας
1549 653 1610 702 εἷς
1656 649 1897 718 ἀπόδειξιν

303 727 545 797 ἀποφέρει,
598 731 673 780 καὶ
725 729 796 779 ὅτι
847 728 930 784 τὰς
981 734 1076 780 τῶν
1126 730 1342 796 πατέρων
1394 732 1625 796 ἁμαρτίας
1683 730 1896 796 ἐπιθήσει

303 808 477 864 τέκνοις
515 811 597 865 ἕως
637 812 796 877 τρίτης
834 815 910 862 καὶ
948 811 1173 878 τετάρτης
1212 817 1394 878 γενεᾶς,
1438 813 1525 880 οὐχ
1565 813 1680 879 ὑπὲρ
1717 813 1896 881 πατρὸς

305 891 517 960 κολάζων
563 893 677 945 υἱόν·
732 893 797 958 μὴ
843 900 981 945 τοῦτο
1028 896 1243 963 νομίσῃς·
1299 896 1410 945 ἀλλ’
1458 894 1562 946 οὐδὲ
1608 895 1784 966 ἐκγόνῳ
1829 899 1896 965 τῷ

258 984 285 1024 d
302 974 501 1042 μακρὰν,
536 975 748 1043 καθάπερ
787 1000 831 1027 τι
870 977 1066 1046 φορτίον
1105 977 1391 1044 ε’πιῤῥίπτων
1425 982 1518 1029 τῶν
1551 978 1802 1044 προγόνων
1835 980 1894 1030 τὰ
1918 1001 1966 1025 10

301 1057 596 1120 πταίσματα,
642 1059 890 1122 σημαίνων
935 1058 989 1108 δέ
1033 1081 1077 1109 τι
1123 1064 1349 1110 τοιοῦτον.
1421 1060 1597 1125 γέγονέ
1637 1083 1706 1114 τις
1750 1060 1895 1128 τυχὸν

301 1138 420 1205 ἀνὴρ
464 1140 752 1206 παράνομος,
799 1142 875 1191 καὶ
921 1141 1183 1208 μοχθηρίας
1228 1141 1420 1206 ἁπάσης
1465 1141 1734 1205 ἀνάμεστον
1773 1143 1894 1211 ἔχων

299 1220 386 1284 τὴν
413 1220 638 1273 διάνοιαν·
685 1224 760 1273 καὶ
792 1223 1081 1290 κολάζεσθαι
1115 1222 1202 1286 μὲν
1228 1223 1522 1290 ὑπερθέσεως
1557 1224 1751 1288 ἁπάσης
1785 1228 1894 1293 δίχα

299 1303 383 1354 τὸν
410 1305 531 1355 οὕτω
564 1305 728 1372 διαζῆν
764 1306 997 1373 ᾑρημένον
1031 1307 1188 1373 ἐχρῆν,
1216 1307 1545 1373 διεκαρτέρησε
1578 1305 1624 1356 δ’
1652 1308 1733 1357 οὖν
1768 1307 1894 1371 ὅμως

301 1387 586 1456 ἀνεξικάκως
626 1389 650 1438 ὁ
691 1387 830 1451 Θεὸς,
870 1390 952 1439 οὐκ
991 1387 1253 1454 ἐπενεγκὼν
1291 1390 1417 1457 αὐτῷ
1456 1389 1543 1452 τὴν
1582 1390 1708 1458 αὐτῷ
1746 1413 1892 1457 χρεω-
1917 1413 1962 1447 15

299 1470 565 1534 στουμένην
590 1470 753 1537 ὀργήν.
806 1468 904 1521 εἶτα
929 1470 1081 1540 τούτῳ
1113 1471 1307 1537 γέγονεν
1334 1470 1429 1524 υἱὸς
1463 1476 1564 1525 ταῖς
1597 1477 1680 1522 τοῦ
1714 1472 1893 1539 πατρὸς

300 1552 605 1613 δυσσεβειάις
656 1552 1002 1616 ἁμιλλώμενος,
1050 1556 1126 1604 καὶ
1170 1553 1485 1620 παρατρέχων
1530 1555 1577 1604 ἐν
1621 1554 1759 1623 κακίᾳ
1809 1555 1893 1606 τὸν

262 1632 544 1702 θφύσαντα·
601 1638 675 1686 καὶ
725 1636 1088 1703 ἐμακροθύμησε
1138 1638 1213 1687 καὶ
1261 1638 1334 1687 ἐπὶ
1376 1635 1527 1705 τούτῳ
1568 1635 1705 1690 Θεός·
1762 1637 1893 1688 ἀλλὰ

301 1719 377 1768 καὶ
411 1718 462 1768 ἐκ
495 1717 663 1769 τούτου
701 1717 865 1784 γέγονε
899 1718 1068 1785 τρίτος,
1105 1717 1134 1783 ἢ
1170 1721 1244 1769 καὶ
1279 1720 1328 1769 ἐκ
1362 1723 1446 1769 τοῦ
1479 1720 1637 1785 τρίτου
1674 1719 1892 1787 τέταρτος

299 1801 399 1850 κατ’
445 1801 610 1851 οὐδένα
659 1800 837 1866 τρόπον
884 1800 1002 1852 ὅσον
1048 1805 1110 1855 εἷς
1162 1802 1325 1855 κακίας
1375 1799 1493 1854 εἶδος
1538 1805 1634 1852 τῶν
1676 1801 1891 1868 πατέρων
1912 1825 1961 1849 20

299 1882 578 1946 ἡττώμενος,
632 1881 890 1949 Ζσόρῥοπον
947 1882 995 1934 δὲ
1050 1887 1152 1936 ταῖς
1205 1882 1391 1933 ἐκείνων
1441 1882 1748 1947 ἐπιτηδεύσας
1805 1883 1891 1948 τὴν

299 1965 606 2025 δυσσέβειαν.
675 1965 839 2031 ἐπάγει
883 1964 1055 2016 λοιπὸν
1096 1966 1121 2016 ὁ
1169 1963 1290 2018 Θεὸς
1334 1964 1420 2029 τὴν
1465 1965 1643 2017 ἄνωθεν
1687 1968 1764 2016 καὶ
1808 1968 1887 2018 ἀπ’

298 2048 447 2114 ἀρχῆς
488 2047 587 2116 ὅλῳ
628 2051 694 2117 τῷ
736 2047 858 2113 γένει
902 2046 1295 2115 χρεωστουμένην
1333 2046 1500 2113 ὀργὴν,
1546 2047 1889 2114 ἀνεξικακήσας

299 2132 511 2195 διαρκῶς,
551 2134 742 2191 μᾶλλον
781 2130 829 2180 δὲ
868 2132 943 2180 καὶ
981 2130 1100 2194 ἤπερ
1145 2131 1303 2196 ἐχρῆν.
1373 2129 1427 2180 τὸ
1468 2129 1563 2195 γὰρ
1603 2130 1888 2197 ὑπερθέσθαι

298 2210 385 2274 τὴν
409 2213 637 2277 τιμωρίαν
663 2214 738 2262 καὶ
764 2212 903 2279 μέχρι
928 2210 1152 2277 τετάρτης
1179 2216 1352 2277 γενεᾶς,
1379 2216 1480 2265 πῶς
1516 2213 1599 2262 οὐκ
1625 2210 1682 2262 ἂν
1707 2212 1887 2278 γένοιτο
1908 2234 1957 2272 25

298 2295 584 2358 θεοπρεποῦς
623 2292 768 2347 ὅντως
806 2293 1090 2359 ἡμερότητος
1128 2293 1388 2358 ἐγκώμιον;
1434 2293 1505 2344 ὅτι
1541 2293 1634 2360 γὰρ
1669 2295 1756 2362 οὐχ
1790 2294 1888 2345 υἱὸν

75 2388 230 2424 594Α.
260 2373 414 2440 αὑπὲρ
458 2374 651 2441 πατρὸς,
690 2376 802 2425 ἀλλ’
843 2374 947 2426 οὐδὲ
988 2375 1169 2440 πατερα
1208 2373 1421 2441 κολάζειν
1461 2373 1582 2426 οἶδεν
1622 2374 1735 2442 ὑπὲρ
1775 2381 1886 2439 υἱοῦ,

297 2457 512 2523 χαλεπὸν
547 2455 679 2507 οὐδὲν
714 2459 930 2521 ἐκμαθεῖν
964 2459 1040 2507 καὶ
1078 2457 1135 2525 ἐξ
1169 2455 1234 2507 ὧν
1269 2457 1360 2523 ἔφη
1400 2462 1573 2525 σαφῶς
1612 2457 1686 2508 διὰ
1726 2462 1887 2527 φωνῆς

296 2538 517 2605 Ἰεζεκιὴλ
543 2544 627 2589 τοῦ
654 2537 905 2607 προφήτου
930 2537 1049 2604 πρὸς
1084 2537 1251 2592 αὐτοὺς
1276 2537 1543 2601 Ἰουδαίους,
1571 2540 1639 2590 ἐπ’
1669 2541 1794 2609 αὐτῷ
1829 2541 1886 2604 δὴ

345 2712 376 2735 2.
403 2700 569 2745 καθαρίσῃ
588 2712 618 2735 a.
756 2713 789 2743 4.
815 2704 886 2736 πῶς
903 2701 939 2735 δὲ
957 2699 1124 2735 ὅλως-εἷ
1143 2700 1185 2734 Β.
1203 2700 1256 2733 καὶ
1273 2699 1431 2745 ἀφαιρῶν
1447 2699 1608 2745 ἁμαρτίας
1627 2704 1698 2736 πῶς
1715 2701 1751 2734 δέ
1769 2701 1798 2734 εἷ
1816 2700 1884 2736 Ed.

297 2746 331 2781 6.
357 2749 462 2781 πάλιν
479 2749 568 2794 αὐτῷ
587 2748 653 2781 hoc
670 2747 793 2782 ordine
813 2748 855 2781 B.
1010 2756 1042 2792 7.
1066 2746 1252 2792 ἀποφέρει]
1276 2752 1312 2787 -Ι-
1333 2748 1438 2781 πάλιν
1457 2747 1497 2780 Β.
1565 2747 1720 2791 ἐπιθήσει
1737 2746 1881 2793 τέκνοις]

297 2793 351 2827 ἐπὶ
369 2793 496 2830 τέκνοις
513 2794 668 2838 ἐπιθήσει
685 2795 814 2830 τέκνοις
833 2795 874 2829 Β.
963 2794 1134 2836 ἐπιτίθησι
1151 2806 1182 2828 a.
1326 2805 1359 2838 9.
1386 2794 1511 2839 ἐκγόνῳ
1529 2796 1574 2839 τῷ
1596 2794 1637 2828 Β.
1655 2794 1801 2839 ἐκγόνων
1817 2798 1884 2828 τῶν

300 2839 419 2875 Holst.
439 2841 505 2875 Ed.
640 2853 693 2875 10.
719 2856 758 2875 το
779 2842 819 2875 B.
837 2856 868 2875 τι
888 2840 1086 2874 emendavit
1108 2840 1169 2874 Ht.
1293 2851 1346 2883 14.
1373 2840 1611 2884 διεκαρτέρησε
1629 2852 1659 2874 a.
1678 2841 1883 2884 ἐκαρτέρησε

299 2886 365 2919 Ed.
548 2897 601 2932 15.
628 2888 829 2931 ἀνεξικάκως
847 2890 864 2921 ὁ
883 2889 969 2922 Θεὸς
987 2887 1053 2921 hoe
1071 2886 1192 2921 ordine
1212 2886 1289 2920 B.a.
1460 2887 1514 2920 16.
1539 2886 1695 2932 γέγονεν]
1720 2892 1756 2927 -1-
1778 2889 1796 2920 ὁ
1819 2887 1880 2921 Ht.

299 2932 364 2966 Ed.
383 2932 499 2967 invitis
520 2934 595 2967 B.a.
743 2936 795 2969 IS.
822 2934 876 2968 ἐπὶ
894 2934 1002 2979 τούτῳ
1020 2945 1050 2967 a.
1069 2936 1170 2967 τοῦτο
1191 2934 1232 2968 Β.
1255 2932 1319 2967 Ed.
1388 2932 1513 2966 Statim
1532 2935 1549 2965 ὁ
1567 2933 1665 2967 addit
1682 2945 1712 2967 a.
