2022 3272
111 593 133 631 ΕΠ.

86 1009 135 1034 10

89 2311 136 2338 25⁴

152 140 234 179 xvi.
255 153 322 195 33.
386 140 459 180 IN
504 139 547 180 S.
581 138 922 179 JOANNEM.
987 138 1112 179 LIB.
1148 139 1225 178 XI.
1287 139 1421 180 CAP.
1456 139 1516 179 ΙῘ.
1659 140 1740 180 655

152 247 403 311 διδάσκων,
443 248 512 299 ὅτι
558 246 824 314 πειρασμὸν
864 246 892 311 ὴ
939 248 1145 313 διωγμὸν
1184 248 1331 312 ἤγουν
1370 248 1525 314 ἕτερόν
1564 272 1608 299 τι
1647 253 1741 299 τῶν

152 330 374 381 τοιούτων
403 330 704 399 ἐπιφέροντος
738 331 847 394 ἡμῖν
882 330 990 380 ἔσθ’
1032 329 1107 380 ὅτε
1148 336 1321 395 καιροῦ,
1363 333 1436 381 καὶ
1476 335 1538 384 εἷς
1577 332 1787 381 εὐκλεᾶἆ

153 418 410 466 καλοῦντος
448 413 674 475 κίνδυνον,
714 413 835 480 φημῖ
875 411 924 463 δὲ
962 411 1044 462 τὸν
1089 413 1143 462 δι’
1193 411 1450 475 εὐσέβειαν,
1493 414 1574 463 οὐκ
1616 415 1737 463 ἀπο-

153 493 337 544 πίπτειν
364 495 554 548 ἐλπίδος
589 497 671 555 τῆς
698 495 772 545 ἐπὶ
798 498 864 563 τῷ
898 494 1130 544 δύνασθαι
1161 493 1429 560 διαφεύγειν
1456 493 1737 556 ἀκόλουθον,

155 578 230 626 καὶ
255 580 291 626 εἷ
323 575 388 640 μή
421 599 537 630 τινες
571 575 715 642 τυχὸν
741 580 835 626 τῶν
870 575 1134 644 ὁμοψύχων
1161 576 1270 640 ἡμῖν
1303 575 1742 643 συμπαρατρέχοιεν

154 659 397 726 ἀδελφῶν,
452 657 764 721 ἐπαμύνοντές
814 680 861 708 τε
926 656 1046 708 κατὰ
1096 656 1149 708 τὸ
1205 659 1445 725 ἐγχωροῦν
1503 660 1579 708 καὶ
1642 662 1742 711 ταῖς

154 741 386 800 ὁμονοίαις
420 742 669 807 μονονουχὶ
704 738 786 790 τὸν
823 738 1138 805 ἐπηρτημένον
1169 741 1279 804 ἡμῖν
1316 739 1601 806 μεριζόμενοι
1640 739 1738 790 κίν-

154 825 307 873 δυνον.
377 826 413 873 εἰ
459 822 551 889 γὰρ
597 823 672 872 καὶ
719 821 973 887 τράποιντο
1016 821 1136 886 πρὸς
1181 821 1340 890 φυγὴν
1385 825 1619 889 δυσαχθῆ,
1667 825 1743 872 καὶ

154 902 396 970 ἀφόρητον
433 903 519 967 τὴν
559 905 608 954 ἐκ
647 906 729 967 τῆς
769 904 942 957 δειλίας
979 904 1257 973 πλεονεξίαν
1297 905 1345 954 ἐν
1385 905 1561 957 ἑαυτοῖς
1604 927 1740 967 ποιη-
1763 926 1785 953 e

155 985 364 1049 σάμενοι,
405 989 663 1037 διακεῖσθαι
711 988 966 1051 προσῆκεν,
1006 988 1067 1039 ὡς
1106 987 1159 1036 οὐ
1198 985 1274 1037 διὰ
1311 985 1485 1050 ταύτην
1524 985 1744 1050 ἀτονήσει

154 1067 239 1131 τὴν
264 1070 415 1119 αἰτίαν
442 1066 578 1122 Θεός.
621 1067 807 1134 ἀρκέσει
834 1067 925 1134 γὰρ
958 1069 1098 1131 μόνος
1134 1072 1195 1122 εἰς
1231 1067 1285 1119 τὸ
1325 1071 1563 1119 διασῶσαι
1602 1067 1741 1118 δύνα-

154 1155 269 1202 σθαι
296 1150 379 1201 τὸν
406 1152 531 1220 αὐτῷ
564 1151 921 1216 προσκείμενον.
973 1151 1089 1217 μένοι
1127 1150 1174 1201 δὲ
1210 1151 1338 1214 ἡμεῖς
1366 1151 1448 1201 οὐκ
1483 1149 1640 1213 ἐσμὲν,
1667 1151 1743 1200 καὶ

154 1237 189 1282 εἰ
215 1232 279 1297 μή
305 1256 374 1287 τις
399 1234 549 1301 ὁρῷτο
575 1232 756 1298 παρὼν,
780 1231 990 1298 καθάπερ
1017 1231 1146 1283 εἶπον
1173 1233 1354 1299 ἀρτίως,
1381 1230 1739 1298 συμπαραστά-

154 1337 239 1377 την
265 1317 340 1364 καὶ
370 1314 607 1381 ε’παρηγὸν
633 1316 707 1365 καὶ
742 1314 989 1366 σύνοπλον
1015 1315 1199 1381 ἔχοντες
1224 1314 1307 1366 τὸν
1332 1313 1488 1367 πάντα
1515 1314 1743 1381 ἰσχύοντα

113 1416 132 1450 .-·
157 1395 299 1455 Θεὸν,
329 1395 716 1460 ἀπλεονεκτήτοις
741 1399 866 1447 τισὶν
892 1397 1170 1462 ἐπικουρίαις
1196 1397 1318 1460 ἡμᾶς
1342 1395 1741 1465 περιφράττοντα,

156 1477 274 1528 κατὰ
316 1477 399 1529 τὸν
439 1478 642 1544 λε’γοντα
685 1477 955 1548 ψαλμῳδόν
1001 1486 1026 1509 “
1050 1479 1208 1545 Κύριε,
1253 1480 1314 1532 ὡς
1361 1478 1497 1547 ὅπλῳ
1539 1478 1746 1532 εὐδοκίας
1809 1489 1913 1572 {³3¹1-

663 1565 682 1574 Α
724 1561 750 1577 9)

156 1568 183 1589 “
209 1559 551 1628 ἐστεφάνωσας
589 1561 721 1624 ἡμας.
803 1563 878 1611 καὶ
919 1566 1067 1612 ταῦτα
1106 1567 1187 1612 νῦν
1225 1563 1330 1628 περὶ
1368 1560 1536 1612 τούτου
1575 1560 1745 1629 φαμὲν,

154 1642 241 1709 οὐχ
267 1644 329 1695 ὡς
357 1645 516 1709 χρῆμα
552 1643 702 1694 καλὸν
729 1642 1040 1709 θαυμάζοντες
1066 1641 1152 1707 τὴν
1184 1643 1497 1712 φιλοψυχίαν,
1525 1642 1638 1693 ὅταν
1664 1643 1747 1711 ἐξῇ

155 1723 404 1775 καταλύειν
443 1725 564 1788 ἡμᾶς
603 1726 801 1779 εὐκλεῶς
845 1725 928 1776 τὸν
966 1725 1084 1788 μετὰ
1122 1725 1347 1788 σώματος
1385 1726 1491 1786 βίον
1529 1746 1744 1789 συστρα-
1766 1749 1787 1774 a
1815 1739 1972 1775 944A.

156 1805 427 1869 τευομένους
453 1830 501 1858 τε
530 1813 607 1857 καὶ
633 1812 993 1861 συναθλοῦντας
1018 1813 1113 1860 τοῖς
1139 1806 1214 1858 διὰ
1232 1807 1357 1858 Θεὸν
1382 1806 1744 1858 κινδυνεύουσιν·

156 1889 266 1937 ἀλλ’
296 1888 370 1937 ἵνα
402 1893 594 1950 μᾶλλον
620 1891 762 1940 ἐκεῖνο
789 1889 1138 1953 πιστεύσωμεν,
1167 1892 1228 1942 ὡς
1259 1893 1296 1940 εἷ
1322 1891 1397 1939 καὶ
1423 1889 1488 1953 μή
1515 1911 1635 1941 τινες
1662 1885 1750 1939 εἶεν

156 1974 199 2020 οἱ
237 1975 376 2021 τοῦτο
410 1974 525 2036 δρᾶν
558 1970 650 2022 σὺν
681 1972 790 2035 ἡμῖν
818 1969 1061 2024 ἐθέλοντες
1097 1973 1172 2022 καὶ
1210 1970 1600 2038 προθυμούμενοι,
1631 1971 1749 2021 ἀπο-

156 2051 406 2116 γινώσκειν
433 2053 486 2102 οὐ
511 2052 619 2120 χρή·
674 2056 794 2121 μόνοι
822 2051 912 2119 γὰρ
940 2057 1015 2105 οὐκ
1045 2051 1251 2117 ἐσόμεθα
1277 2051 1613 2119 συμπαρόντος
1639 2052 1750 2116 ἡμῖν

156 2139 239 2184 τοῦ
266 2137 406 2185 Θεοῦ.

158 2297 303 2339 Ταῦτα
337 2299 556 2340 λελάλΗκα
593 2297 701 2351 ὑμῖν,
727 2300 796 2341 ἵνα
828 2301 873 2342 ἐν
905 2300 1000 2349 ἐμοὶ
1038 2298 1212 2357 εἰρήνΗν
1246 2300 1383 2356 ἕχΗτε·
1433 2300 1477 2341 ἐν
1509 2301 1570 2354 τῷ
1602 2300 1748 2354 κόσμῳ
1769 2310 1817 2346 33

243 2381 385 2433 Θλίψιν
421 2382 554 2438 ἔχετε·
607 2383 718 2424 ἀλλὰ
758 2381 968 2438 Θαρσεῖτε,
1005 2383 1091 2430 ἐγὼ
1129 2382 1328 2424 νενίκΗκα
1366 2384 1439 2425 τὸν
1479 2385 1651 2432 κόσμον,
1766 2378 1793 2419 b

224 2492 388 2558 “Ὀλην
428 2497 490 2547 ὡς
525 2495 635 2548 ε”πος
673 2499 813 2546 εἰπεῖν
844 2497 892 2546 ἐν
919 2496 1099 2550 τούτοις
1137 2497 1187 2546 εὖ
1224 2496 1356 2560 μάλα
1382 2496 1595 2562 Χριστὸς
1629 2499 1743 2547 ἀνα-

159 2581 497 2645 κεφαλαιοῦται
546 2578 793 2644 χρησίμως
840 2577 926 2641 τὴν
969 2578 1087 2644 πρὸς
1131 2577 1297 2632 αὐτοὺς
1347 2578 1602 2643 γενομένην
1644 2577 1744 2629 διά-

160 2658 308 2726 λεξιν,
335 2659 410 2708 καὶ
436 2663 531 2709 τῶν
554 2659 803 2724 εἰρημένων
833 2659 919 2723 τὴν
946 2660 1140 2723 δύναμιν
1173 2661 1221 2710 ἐν
1247 2660 1429 2725 ὀλίγοις
1466 2659 1749 2722 συλλαβὼν,

92 2766 142 2801 30
161 2738 532 2804 συντομωτάτην
573 2741 728 2794 αὐτοῖς
772 2744 855 2805 τῆς
905 2743 1072 2796 οἰκείας
1121 2740 1402 2806 βουλήσεως
1445 2741 1748 2808 παρατέθεικε

208 2911 242 2940 4.
269 2898 306 2931 τὸ
325 2897 368 2931 Ε.
676 2909 709 2941 9.
735 2898 865 2932 ἑαυτοῖς
882 2896 925 2930 Ε.
942 2897 1055 2932 αὐτοῖς
1074 2896 1140 2930 Ed.
1428 2909 1481 2943 13.
1507 2896 1602 2933 εἶπον
1618 2909 1688 2932 om.
1709 2898 1750 2932 E.

163 2954 219 2978 22.
245 2944 274 2978 εἰ
291 2955 354 2989 pro
371 2944 402 2978 οἱ
421 2944 463 2979 Ε.
749 2943 805 2978 26.
830 2944 925 2989 ἔχετε
944 2943 985 2978 E.
1005 2943 1097 2987 ἕξετε
1115 2943 1182 2978 Ed.
