2001 3261
275 111 357 150 188
674 114 726 155 Β.
759 114 1033 155 CYRILLI
1074 114 1456 155 ALEXANDR.
1718 111 1857 164 ix.30.

273 220 400 289 αὐτῷ
433 220 700 287 λελάληκεν
727 224 752 273 ὁ
781 221 921 285 Θεὸς,
950 227 1050 276 πῶς
1087 224 1168 273 οῦκ
1203 225 1345 290 ἐχρῆν
1370 227 1507 272 τοῦτο
1538 223 1654 287 δρᾶν
1681 221 1754 270 καὶ
1785 220 1860 270 ἐπὶ

51 299 144 330 Infra
454 305 474 314 Α
603 304 612 322 ¹
826 307 835 321 ‘
854 307 864 319 ‘
884 305 895 320 s
1045 306 1055 320 ³
1311 303 1321 318 '
1468 305 1478 319 ’
1555 302 1566 318 '
1843 299 1856 317 ἵ

51 343 117 374 xiv.
136 352 184 380 10,
275 306 489 372 Χριστῳ,
532 327 680 355 καιτοι
732 307 986 372 διαρρήδην
1030 327 1402 370 ανακεκραγοτος
1452 325 1696 355 ακουοντες
1740 305 1862 352 “Τα

55 396 104 424 ²4·
276 391 303 413 ‘⁶
329 383 517 451 ῥήματα
544 384 574 436 ἃ
601 384 691 451 ἐγὼ
719 391 871 449 λαλῶ,
901 387 984 436 οὐκ
1016 387 1147 437 ε”στιν
1175 386 1275 449 ε’μά,
1303 384 1434 436 ἀλλὰ
1468 390 1549 435 τοῦ
1584 380 1863 452 πέμψαντός

53 457 176 542 ἔξω·
276 473 303 495 “
328 491 384 530 με
422 467 658 533 Πατρός·”
707 470 782 518 καὶ
817 468 966 519 πάλιν
995 476 1021 497 “
1046 467 1157 519 Ἀπ’
1185 470 1386 530 ἐμαυτοῦ
1422 468 1475 517 οὐ
1511 471 1666 528 λαλῶ,
1697 466 1807 516 ἀλλ’
1838 465 1863 515 ὁ

277 556 302 578 ‘⁶
328 549 526 618 πέμψας
551 573 608 614 με
637 549 807 616 Πατὴρ
844 550 982 603 αὐτός
1018 573 1097 612 μοι
1132 550 1328 614 ἐντολὴν
1356 550 1525 600 δέδωκε
1560 550 1610 599 τί
1640 548 1753 598 ε’ίπω
1787 548 1904 603 καῖ5

276 639 301 660 “
329 632 378 683 τί
416 631 623 696 λαλήσω
643 633 686 694 ;''
728 632 976 700 πρόφασις
1018 633 1099 682 οῦν
1138 632 1230 697 ἄρα
1271 634 1346 682 καὶ
1391 635 1642 697 λογισμῶν
1680 630 1864 680 εἷκαίων

276 713 515 779 εὑρήματα
539 719 633 764 τῶν
662 714 940 780 Φαρισαίων
968 717 1007 764 οἱ
1043 713 1195 779 λόγοι.
1252 718 1288 764 εἰ
1323 712 1417 780 γὰρ
1454 712 1530 764 διὰ
1563 710 1702 763 τοῦτό
1738 716 1864 777 φασι

238 800 485 846 ΟΜωυσεῖ
518 800 710 859 μᾶλλον
748 796 946 846 ἕπεσθαι
987 798 1093 857 δεῖν,
1134 796 1322 860 ἐπείπερ
1363 796 1488 863 αὐτῷ
1532 792 1798 856 λελάληκεν
1838 794 1863 843 ὁ

277 877 412 939 Θεὸς,
449 879 498 928 τί
532 877 596 941 μὴ
635 884 783 928 ταῦτα
823 882 1087 945 φρονοῦσιν
1125 879 1197 928 ἐπὶ
1240 881 1453 946 Χριστῷ,
1486 880 1635 927 καίτοι
1675 874 1865 940 λέγοντι

276 964 449 1027 σαφῶς
485 958 604 1024 ἅπερ
640 960 810 1025 ἀρτίως
846 959 1091 1025 εἰρήκαμεν
1115 981 1126 1021 ;
1171 961 1281 1009 ἀλλ’
1312 962 1360 1009 ἐν
1386 959 1510 1025 μέρει
1536 963 1758 1021 τιμῶντες
1783 955 1866 1007 τὸν
1887 979 1936 1005 10

277 1042 433 1105 νόμον,
468 1043 543 1092 καὶ
582 1041 763 1092 σεπτὸν
803 1042 1022 1106 ἡγεῖσθαι
1061 1043 1463 1108 προσποιούμενοι
1502 1040 1556 1091 τὸ
1596 1044 1763 1091 δοκοῦν
1801 1042 1867 1107 τῷ

278 1127 400 1192 Θεῷ,
427 1122 728 1188 πλήττουσιν
763 1123 928 1188 ἑτέρως
966 1123 1188 1190 χειρόνως
1227 1122 1526 1189 ἀτιμάζοντες
1566 1121 1640 1173 διὰ
1680 1127 1763 1171 τοῦ
1801 1119 1867 1185 μὴ

277 1205 629 1272 παραδέχεσθαι
663 1204 820 1256 θέλειν
847 1204 900 1256 τὸ
935 1207 1234 1271 καιριώτερον
1261 1204 1496 1271 κήρυγμα·
1552 1210 1691 1255 τοῦτο
1727 1202 1774 1254 δὲ
1809 1200 1867 1266 ἧν

277 1287 330 1338 τὸ
357 1288 431 1338 ἐπὶ
459 1291 658 1356 Χριστῷ
696 1288 769 1338 διὰ
807 1287 892 1351 τὴν
919 1286 1038 1350 μετὰ
1071 1287 1250 1353 σαρκὸς
1287 1287 1553 1351 οἰκονομίαν
1580 1290 1641 1340 ὡς
1668 1288 1716 1336 ἐν
1742 1308 1862 1352 προ-

279 1368 432 1435 φήτου
458 1369 588 1438 τάξει
616 1370 1016 1434 κατηγγελμένον.
1889 1385 1935 1424 15

236 1451 262 1491 d

213 1532 509 1589 ΒΟἈΠεκρίΘΗ
560 1532 581 1573 ὁ
631 1534 860 1589 ἅνθρωπος
912 1533 978 1573 καὶ
1024 1529 1141 1574 εἶπεν
1192 1531 1336 1574 αὐτοῖς
1379 1532 1455 1573 Ἐν
1504 1533 1641 1585 τούτῳ
1691 1532 1768 1588 Γὰρ
1819 1531 1867 1573 τὸ

349 1616 592 1664 Θαυμαστόν
625 1617 751 1666 ἐστιν,
778 1618 841 1657 ὅτι
878 1614 995 1665 ὑμεῖς
1032 1618 1106 1657 οὐκ
1142 1614 1290 1657 οἴδατε
1326 1618 1454 1657 Πόθεν
1487 1615 1589 1666 ἐστὶ,
1619 1615 1686 1656 καὶ
1723 1614 1865 1657 ἧνοιὲέ

347 1714 426 1747 μου
465 1715 564 1740 τους
602 1700 869 1755 ὀφθαλμούς.

359 1814 790 1878 Καταπέπληγμαι,
837 1816 974 1882 φησὶ,
1018 1816 1093 1863 καὶ
1147 1812 1342 1879 σφόδρα
1393 1817 1552 1864 καλῶς
1603 1815 1639 1861 εἰ
1690 1809 1772 1861 τὸν
1821 1811 1869 1860 ἐν

282 1894 495 1959 ἁγιότητι
524 1896 733 1962 τοσαύτῃ
769 1898 843 1945 καὶ
880 1899 1132 1961 θεοπρεπεῖ
1163 1895 1418 1963 δυναστείᾳ
1450 1895 1503 1944 δι’
1533 1890 1597 1943 ὧν
1623 1893 1869 1958 εἴργασται
1891 1916 1940 1940 20

282 1976 663 2043 μαρτυρούμενον
690 1978 966 2041 ἠγνοηκέναι
993 1977 1129 2044 φατὲ,
1159 1979 1235 2027 καὶ
1269 1976 1322 2027 τὸ
1355 1974 1685 2041 προσεδρεύειν
1711 1975 1871 2040 ἀπερι-

284 2058 518 2112 σπάστως
549 2063 616 2127 τῷ
642 2062 750 2128 Θεῷ
782 2058 1083 2125 νομιζόμενοι,
1113 2061 1187 2108 καὶ
1228 2057 1372 2121 νόμου
1407 2055 1767 2124 προεστηκότες,
1796 2057 1872 2106 καὶ

247 2162 267 2188 e
285 2146 384 2194 ταῖς
412 2145 552 2207 ἱεραῖς
579 2143 900 2207 ἐντρυφῶντες
925 2145 1217 2201 συλλαβαῖς,
1246 2142 1320 2191 καὶ
1358 2140 1586 2206 λαχόντες
1621 2138 1873 2204 ἡγεμονίαν

284 2221 312 2286 ἢ
340 2224 416 2272 καὶ
441 2221 658 2286 μα’λιστα
685 2221 738 2272 τὸ
766 2221 973 2287 ἀγαθοὺς
1007 2221 1170 2272 εἰδέναι
1204 2221 1511 2290 φροντιστοῖς.
1563 2221 1652 2271 τίνι
1686 2219 1779 2285 γὰρ
1814 2218 1872 2269 ἂν

286 2306 361 2353 καὶ
385 2303 555 2369 πρέποι
581 2302 634 2354 τὸ
663 2304 827 2354 εἰδέναι
856 2308 1014 2357 καλῶς
1040 2302 1147 2356 τοῦς
1173 2308 1605 2369 τερατουργοῦντας
1631 2301 1703 2352 διὰ
1732 2305 1869 2364 Θεοῦ,
1894 2324 1940 2362 25

286 2389 321 2435 εὶ
349 2384 412 2449 μὴ
441 2390 536 2438 τοῖς
567 2388 641 2436 καὶ
679 2389 893 2451 ἱερᾶσθαι
929 2385 1375 2451 προστεταγμένοις,
1403 2387 1477 2434 καὶ
1516 2383 1582 2436 οἷς
1620 2387 1682 2436 εἷς
1717 2389 1865 2450 φρον-

286 2468 389 2518 τίδα
424 2466 478 2518 τὸ
514 2467 694 2518 σεπτὸν
727 2467 996 2531 ἀπενεμήθη
1030 2467 1324 2532 μυστήριον,
1369 2465 1789 2529 καταπλήττεσθαι
1824 2465 1873 2515 δὲ

287 2548 440 2614 λέγων
486 2552 549 2603 ὡς
592 2548 882 2614 ἠγνοηκότας
928 2553 1096 2617 κομιδῇ
1142 2548 1224 2600 τὸν
1269 2550 1414 2602 οὕτως
1456 2547 1753 2614 ἀξιάγαστον
1797 2549 1874 2598 καὶ

288 2631 426 2699 ξένην
470 2635 533 2685 εἷς
578 2631 720 2682 αὐτὸν
764 2631 1102 2682 ἐπιτελέσαντα
1146 2630 1232 2694 τὴν
1271 2631 1543 2695 θεοσημίαν,
1584 2628 1874 2693 ὑποπλήττει

1728 2756 1806 2778 τερον

334 2795 366 2828 9.
393 2782 456 2828 μὴ]
481 2787 517 2823 -Ι-
541 2783 594 2816 καὶ
612 2782 706 2817 Aub.
774 2782 901 2817 Statim
919 2783 1024 2816 ταύτὰ
1043 2783 1183 2828 conjicit
1203 2783 1332 2827 Heyse.
1516 2792 1568 2826 13.
1594 2782 1813 2825 καιριώτατον
1831 2780 1872 2814 Β.

293 2841 343 2871 15.
372 2830 646 2874 καταγγελμένου
666 2829 707 2863 Β.
727 2829 998 2874 κατηγγελμένον
1016 2829 1083 2862 Ed.
1209 2840 1262 2863 21.
1291 2830 1344 2862 καὶ
1361 2827 1418 2873 τὸ]
1439 2828 1543 2861 καίτοι
1562 2826 1723 2860 emendat
1745 2826 1873 2872 Heyse.

291 2887 345 2909 22.
371 2878 625 2920 προεστηκότος
644 2876 737 2910 Aub.
863 2887 918 2918 24.
946 2875 963 2919 ἢ
986 2876 1026 2909 Β.
1046 2876 1074 2909 εἷ
1095 2875 1211 2909 Holst.
1233 2875 1298 2909 Ed.
1364 2875 1486 2909 εἰδέναι
1507 2874 1548 2908 Β.
1571 2873 1632 2907 Ht.
1651 2871 1733 2907 εἶναι
1753 2885 1872 2906 emen-

290 2922 383 2955 davit
402 2928 439 2956 ut
459 2922 602 2957 adnotat
620 2923 692 2968 ipse
705 2922 811 2965 Aub.‚
825 2922 885 2956 sed
905 2929 1040 2967 praeter
1059 2923 1312 2956 necessitatem.
1411 2922 1466 2954 26.
1484 2922 1554 2955 τοῖς
1571 2920 1624 2953 καὶ
1642 2919 1708 2954 hoc
1726 2919 1800 2954 ord.
1815 2919 1858 2954 B.
