2001 3231
297 119 354 158 58
702 119 753 161 Β.
787 120 1062 162 CYRILLI
1103 121 1486 162 ALEXANDR.
1709 119 1885 174 viii.31.

258 244 280 271 0
300 233 327 256 “
353 225 576 291 λαλήσας
602 232 699 281 τοῖς
723 227 965 295 πατράσιν
983 231 1031 279 ἐν
1050 234 1146 283 τοῖς
1172 229 1442 297 προφήταις
1468 231 1536 281 ἐπ’
1561 228 1768 297 ἐσχάτου
1791 231 1886 279 τῶν

300 314 327 337 “
353 308 539 375 ἡμερῶν
564 309 743 361 τούτων
768 309 1008 374 ἐλάλησεν
1034 311 1144 374 ἡμῖν
1171 312 1220 361 ἐν
1246 312 1393 380 Υἱῴ.”
1435 312 1600 362 οὐκοῦν
1627 307 1887 376 αὐτουργὸς

296 389 407 453 ἡμῖν
433 393 496 444 εἰς
523 392 838 442 διδασκαλίαν
864 390 1084 459 ἐσχάτοις
1119 397 1203 443 τοῦ
1238 397 1403 446 αἰῶνος
1437 397 1612 458 καιροῖς
1641 393 1834 459 γέγονεν
1861 392 1886 442 ὃ

295 471 424 526 Υἱός.
487 473 564 524 διά
607 496 680 524 τοι
723 478 864 524 τοῦτο
910 473 1055 539 λόγος
1102 475 1244 524 αὑτοῦ
1288 475 1457 541 κυρίως
1502 473 1887 538 ὀνομασθήσεται

293 552 492 618 μάθημα
528 553 581 605 τὸ
616 553 937 620 εὐαγγελικόν.
990 553 1048 618 ἧν
1073 555 1159 618 μὲν
1185 555 1278 622 γὰρ
1309 555 1573 607 ἀκόλουθον
1598 556 1887 622 γυμνότερόν
1908 569 1930 608 5

293 658 394 689 πως
434 638 511 687 καὶ
551 636 956 705 ἀπημφιεσμένως
995 641 1138 688 εἰπεῖν
1165 641 1230 688 Οἱ
1269 635 1355 701 τὴν
1389 639 1554 689 πίστιν
1587 637 1674 702 τὴν
1709 642 1771 691 εἱς
1809 637 1887 701 ἐμὲ

292 717 704 783 παραδεδεγμένοι,
736 721 812 769 καὶ
847 718 941 786 ὀψὲ
975 718 1074 783 μὲν,
1102 718 1227 783 ὅμως
1264 721 1308 769 δ’
1337 721 1419 770 οὖν
1453 719 1767 785 ἐπεγνωκότες
1803 718 1887 770 τὸν

293 799 473 850 ἄνωθεν
500 801 607 863 ὑμῖν
640 799 716 850 διὰ
752 800 896 863 νόμου
932 803 1007 851 καὶ
1040 804 1304 869 προφητῶν
1339 801 1696 868 κηρυττόμενον,
1722 800 1886 865 μηκέτι

248 885 276 926 d
294 885 391 934 τοῖς
417 880 493 932 διὰ
522 882 770 935 Μωυσέως
796 882 1143 950 προσπέπηχθε
1170 883 1346 945 τύποις,
1373 882 1492 947 μηδὲ
1523 888 1623 936 ταῖς
1659 881 1779 933 κατὰ
1803 881 1886 934 τὸν

292 963 437 1027 νόμον
484 964 817 1030 προσεδρεύειν
861 969 1017 1017 σκιαῖς
1069 966 1394 1027 ἀναπείθεσθε,
1442 964 1559 1029 μηδὲ
1608 966 1657 1015 ἐν
1700 965 1886 1018 ἐκείνοις
1909 984 1957 1009 10

292 1043 417 1098 ὅλως
443 1044 529 1108 τὴν
554 1048 637 1109 τῆς
664 1047 902 1112 σωτηρίας
929 1044 1138 1112 ὁρίζεσθε
1166 1047 1376 1110 δύναμιν,
1397 1048 1507 1097 ἀλλ’
1533 1049 1581 1097 ἐν
1606 1045 1886 1110 μαθήμασιν

290 1130 388 1179 τοῖς
434 1131 777 1189 πνευματικοῖς,
823 1129 900 1177 καὶ
946 1129 994 1178 ἐν
1040 1133 1136 1182 τοῖς
1180 1129 1502 1194 εὐαγγελικοῖς
1547 1130 1623 1179 καὶ
1670 1129 1725 1178 δι’
1772 1129 1885 1191 ἐμοῦ

290 1207 608 1273 κηρύγμασιν·
678 1209 790 1258 ἀλλ’
837 1207 893 1272 ἧν
945 1210 1028 1259 οὐκ
1079 1209 1284 1272 ἀπεικὸς,
1330 1215 1523 1273 μᾶλλον
1573 1209 1621 1260 δὲ
1671 1209 1760 1273 ἤδη
1809 1211 1885 1260 καὶ

290 1290 633 1343 ἀνενδοιάστως
676 1291 798 1357 ἔχον,
841 1292 902 1344 ὡς
945 1290 1049 1357 ἄρτι
1095 1294 1169 1341 καὶ
1214 1290 1352 1353 μόλις
1394 1291 1480 1356 τὴν
1519 1292 1683 1343 πίστιν
1723 1314 1881 1356 παρα-

291 1371 550 1439 δεξάμενοι,
578 1372 906 1436 σαλευομένην
933 1395 982 1423 τε
1010 1375 1085 1423 καὶ
1121 1372 1463 1436 εὐανάτρεπτον
1489 1378 1552 1427 εἷς
1586 1372 1886 1436 μετάστασιν
1908 1392 1954 1432 15

290 1452 474 1520 ἔχοντες
501 1452 587 1517 τὴν
614 1452 837 1515 διάνοιαν,
859 1455 942 1504 οὐκ
970 1453 1027 1505 ἂν
1054 1459 1148 1504 τῶν
1174 1454 1398 1505 τοιούτων
1423 1456 1684 1522 ἀνέσχοντο
1709 1455 1884 1521 λόγων,

290 1535 402 1584 ἀλλ’
433 1535 515 1585 οὐκ
552 1534 609 1585 ἂν
645 1535 1012 1601 διεκαρτέρησαν
1044 1536 1169 1590 ὅλως
1205 1537 1400 1601 ἑτοίμως
1435 1538 1503 1587 ἀεὶ
1537 1537 1787 1590 πίπτοντες
1822 1540 1885 1590 εἰς

250 1614 451 1681 θόργὴν,
482 1619 543 1670 ὡς
581 1617 883 1683 ὑβριζομένου
922 1617 969 1668 δὲ
1007 1617 1083 1668 διὰ
1118 1617 1297 1668 τούτων
1324 1624 1406 1669 τοῦ
1441 1618 1699 1686 πανσόφου
1728 1622 1879 1669 Μωυ-

290 1698 426 1759 σέως,
447 1700 523 1748 καὶ
549 1698 851 1762 πεμπομένου
877 1700 996 1766 πρὸς
1022 1699 1076 1750 τὸ
1103 1699 1247 1763 μηδὲν
1269 1699 1343 1750 διὰ
1369 1706 1452 1751 τοῦ
1481 1704 1884 1769 καταφρονεῖσθαι

290 1780 345 1829 δι’
374 1780 518 1830 αὐτοῦ
554 1779 612 1830 τὰ
647 1785 743 1833 τοῖς
777 1781 1096 1847 ἀρχαιοτέροις
1129 1782 1428 1847 διωρισμένα,
1455 1781 1574 1848 πρὸς
1601 1780 1687 1845 τὴν
1714 1783 1884 1832 οἰκείαν
1906 1806 1954 1830 20

290 1861 496 1914 εὐκόλως
547 1861 808 1926 ἐτράποντο
859 1862 1059 1926 τόλμαν,
1110 1865 1185 1914 καὶ
1237 1863 1291 1914 τὸ
1343 1864 1677 1930 συναγορεύειν
1728 1864 1884 1932 ἐκείνῳ

288 1947 578 2005 μελετῶντες
612 1945 695 2005 ἀεὶ,
729 1946 838 2010 παρ’
868 1945 1002 1995 οὐδὲν
1037 1945 1093 1995 ἂν
1128 1943 1415 2010 ἐποιήσαντο
1454 1945 1508 1997 τὸ
1548 1946 1785 1997 πιστεύειν
1816 1945 1884 1996 ε”τι

288 2024 554 2084 βούλεσθαι
582 2027 647 2094 τῷ
674 2029 891 2094 Χριστῷ.
949 2031 1250 2090 οἰκονομικῶς
1277 2033 1529 2093 τοιγαροῦν
1555 2029 1630 2078 καὶ
1656 2029 1879 2078 ἐπεσκια-

289 2106 475 2167 σμένως
501 2105 566 2156 ε”τι
592 2112 689 2160 τοῖς
717 2109 883 2158 ἑαυτοῦ
911 2107 1075 2173 λόγοις
1100 2108 1509 2160 ἀντιδιαστέλλων
1536 2108 1595 2159 τὰ
1621 2109 1883 2171 Μωυσέως,

289 2187 551 2249 τουτέστιν,
578 2189 968 2256 ἀντιπαρεξάγων
994 2195 1060 2258 τῷ
1087 2189 1215 2258 νόμῳ
1246 2189 1299 2240 τὸ
1337 2190 1555 2255 κήρυγμα
1592 2189 1647 2241 τὸ
1680 2191 1876 2255 εὐαγγε-
1905 2210 1953 2249 25
1989 2194 1997 2195 ’

67 2282 151 2316 535
166 2280 218 2317 A.
252 2269 441 2331 αλικὸν,
469 2271 544 2319 καὶ
582 2268 710 2319 πολὺ
750 2270 858 2320 λίαν
890 2273 937 2321 ἐν
973 2272 1188 2334 ἀμείνοσι
1227 2277 1321 2322 τῶν
1355 2272 1671 2338 ἀρχαιοτέρων
1706 2270 1765 2322 τὰ
1803 2271 1883 2322 νέα

290 2352 431 2404 τιθεὶς
456 2350 873 2415 παιδεύματαἘέιν
896 2356 1019 2418 ὑμεῖς
1047 2359 1170 2419 φησι
1196 2356 1363 2420 μείνητε
1388 2354 1425 2404 ἐν
1452 2359 1511 2422 τῷ
1537 2355 1664 2421 λόγῳ
1690 2359 1749 2423 τῷ
1776 2351 1881 2422 ἑμῷ,

289 2431 436 2485 ὅντως
476 2430 681 2500 μαθηταί
717 2457 802 2500 μου
845 2433 954 2484 ἐστέ·
1015 2437 1055 2484 οἱ
1102 2433 1195 2500 γὰρ
1241 2434 1493 2503 ὁλοκλήρῳ
1537 2434 1882 2497 διαλάμποντες

289 2514 462 2576 πίστει,
491 2516 566 2564 καὶ
593 2513 937 2568 ἀνενδοιάστως
964 2519 1026 2568 εὶς
1055 2521 1165 2566 νοῦν
1190 2515 1244 2566 τὸ
1271 2515 1579 2582 εὐαγγελικὸν
1604 2517 1879 2586 παραδεξά-

340 2646 369 2669 1.
396 2636 566 2680 πατράσιν
585 2641 618 2670 et
634 2636 829 2681 προφίταις
846 2637 938 2671 inter
955 2649 991 2671 se
1009 2643 1247 2682 transponunt
1267 2637 1385 2673 Holst.
1406 2638 1473 2672 Ed.
1710 2638 1743 2673 6.
1769 2639 1881 2683 ἀπημ-

289 2682 484 2726 φιεσμένως
504 2682 545 2716 B.
563 2682 856 2728 ἀπημφιιισμενως
877 2683 940 2718 Ht.
962 2683 1028 2718 Ed.
1126 2695 1160 2728 9.
1177 2685 1428 2730 προσπεπηχθε
1447 2684 1607 2719 emendat
1628 2684 1707 2731 Hey
1710 2697 1757 2719 Se.
1770 2700 1882 2730 προσ-

290 2729 403 2772 πεπῆχ
408 2729 461 2762 θαι
482 2729 524 2762 B.
546 2729 611 2763 Ed.
724 2741 777 2763 ΙΙ.
803 2730 933 2773 μαθὴσι
953 2730 994 2764 Β.
1011 2730 1208 2774 μαθήμασιν
1225 2731 1424 2765 emendavit
1445 2732 1508 2766 Ht.
1613 2732 1666 2765 16.
1691 2732 1881 2776 ἀνέσχοντο

292 2773 335 2806 Β.
353 2774 527 2818 (ινέχοιντο
550 2775 611 2809 IIt.
632 2776 699 2809 Ed.
844 2788 899 2819 24.
926 2778 1046 2811 ἑαυτοῦ
1067 2777 1108 2811 Β.
1112 2790 1141 2811 a.
1161 2778 1264 2811 αὐτοῦ
1286 2778 1349 2812 Ht.
1369 2778 1435 2811 E.(l
1589 2788 1645 2820 25.
1669 2780 1716 2824 τῷ
1735 2779 1824 2821 νόμω
1841 2780 1880 2812 τὸ

292 2819 443 2862 κήρυγμα
461 2836 499 2853 τ)
517 2822 737 2866 εἰιιγγελικὸν
754 2823 917 2857 emendat
938 2824 1016 2868 ΗΕ)
1020 2836 1066 2857 se.
1086 2825 1124 2857 τὸ
1143 2825 1474 2869 νομῶτοκὴρυγματι·
1505 2839 1542 2857 το
1560 2813 1780 2869 εὐαγγελικὸν
1798 2813 1879 2867 (Sic)

294 2865 335 2898 B.
355 2880 382 2898 τι
376 2881 413 2899 ον
428 2881 529 2909 νυμον
546 2870 591 2900 τῶ
613 2868 799 2912 κηρύγματι
817 2872 863 2903 τῶ
881 2871 1089 2916 εἰαγγελικῴ
1110 2871 1138 2904 F
1143 2870 1176 2904 d.
1345 2880 1400 2915 27.
1428 2871 1463 2905 ἐν
1480 2873 1525 2915 τῷ
1544 2871 1638 2917 λόγῳ
1656 2870 1759 2905 edldi.
1780 2871 1815 2905 ἐν
1831 2873 1878 2917 τῷ

291 2912 426 2955 ὀνόματι
445 2927 510 2956 μοι
528 2914 581 2947 καὶ
599 2915 632 2948 ἐν
650 2917 695 2960 τῴ
714 2917 756 2948 λό
739 2931 808 2961 υγῳ
826 2928 890 2960 pro
909 2929 1004 2951 more
1023 2917 1200 2962 0011·igens
1219 2929 1280 2962 per
1297 2905 1514 2952 additionem
1530 2916 1571 2950 B.
