2022 3272
102 104 257 143 xv.18.
356 105 423 146 IN
466 106 508 146 S.
542 105 880 147 JOANNEM.
945 106 1068 146 12113.
1104 106 1154 145 X.
1218 106 1349 146 (fAP.
1385 106 1441 146 II.
1606 106 1688 145 587

103 211 282 273 σμένον
325 219 422 268 τοῖς
466 219 561 266 τῶν
601 215 868 283 αἰσχίστων
909 216 1143 281 ἐρασταῖς,
1183 217 1259 265 καὶ
1304 219 1400 268 τοῖς
1443 218 1505 268 εἰς
1545 215 1690 280 ἄκρον

103 292 273 356 ἥκουσι
303 298 556 363 βδελυρίας
581 299 828 360 κοσμικῆς,
854 296 1237 363 παρακρούεσθαι
1269 295 1353 359 μὲν
1381 299 1442 349 ὡς
1468 299 1685 363 δυσαχθῆ

103 381 180 426 καὶ
207 376 475 428 ἀλλόκοτον
501 379 584 430 τὸν
609 379 969 448 σωφρονίζοντα
1004 376 1167 443 λόγον,
1195 376 1481 445 ε’πιφύεσθαι
1516 379 1563 428 δὲ
1591 384 1687 432 τοῖς

103 461 401 523 εἰσηγεῖσθαι
446 460 773 526 σπουδάζουσι
818 459 877 511 τὰ
928 465 1022 510 τῶν
1063 458 1355 523 μαθημάτων
1392 459 1567 525 ἄριστα
1611 463 1687 511 καὶ

62 538 163 590 5τά
202 541 257 590 δι’
298 538 363 592 ὧν
401 543 616 606 ἀμείνους
647 543 837 594 ε”σονται
876 542 904 606 ὴ
937 540 1168 608 πρότερον
1203 539 1344 604 ἦσαν,
1383 542 1548 604 μόναις
1587 547 1726 595 ταῖςο

105 622 239 675 ἰδίαις
278 623 463 686 ἡδοναῖς
503 624 557 675 τὸ
597 629 782 692 κρατεῖν
808 623 1161 691 ἐπιτρέψαντες.
1217 621 1349 672 ἀλλὰ
1388 622 1481 689 γὰρ
1519 629 1688 689 μικροῦ

103 704 168 768 μέ
199 727 243 755 τι
282 710 376 756 τῶν
415 707 684 772 ἀναγκαίων
723 705 1007 772 παρελάσαν
1053 704 1219 774 ᾤχετο,
1265 705 1413 755 καίτοι
1454 710 1554 759 ταῖς
1594 711 1689 756 τῶν

103 788 419 852 προκειμένων
446 789 656 856 θεωρίαις
684 789 754 839 ὅτι
780 788 996 851 μάλιστα
1022 787 1203 853 πρέπον
1227 809 1277 837 τε
1305 790 1378 837 καὶ
1412 788 1686 854 χρεωστού-

105 890 264 930 μενον.

38 975 87 1001 10
177 949 392 1002 Ἰουδαῖοι
430 951 516 1016 μὲν
553 952 645 1018 γὰρ
692 952 820 1022 μόνῳ
865 955 932 1021 τῷ
972 953 1251 1019 Μωυσαικῴ
1294 950 1690 1017 προσεδρεύοντες

1752 1028 1909 1061 Ηυ]).ἱ)ί.

105 1031 361 1097 γράμματι,
401 1037 474 1085 καὶ
513 1040 609 1089 τοῖς
648 1037 696 1085 ἐν
733 1034 866 1103 τύπῳ
911 1033 1263 1096 τετελεσμένοις
1302 1040 1329 1062 “
1349 1033 1486 1100 μέχρι
1529 1038 1690 1100 καιροῦ
1756 1081 1804 1103 10·

106 1120 133 1142 “
159 1115 482 1181 διορθώσεως”
519 1116 602 1168 τὸν
641 1121 806 1168 οἰκεῖον
844 1116 1168 1182 ἐνιδρύσαντες
1213 1120 1335 1178 νοῦν,
1373 1118 1457 1179 τῆς
1498 1116 1691 1181 εὐαγγε-

105 1199 240 1260 λικῆς
273 1199 560 1253 παιδεύσεως
595 1200 759 1251 οὐδένα
793 1198 878 1263 μὲν
910 1198 963 1249 τὸ
997 1197 1224 1264 παράπαν
1249 1199 1489 1248 ἐποιοῦντο
1523 1198 1687 1264 λόγον,

105 1276 213 1332 τοὺς
257 1280 313 1330 δέ
352 1303 406 1347 γε
454 1281 766 1346 πρεσβευτὰς,
810 1278 1060 1349 φορτικοὺς
1103 1279 1319 1345 ἡγεῖσθαι
1363 1284 1553 1342 μᾶλλον
1597 1284 1737 1334 τῶνᾶ

40 1375 87 1414 15
107 1360 300 1428 σφόδρα
338 1363 707 1426 πολεμιωτάτων
742 1362 890 1433 ᾤοντο
929 1364 1036 1412 δεῖν·
1086 1365 1128 1412 οἱ
1167 1360 1213 1412 δὲ
1252 1360 1338 1425 τὴν
1372 1361 1532 1426 ἑτέραν
1566 1383 1693 1425 μετι-

106 1441 234 1496 όντες
271 1443 528 1508 πλάνησιν,
569 1447 645 1496 καὶ
683 1445 769 1509 τὴν
807 1445 1009 1511 ἄῤῥητον
1047 1449 1130 1494 τοῦ
1170 1447 1294 1494 Θεοῦ
1336 1442 1483 1512 δόξαν
1519 1465 1693 1510 περιτι-

106 1522 261 1579 θέντες
296 1529 354 1594 τῇ
393 1528 556 1590 κτίσει,
584 1529 706 1597 φημὶ
745 1526 793 1578 δὲ
831 1525 938 1580 τοὺς
973 1526 1028 1594 ἐξ
1060 1527 1221 1588 ἐθνῶν,
1252 1526 1305 1576 οὐ
1339 1526 1449 1576 λίαν
1478 1525 1694 1589 ἀσμένως

106 1606 190 1658 τὸν
247 1608 661 1675 καταλαμπρύνειν
711 1608 877 1662 αὐτοὺς
935 1607 1087 1659 εἰδότα
1147 1606 1461 1675 παρεδέχοντο
1524 1605 1690 1673 λόγον,

107 1689 400 1754 ἐντετηκότες
448 1691 542 1757 γὰρ
592 1692 755 1758 ὥσπερ
798 1695 895 1744 τοῖς
938 1691 1147 1757 ἀρχαίοις
1192 1694 1362 1752 κακοῖς,
1410 1688 1697 1757 φιλαιτάτην

39 1792 90 1818 20
107 1772 349 1822 ἐποιοῦντο
375 1771 460 1837 τὴν
486 1773 705 1837 ἀμαθίαν,
733 1775 808 1823 καὶ
834 1773 1109 1839 συντρόφου
1134 1770 1404 1834 νοσήματος
1430 1773 1697 1838 ἀποφοιτᾶν

107 1850 234 1916 ἦσαν
265 1853 336 1904 ὅτι
374 1853 590 1918 μάλιστα
628 1854 979 1905 δυσοκνότατοι.
1040 1855 1160 1904 οὕτω
1199 1859 1449 1919 τοιγαροῦν
1481 1855 1563 1916 τῆς
1600 1857 1697 1903 τῶν

107 1934 402 2000 πραγμάτων
440 1936 641 2004 ἐχούσης
686 1936 891 2004 φύσεως,
930 1936 1000 1988 τίς
1046 1933 1104 1985 ἂν
1144 1933 1382 1985 ἐνδοιάσαι
1425 1933 1595 1985 λοιπὸν
1634 1936 1696 1987 ὡς

109 2015 312 2078 ἔμελλον
338 2017 535 2068 ἔσεσθαι
560 2023 642 2068 τοῦ
669 2019 890 2082 Σωτῆρος
916 2019 959 2067 οὶ
983 2017 1201 2080 μαθηταὶ,
1228 2018 1457 2081 στυγητοὶ
1491 2014 1575 2078 μὲν
1599 2020 1695 2069 τοῖς
1713 2039 1734 2066 e

108 2098 362 2162 Ἰουδαίοις,
390 2099 718 2162 διεπτυσμένοι
753 2097 801 2148 δὲ
832 2097 963 2164 παρὰ
988 2102 1084 2151 τοῖς
1108 2095 1193 2161 τὴν
1216 2097 1470 2161 εΕλλήνων
1496 2103 1696 2148 νοσοῦσι

42 2202 90 2242 25
109 2179 368 2245 πλάνησιν·
410 2181 583 2245 ἥκιστα
623 2179 670 2232 δὲ
708 2181 843 2245 ἡδεῖς,
870 2184 1062 2244 μᾶλλον
1096 2178 1143 2230 δὲ
1183 2179 1563 2246 δυσαχθέστατοι
1601 2184 1697 2233 τοῖς

111 2264 385 2330 φιληδονεῖν
419 2263 671 2327 ἑλομένοις,
705 2264 781 2313 καὶ
818 2261 901 2313 τὸν
938 2261 1160 2331 ἐξίτηλον
1195 2263 1242 2312 ἐν
1276 2265 1476 2331 τρυφαῖς
1513 2283 1698 2325 τετιμη-

111 2338 220 2394 κόσι
244 2344 352 2405 βίον
374 2366 386 2407 ;
431 2343 542 2396 ἀλλ’
571 2345 697 2410 ε’ίπερ
729 2344 934 2408 ἔμελλον
959 2349 1041 2394 τοῦ
1069 2346 1290 2409 Σωτῆρος
1325 2347 1366 2394 οἱ
1400 2345 1618 2407 μαθηταὶ,
1643 2342 1697 2394 τὸ

110 2425 196 2490 μὲν
222 2425 312 2476 ὑπό
347 2449 430 2477 του
465 2430 713 2490 μισεῖσθαι
747 2424 892 2493 τυχὸν
917 2429 1011 2476 τῶν
1037 2425 1126 2490 ἤδη
1161 2426 1530 2490 κατειλεγμένων
1555 2430 1698 2476 ποιεῖ-

112 2512 229 2559 σθαι
255 2507 493 2574 φορτικὸν,
521 2507 693 2574 ζηλοῦν
720 2507 767 2557 δὲ
793 2511 985 2570 μᾶλλον
1013 2507 1284 2573 ἐπείγεσθαι
1315 2508 1391 2556 καὶ
1422 2510 1698 2574 φιλοθηρεῖν

44 2612 97 2648 30
113 2587 319 2642 ἐκτόπως
346 2591 421 2640 καὶ
446 2587 531 2653 τὴν
556 2587 688 2654 παρὰ
712 2593 807 2639 τῶν
833 2587 890 2639 τὰ
916 2593 1110 2639 τοιαῦτα
1136 2587 1404 2638 νοσούντων
1431 2585 1694 2651 ἀγάπησιν,

113 2675 215 2725 πῶς
243 2671 296 2721 οὐ
319 2674 442 2721 πᾶσι
466 2668 840 2737 προδηλότατον,
869 2672 931 2723 ὡς
966 2670 1049 2720 οὐκ
1083 2668 1140 2720 ἂν
1167 2668 1380 2734 ἐγένοντο
1404 2671 1693 2736 περιφανεῖς,

163 2822 195 2845 2.
220 2809 498 2855 παρακρούεσθαι
517 2809 558 2844 Ε.
576 2808 832 2854 παρακούεσθαι
850 2807 918 2843 Ed.
1167 2818 1220 2842 11.
1246 2808 1418 2853 γράμματι
1435 2807 1520 2842 E.F.
1540 2807 1606 2842 Ed.
1625 2819 1699 2852 mg.

114 2857 401 2950 τῐὲρὲάγᾷἑιέιῈΕιέᾶ
531 2857 583 2891 18.
609 2855 839 2901 παρεδέχοντο
857 2855 900 2889 Ε.
918 2854 1167 2900 παραδέχονται
1186 2854 1253 2890 Ed.
1412 2855 1467 2889 28.
1493 2869 1552 2889 του
1571 2854 1612 2889 Ε.
1633 2854 1699 2888 Ed.

852 2969 968 3007 4F2
