1971 3272
78 141 162 183 viii.
183 156 249 198 23.
316 142 390 183 IN
432 143 475 183 S.
509 141 845 183 JOANNEM.
908 142 1034 183 LIB.
1058 143 1110 183 V.
1172 144 1305 183 CAP.
1342 144 1418 184 lv,
1614 145 1664 185 17

77 251 301 316 λέγοντος
329 259 355 281 “
375 251 477 316 Τὴν
505 251 651 320 δόξαν
673 274 764 315 μου
794 252 934 320 ἑτέρῳ
970 252 1023 302 οὐ
1055 251 1236 302 δώσω.”
1295 253 1343 302 τί
1374 251 1421 302 δὲ
1456 251 1561 302 εἰπέ
1586 274 1664 314 μοι
1685 277 1706 299 ιι
1737 268 1823 323 ᾷο7
1842 266 1887 300 A.

76 331 160 383 τὸν
194 333 422 394 διάβολον
457 338 551 384 τῶν
589 334 815 398 οὐρανίων
854 333 1077 401 ἐξέπεσεν
1116 334 1309 394 αὐλῶν;
1367 331 1459 398 ἆρα
1497 332 1550 382 τὸ
1591 335 1662 382 δι·
1730 317 1783 389 Ξ,
1805 317 1872 347 ’ὼ

76 416 237 481 ψῆσαι
274 412 412 478 τιμὴν
450 415 728 480 πρέπουσαν
762 413 846 477 μὲν
884 415 1027 482 φύσει
1066 417 1124 480 τῇ
1163 418 1350 481 γενητῇ,
1385 418 1480 464 τῶν
1517 413 1667 479 γεμὴν

75 494 357 560 προσόντων
399 497 525 564 αὐτῷ
569 495 750 562 μέτρων
793 495 879 560 τὴν
921 497 1092 558 ἀμείνω
1138 497 1213 545 καὶ
1259 496 1459 561 μείζονα,
1501 498 1574 545 καὶ
1619 497 1666 545 ἐν

35 576 256 630 5τούτοις
294 576 352 641 ἦν
391 579 516 646 αὐτῷ
555 582 650 628 τῶν
688 577 1001 642 ἐγκλημάτων
1040 579 1064 627 ὁ
1105 577 1282 641 λόγος;
1325 576 1353 642 ἢ
1394 577 1464 627 ὅτι
1503 576 1666 627 τετόλ-

370 663 388 672 Α

76 680 222 722 μηκεν
267 662 410 710 εἷπειν
449 657 711 722 “’Έσομαι
756 659 914 722 ὅμοιος
959 663 1025 727 τῷ
1072 659 1265 727 ὑψίστῳ
1290 660 1332 720 ;’'
1385 658 1666 726 ἐφαντάσθη
1731 662 1863 745 Ἀχίν-

77 738 172 806 γάρ
207 739 439 790 δύνασθαι
474 739 528 791 τὸ
562 738 757 804 ποιηθὲν
783 744 845 793 εἷς
881 737 966 802 τὴν
993 745 1076 790 τοῦ
1111 739 1401 803 ποιήσαντος
1435 741 1668 802 ἀναβῆναι

78 821 240 886 φύσιν,
268 823 343 871 καὶ
375 821 638 887 σύνθρονον
665 821 862 871 ἔσεσθαι
898 825 964 889 τῷ
997 819 1191 871 πάντων
1216 820 1369 888 ε”χοντι
1407 819 1461 871 τὸ
1500 819 1669 887 κράτος

1733 900 1764 929 S.
1777 899 1856 930 Luc.

78 906 200 971 Θεῷ.
242 901 317 952 διὰ
342 909 481 954 τοῦτο
506 905 582 953 καὶ
608 902 852 954 πέπτωκεν
879 905 940 955 ὡς
967 901 1206 968 ἀστραπὴ,
1231 902 1350 953 κατὰ
1377 901 1430 952 τὸ
1457 925 1669 968 γεγραμ-
1732 954 1762 973 x·
1779 943 1827 973 13·

11 1000 59 1026 10
77 983 229 1046 με’νον,
256 985 312 1052 ἐξ
343 985 555 1049 οὐρανοῦ.
612 983 677 1034 σὺ
716 983 764 1034 δὲ
803 984 912 1047 ἡμῖν
944 988 1041 1037 τοῖς
1076 985 1197 1034 οὕτω
1233 988 1500 1052 σφαλεροῖς
1538 986 1665 1052 ἀφυ-
1688 990 1715 1030 b

77 1065 264 1120 λάκτως
300 1068 552 1129 ἐπιπηδῶν,
589 1067 637 1116 ἐν
675 1070 742 1135 τῷ
776 1067 935 1129 μηδενὶ
974 1065 1105 1130 τίθης
1143 1065 1197 1115 τὸ
1237 1066 1286 1115 ε”κ
1325 1088 1449 1118 τινος
1487 1064 1670 1129 κόσμου

78 1147 185 1197 καθ’
217 1149 334 1210 ὑμᾶς
368 1147 481 1197 ὄντα
515 1146 597 1197 τὸν
623 1147 754 1208 Υὶὸν,
782 1150 857 1196 καὶ
889 1146 1028 1212 μέρος
1062 1145 1136 1196 διὰ
1176 1152 1314 1197 τοῦτο
1341 1150 1422 1210 τῆς
1449 1147 1666 1209 κτίσεως,

77 1230 126 1279 ἐν
151 1228 281 1297 τάξει
315 1232 450 1293 τιμῆς
487 1232 736 1279 καλεῖσθαι
772 1227 903 1294 παρὰ
938 1234 1021 1278 τοῦ
1049 1232 1172 1278 Θεοῦ
1198 1230 1274 1278 καὶ
1303 1228 1494 1295 Πατρὸς
1527 1233 1589 1282 εἷς
1615 1228 1669 1278 τὸ

79 1310 370 1376 συνεδρεύειν
423 1311 561 1379 αὐτῷ,
611 1316 750 1360 τοῦτο
800 1309 1127 1377 προξενούσης
1179 1311 1304 1378 αὐτῷ
1363 1313 1445 1372 τῆς
1506 1311 1669 1363 οὐσίας

13 1407 59 1446 15
80 1392 307 1454 οὐδαμῶς,
335 1393 444 1442 ἀλλ’
475 1390 579 1442 οὐδὲ
606 1393 680 1442 ἐπὶ
713 1390 767 1442 τὸ
804 1391 986 1457 πρέπον
1013 1392 1131 1458 αὐτῇ
1167 1394 1244 1441 καὶ
1281 1391 1670 1458 χρεωστούμενον

80 1473 324 1537 καλούσης
350 1473 551 1542 ἀξίωμα.
597 1473 777 1540 δέχεται
804 1472 911 1539 γὰρ,
938 1471 996 1523 ἂν
1017 1474 1164 1526 οὕτως
1191 1472 1276 1541 ἔχῃ
1305 1472 1517 1539 καθάπερ
1546 1475 1671 1535 ὑμεῖς

80 1554 333 1620 ληροῦντές
372 1559 508 1624 φατε,
539 1557 601 1608 ὡς
639 1557 687 1605 ἐν
724 1555 916 1622 χάριτος
953 1554 1079 1621 με’ρει
1118 1553 1177 1605 τὰ
1216 1554 1331 1621 ὑπὲρ
1370 1554 1456 1618 τὴν
1493 1557 1663 1605 κτίσιν.

81 1637 236 1700 ἄπαγε
261 1640 344 1700 τῆς
371 1637 643 1705 δυσφημίας
670 1636 900 1702 ἄνθρωπε·
936 1636 1267 1699 διακεισόμεθα
1295 1635 1387 1703 γὰρ
1413 1638 1499 1703 οὐχ
1523 1638 1669 1690 οὕτως
1687 1656 1708 1683 c

81 1719 223 1782 ἡμεῖς,
250 1718 314 1782 μὴ
349 1719 449 1782 δοίη
477 1717 615 1772 Θεός.
671 1718 905 1784 ἀγγέλους
945 1717 1031 1781 μὲν
1064 1718 1158 1785 γὰρ
1198 1720 1272 1769 καὶ
1312 1717 1666 1786 ἀρχαγγέλους,

13 1821 63 1847 20
83 1802 158 1851 καὶ
213 1798 320 1853 τοὺς
380 1800 446 1851 ἔτι
507 1799 686 1851 τούτων
735 1802 784 1851 ἐν
834 1801 1050 1864 ἀμείνοσι
1101 1803 1381 1863 τετιμῆσθαι
1434 1798 1671 1867 διαφόρως

81 1881 362 1945 πιστεύομεν
389 1883 486 1932 κατ’
516 1881 738 1950 ἐξουσίαν
764 1884 840 1932 καὶ
871 1881 1109 1946 βούλησιν
1136 1888 1218 1932 τοῦ
1245 1881 1502 1949 πανσόφου
1531 1885 1669 1943 Θεοῦ,

83 1963 263 2014 δικαίαν
297 1962 515 2027 δηλονότι
553 1962 639 2026 τὴν
670 1962 743 2031 ἐφ’
778 1963 964 2032 ἑκάστῳ
1002 1967 1096 2013 τῶν
1135 1961 1402 2028 γεγονότων
1439 1962 1670 2028 ὁρίζοντος

82 2047 271 2114 ψῆφον·
328 2043 410 2095 τὸν
455 2043 502 2096 δὲ
554 2044 673 2095 κατὰ
724 2044 875 2113 φύσιν
916 2043 1047 2106 Why,
1092 2045 1175 2095 οὐκ
1228 2046 1276 2094 ἐν
1322 2044 1503 2098 τούτοις
1554 2042 1669 2094 εἶναι

84 2132 349 2190 νομιοῦμεν·
407 2127 460 2176 οὐ
497 2125 591 2192 γὰρ
631 2128 679 2177 ἐν
712 2126 902 2193 χάριτος
940 2125 1065 2192 με’ρει
1105 2130 1180 2176 καὶ
1218 2124 1423 2188 ἐπακτὴν
1454 2125 1546 2192 ἔχει
1584 2125 1670 2188 τὴν

15 2218 64 2257 25
85 2206 244 2276 δόξαν,
290 2207 400 2258 ἀλλ’
448 2209 636 2274 ἐπείπερ
686 2210 736 2259 ἐκ
786 2211 869 2272 τῆς
920 2209 1085 2262 οὐσίας
1136 2209 1238 2258 ἐστὶ
1287 2213 1371 2258 τοῦ
1417 2210 1542 2257 Θεοῦ
1594 2209 1669 2257 καὶ

87 2289 293 2356 Πατρὸς,
321 2289 442 2343 Θεὸς
481 2287 704 2354 ἀληθινὸς
743 2291 792 2340 ἐκ
819 2293 945 2340 Θεοῦ
983 2295 1066 2340 τοῦ
1105 2288 1225 2340 κατὰ
1259 2288 1409 2358 φύσιν
1436 2290 1511 2339 καὶ
1543 2289 1666 2352 ἀλη-

85 2374 228 2433 θινοῦ,
266 2370 527 2437 σύνθρονός
571 2393 620 2421 τε
660 2373 736 2421 καὶ
774 2370 1000 2437 σύνεδρος
1039 2373 1170 2422 ἐστὶν
1209 2371 1348 2440 αὐτῷ,
1387 2370 1542 2421 πάντα
1580 2369 1670 2421 ὑπὸ

84 2450 233 2506 πόδας
267 2452 388 2519 ἔχων
415 2454 476 2506 ὡς
503 2451 639 2515 Θεὸς,
665 2455 741 2503 καὶ
776 2454 826 2503 ἐκ
862 2458 945 2503 τοῦ
974 2452 1167 2518 Πατρὸς
1205 2452 1323 2516 μετὰ
1361 2458 1443 2502 τοῦ
1479 2452 1715 2518 Πατρὸςᾶ

85 2536 162 2585 καὶ
202 2533 293 2602 ὅλῃ
330 2538 389 2602 τῇ
429 2534 577 2585 κτίσει
617 2538 887 2600 θεοπρεπῶς
925 2535 1250 2602 ἐποχούμενος.
1305 2534 1380 2584 διὰ
1417 2539 1556 2584 τοῦτο
1595 2535 1670 2583 καὶ

135 2666 167 2689 2.
195 2653 357 2697 ἐξέπεσεν
375 2654 417 2689 Β.
436 2654 584 2698 ἐξέωσεν
601 2655 799 2690 emendavit
825 2655 941 2689 Holst.
962 2656 1162 2700 conjectura
1183 2655 1333 2688 violenta
1345 2669 1354 2694 3
1381 2666 1486 2698 quare
1509 2653 1671 2697 ἐξέπεσεν

87 2701 234 2735 restitui.
378 2712 411 2745 3.
437 2704 558 2746 γενητῇ
578 2702 723 2735 correxi.
740 2705 881 2747 γεννητῇ
901 2702 969 2736 Ed.
1112 2714 1145 2743 4.
1172 2702 1252 2734 αὐτὸ
1269 2701 1391 2744 μέτρον
1410 2701 1451 2735 Β.
1471 2700 1671 2734 emendavit

90 2747 155 2781 Ht.
223 2747 348 2781 Statim
366 2748 425 2790 τὴν
443 2753 667 2792 assumptum
684 2760 725 2781 ex
745 2748 787 2781 Β.
933 2759 986 2781 11.
1014 2747 1048 2780 ἐν
1067 2747 1108 2781 B
1128 2748 1182 2781 ἐπι
1203 2747 1264 2780 Ht.
1284 2747 1350 2780 Ed.
1507 2758 1559 2780 12.
1586 2747 1670 2790 ὑμᾶς

88 2792 313 2828 emendavi.
298 2808 384 2836 ημας
403 2793 469 2827 Ed.
610 2804 662 2835 14.
689 2793 901 2837 συνεδρεύειν
919 2793 961 2826 B.
979 2792 1221 2837 προσεδρεύειν
1241 2793 1303 2826 Ht.
1323 2792 1389 2826 Ed.
1529 2793 1582 2826 16.
1608 2795 1669 2837 ἔχῃ

88 2840 182 2874 edidi
198 2852 241 2874 ex
259 2840 302 2874 Β.
362 2839 498 2884 δεχεται
514 2840 579 2884 γὰρ
597 2839 637 2873 ἂν
655 2854 760 2875 ουτως
776 2840 847 2884 ἕχει
863 2840 928 2884 γὰρ
946 2840 1127 2883 καθάπερε
1114 2841 1205 2882 υμεῖς
1222 2841 1404 2883 ληροῦντες
1420 2839 1508 2884 φατὲ
1528 2840 1607 2883 (sle)
1629 2840 1670 2873 B.

89 2893 124 2921 et
139 2886 176 2920 in
193 2898 266 2931 mg.
285 2886 467 2930 καθάπερ“
453 2888 545 2929 υμεῖς
562 2886 651 2931 φατὲ
670 2886 712 2920 Β.
810 2896 866 2919 20.
892 2885 970 2921 τοὺς
987 2892 1208 2929 assumptum
1227 2897 1267 2918 ex
1287 2885 1328 2920 B.
1426 2896 1481 2920 22.
1505 2888 1672 2931 ὁρίζοντες

91 2932 135 2967 Β.
155 2933 220 2967 Ht.
237 2932 435 2967 emendavit
451 2932 546 2967 Aub.
691 2942 746 2977 27.
773 2931 868 2966 ἐστὶν
885 2932 974 2977 αὐτῷ
991 2932 1059 2966 hoc
1077 2931 1198 2966 ordine
1218 2931 1258 2965 B.

146 2998 239 3027 VOL.
262 2999 312 3028 ΙΙ.
884 2999 910 3025 D
