1971 3272
80 126 222 167 ix.16.
330 128 401 168 IN
446 127 488 167 S.
523 125 859 167 JOANNEM.
924 125 1047 164 12113.
1075 124 1149 163 VI.
1213 124 1346 163 CAP.
1382 123 1414 162 Ι.
1588 122 1667 162 167

83 235 328 302 ἁμαρτίαν.
410 236 526 286 ὅλον
580 234 627 286 δὲ
678 233 1047 300 παραλελύσθαι
1104 231 1186 283 τὸν
1237 232 1382 294 νόμον
1433 229 1669 282 ἀσυνέτως

83 318 364 369 πιστεύουσι
391 319 444 368 δι’
474 317 577 371 ἑνὸς
603 317 841 366 δακτύλου
878 317 1063 379 κίνησιν
1089 316 1136 365 ἐν
1161 312 1401 383 σαββάτῳ
1431 320 1665 375 τετολμη-

1733 390 1764 419 S.
1779 391 1858 419 Luc.

85 400 241 463 μένην,
273 400 420 450 καίτοι
454 402 536 463 τῆς
577 397 759 466 φάτνης
799 397 880 448 τὸν
914 402 1032 457 βοῦν
1067 396 1266 449 ἀνιέντες
1305 397 1449 456 αὐτοὶ,
1483 396 1557 444 καὶ
1596 394 1667 461 ἐφ’
1734 434 1863 463 xiii.1:.

88 483 211 547 ὕδωρ
263 481 635 547 ἀποκομίζοντες,
685 479 817 530 ἀλλὰ
869 481 943 530 καὶ
992 483 1030 529 εὶ
1082 478 1328 544 πρόβατον
1379 481 1440 530 εἷς
1493 474 1671 541 βόθρον
1690 497 1711 519 a
1737 488 1826 520 609
1844 486 1894 518 Α.

46 575 68 614 5
87 564 297 627 ἐμπέσοι,
327 563 446 614 κατὰ
480 563 534 614 τὸ
570 560 911 628 γεγραμμένον,
939 563 1013 611 καὶ
1040 567 1178 611 τοῦτο
1206 559 1297 610 σῦν
1323 563 1485 626 πολλῇ
1521 560 1666 608 διανι-
1735 536 1898 610 ἶῑῑΜιαιιιι

1742 640 1788 669 lb.
1806 639 1898 669 xxiii.

88 645 288 699 στάντες
325 647 531 711 σπουδῇ.
587 645 753 694 οὐκοῦν
785 641 1044 708 διυλίζουσι
1079 642 1161 693 τὸν
1188 641 1406 704 κώνωπα,
1433 639 1551 691 κατὰ
1590 639 1675 703 τὴν
1741 692 1779 723 24

89 734 172 779 τοῦ
200 731 420 794 Σωτῆρος
447 726 625 796 φωνήν·
670 731 809 777 τοῦτο
836 725 930 791 γὰρ
956 724 1013 789 ἦν
1040 727 1088 775 ἐν
1115 726 1271 777 αὐτοῖς
1298 726 1345 774 ἐν
1372 724 1462 774 ε”θει
1488 725 1674 791 πολλῷ·

90 809 310 879 ἀφρόνως
349 808 396 859 δὲ
435 808 630 877 σφόδρα
669 810 743 859 καὶ
789 809 900 858 λίαν
939 807 1318 873 ἀπεγνωσμένως
1356 807 1438 856 οὐκ
1478 807 1672 856 ἀποτιν-

91 892 248 947 νύντες
274 893 328 944 τὸ
355 897 512 956 θαῦμα
538 895 751 960 Χριστῷ,
779 890 884 941 οὐδὲ
919 892 968 940 ἐκ
1000 895 1083 940 τοῦ
1115 889 1495 955 κατορθώματος,
1523 888 1592 940 τίς
1620 885 1679 937 ἂν

24 995 73 1019 10
92 974 158 1039 ε’ίη
186 975 355 1026 λοιπὸν
381 974 706 1038 ἐπιγινώσκειν
732 972 874 1023 αὑτὸν
900 971 1185 1039 ἀνεχόμενοι,
1214 975 1562 1036 μικρολογοῦσι
1599 967 1678 1019 διὰ

91 1057 146 1108 τὸ
195 1057 462 1119 σάββατον,
514 1058 589 1107 καὶ
639 1054 803 1121 ὥσπερ
854 1054 1047 1118 ἀπάσης
1097 1052 1472 1120 κατορθουμένης
1524 1053 1680 1105 αὐτοῖς

92 1142 258 1206 ἀρετῆς
295 1139 371 1190 διὰ
409 1138 554 1203 μόνου
592 1144 675 1189 τοῦ
713 1139 874 1204 ἀργεῖν
908 1139 956 1187 ἐν
989 1135 1243 1205 σαββάτῳ,
1275 1139 1358 1199 τῆς
1399 1133 1518 1200 πρὸς
1555 1133 1681 1184 Θεὸν

94 1220 370 1287 οἰκειότητος
422 1219 700 1287 ὁλοκλήρως
758 1219 1096 1283 ἐκπέμπουσιν,
1152 1222 1227 1269 οὐκ
1285 1216 1399 1269 εἶναι
1460 1216 1725 1281 λέγοντεςὶ)

95 1303 237 1356 αὐτὸν
281 1303 410 1375 vap&
462 1305 586 1365 Θεοῦ,
639 1303 789 1353 καίτοι
839 1306 1034 1365 μᾶλλον
1085 1303 1227 1368 ἐχρῆν
1277 1300 1360 1351 τὸν
1411 1303 1506 1349 τῶν
1555 1299 1682 1349 ἰδίων

30 1402 76 1440 15
96 1385 518 1456 κατεξουσιάζοντα
558 1384 713 1448 νόμων
752 1384 840 1448 ἤδη
880 1381 1094 1449 παρόντα
1135 1387 1267 1444 νοεῖν,
1308 1384 1383 1432 καὶ
1425 1380 1495 1432 ὅτι
1537 1380 1683 1448 φίλον

96 1469 183 1533 μὲν
214 1472 289 1520 καὶ
325 1467 507 1535 αἱρετὸν
533 1471 600 1536 τῷ
634 1470 742 1535 Θεῷ
780 1465 834 1516 τὸ
874 1467 950 1516 καὶ
988 1466 1036 1515 ἐν
1067 1464 1307 1534 σαββάτῳ
1347 1465 1679 1529 ἀγαθουργεῖν,

99 1554 174 1603 καὶ
224 1550 307 1602 τὸν
351 1551 482 1602 ἐλεόυ
527 1550 759 1610 δεόμενον,
803 1551 883 1612 τῆς
929 1548 1119 1601 ἐλπίδος
1170 1548 1253 1598 οὐκ
1298 1548 1485 1614 ἀφεῖναι
1530 1543 1679 1596 κενόν.

98 1633 211 1686 πότε
250 1633 340 1700 γάρ
375 1656 445 1686 τις
480 1634 563 1682 οῦκ
597 1629 653 1682 ἂν
683 1630 925 1682 ἐπαινέσαι
959 1629 1042 1681 τὸν
1072 1634 1168 1680 τῶν
1194 1632 1387 1695 ἀγαθῶν
1413 1627 1629 1694 ἐργάτην,
1656 1625 1684 1691 ἢ

99 1720 231 1770 ποῖος
265 1719 348 1780 τῆς
383 1716 549 1781 ἀρετῆς
584 1712 989 1779 κατατυραννήσει
1024 1711 1215 1778 καιρός,
1262 1715 1303 1762 οἱ
1339 1711 1387 1762 δὲ
1422 1711 1569 1761 καίτοι
1603 1708 1686 1760 τὸν

34 1821 82 1845 20
101 1801 297 1866 ἀρχαῖον
323 1799 494 1848 ἐκεῖνον
521 1794 831 1861 θαυμάζοντες
849 1795 1041 1858 Ἰησοῦν
1068 1793 1239 1845 ἑλόντα
1265 1793 1349 1857 μὲν
1375 1795 1423 1844 ἐν
1448 1791 1685 1861 σαββάτῳ
1747 1792 1875 1876 ’1ῙὲΞῆ-

100 1880 186 1945 τὴν
211 1879 405 1947 Ἱεριχὼ,
438 1882 552 1945 δρᾶν
587 1877 635 1929 δὲ
670 1877 729 1928 τὰ
765 1882 861 1930 τοῖς
897 1881 1063 1927 νικῶσι
1096 1875 1281 1940 συνήθη
1315 1881 1412 1929 τοῖς
1446 1872 1726 1940 πατράσινο

101 1964 255 2013 αὐτῶν
306 1959 628 2027 διατεταχότα,
680 1963 755 2009 καὶ
803 1959 913 2024 παρ’
968 1956 1100 2009 οὐδὲν
1151 1957 1274 2011 ὅλως
1325 1956 1379 2007 τὸ
1431 1959 1590 2022 ἀργεῖν
1639 1958 1688 2006 ἐν

102 2042 340 2113 σαββάτῳ
376 2046 544 2109 χρῆναι
578 2039 915 2104 ποιησάμενον,
951 2038 1228 2106 ἐπιφύονται
1267 2043 1333 2108 τῷ
1366 2042 1581 2107 Χριστῷ,
1613 2040 1689 2089 καὶ

103 2127 220 2178 ὅσον
248 2131 310 2179 εἷς
346 2126 467 2175 ἰδίαν
497 2123 758 2185 κακόνοιαν,
785 2124 868 2172 οὐκ
906 2122 1097 2190 ἐξωθεῖν
1129 2122 1393 2186 ἐπείγονται
1429 2120 1575 2185 μόνον
1607 2123 1689 2183 τῆς

36 2224 83 2262 25
103 2213 388 2275 θεοπρεποῦς
428 2205 570 2275 δόξης
609 2204 764 2266 αὑτὸν,
805 2204 936 2255 ἀλλὰ
976 2206 1050 2254 καὶ
1089 2208 1184 2257 τοῖς
1225 2204 1375 2269 ἁγίοις
1415 2202 1689 2269 πρεπούσης

103 2293 425 2356 ἀποστεροῦσι
459 2291 608 2352 τιμῆς.
660 2291 968 2350 εἷκαιομυθεῖν
1004 2285 1051 2337 δὲ
1088 2286 1283 2352 σφόδρα
1318 2285 1393 2336 διὰ
1427 2284 1571 2349 μόνης
1607 2287 1689 2347 τῆς

104 2375 247 2440 σφῶν
273 2369 539 2432 βασκανίας
565 2368 935 2432 ἀναπειθόμενοι,
962 2367 1047 2432 τὴν
1073 2368 1142 2417 ἐπ’
1172 2367 1370 2435 ἀσεβείᾳ
1405 2365 1689 2433 καταχέουσι

105 2458 276 2522 ψῆφον
315 2458 398 2503 τοῦ
438 2455 725 2504 δικαιοῦντος
771 2448 856 2500 τὸν
895 2449 1092 2515 κόσμον,
1133 2450 1209 2499 καὶ
1256 2448 1332 2499 διὰ
1376 2454 1516 2499 τοῦτο
1559 2445 1689 2513 παρὰ

107 2535 298 2602 Πατρὸς
325 2537 386 2587 ὡς
412 2534 533 2598 ἡμᾶς
559 2531 835 2602 ἀφιγμένου.

1707 2618 1736 2659 d

154 2715 187 2739 2.
211 2701 459 2746 τετολμημένον
477 2712 506 2734 c.
528 2699 635 2734 Cord.
819 2708 852 2744 5.
879 2697 1023 2741 ἐμπέσοι
1042 2697 1150 2732 B.a.c.
1170 2695 1277 2730 Cord.
1297 2695 1440 2739 ἐμπεσεῖ
1458 2693 1577 2728 Holst.
1595 2692 1690 2728 unde

105 2752 238 2796 ἐμπέσῃ
257 2749 350 2783 Aub.
416 2748 647 2782 διανιστάντες
665 2757 695 2780 C.
714 2745 821 2780 Cord.
841 2745 1079 2779 διαναστάντες
1098 2743 1164 2777 Ed.
1264 2751 1294 2786 7.
1321 2742 1386 2787 ’γὰρ
1405 2753 1475 2775 om.
1494 2741 1588 2774 Aub.
1654 2741 1690 2774 ἐν

106 2798 204 2843 prius
222 2801 446 2838 assumptum
464 2805 505 2827 ex
525 2793 567 2827 B.
862 2792 895 2826 8.
921 2789 1154 2824 ἀποτιννύντες
1173 2788 1216 2823 Β.
1237 2789 1371 2833 Migne.
1389 2788 1603 2822 ἀποτινῦντες
1621 2786 1689 2822 Ed.

111 2845 164 2878 16.
190 2844 225 2877 ἐν
243 2843 434 2882 σαββάτοις
451 2852 482 2874 a.
592 2850 646 2884 19.
674 2837 798 2884 καίτοι]
819 2838 872 2872 καὶ
889 2839 993 2871 ταῦτα
1010 2848 1039 2871 a.
1147 2846 1202 2869 22.
1229 2836 1268 2868 τὸ
1284 2833 1417 2880 ἀργεῖν]
1437 2836 1476 2868 τὸ
1494 2834 1642 2879 ἐνεργεῖν
1658 2845 1690 2869 a.

108 2902 163 2933 24.
190 2891 292 2933 μόνον
309 2888 447 2932 ἐξωθεῖν
464 2886 655 2931 ἐπείγονται
672 2886 812 2920 inverso
830 2884 952 2918 ordine
969 2895 999 2917 a.
1144 2881 1199 2916 26.
1226 2881 1462 2925 ἀποστερῆσαι
1480 2893 1511 2915 a.
