2001 3231
310 124 367 162 44
713 127 764 169 Β.
798 128 1072 171 CYRILLI
1114 130 1491 172 ALEXANDR.
1729 130 1815 171 viii.
1836 130 1902 172 28.

310 253 404 282 τειν
430 234 455 283 ὀ
491 234 544 284 δι’
574 235 798 291 ἐναντίας.
855 238 1010 303 ἐπειδὴ
1051 237 1098 289 δὲ
1136 240 1304 294 ἁπλῶς
1341 242 1418 291 καὶ
1456 239 1707 293 ἀπολύτως
1740 240 1897 289 ἐπενε-

310 313 504 381 χθέντος
542 316 727 372 οὐδενός
759 317 897 371 Οὐδὲν
930 325 1015 371 ἀπ’
1044 322 1236 388 ἐμαυτοῦ
1274 321 1391 373 voc&
1427 327 1595 389 φησιν,
1623 321 1677 371 οὐ
1714 317 1903 372 πάντως

90 410 174 444 525
189 409 243 444 A.
273 396 504 461 ειέροῦμεν
534 398 677 450 αὐτὸν
710 403 772 455 ὡς
811 400 931 452 κατά
969 425 1012 452 τι
1050 408 1167 468 γοῦν
1193 404 1373 467 ἀσθενῆ
1409 402 1494 467 τὴν
1520 404 1640 454 ἰδίαν
1666 404 1902 452 καταιτιᾶ-

310 481 426 528 σθαι
464 479 627 547 φύσιν,
653 483 763 532 ἀλλ’
794 481 951 547 ἕτερόν
975 506 1017 534 τι
1055 485 1302 547 σημαίνειν
1334 484 1508 549 ἀληθὲς
1546 486 1621 535 καὶ
1660 480 1896 548 ἀκατηγό-

308 582 469 625 ρητον.
524 561 599 612 ἵνα
624 562 716 629 γὰρ
743 563 814 615 ἐπ’
842 564 1094 631 ἄνθρωπον
1119 566 1607 634 μετασχηματίζοντες
1635 571 1719 616 τοῦ
1753 562 1902 628 λόγου
1921 581 1943 619 5

309 639 395 703 τὴν
432 641 641 706 δύναμιν,
668 644 838 709 ’ίδωμεν
875 648 1096 712 ἀκριβῶς,
1131 647 1155 698 ὅ
1195 653 1364 716 φησιν·
1408 648 1631 699 ἔστωσαν
1664 646 1747 698 δύο
1784 642 1902 698 τινὲς

309 723 471 790 ἄνδρες
497 724 642 793 τυχὸν
667 726 753 791 τὴν
779 727 925 792 αὐτὴν
947 729 1169 793 δηλονότι
1196 728 1425 798 λαχόντες
1453 730 1617 798 φύσιν,
1638 731 1901 780 ἱσοσθενεΐς

307 827 357 856 τε
397 806 632 871 ἀλλήλοις
671 812 746 860 καὶ
785 810 1128 876 ὁμογνώμονες,
1156 809 1255 862 εἶτα
1289 812 1470 878 λεγέτω
1507 812 1531 862 ὁ
1567 811 1631 864 εἷς
1664 810 1721 879 ἐξ
1747 810 1902 860 αὐτῶν

306 886 416 938 Ἀπ’
445 889 646 951 ἐμαυτοῦ
673 891 804 942 οὐδὲν
829 898 967 943 ποιῶ·
1012 891 1103 960 ἀρα
1131 896 1192 948 ὡς
1220 894 1445 959 ἀσθενὴς,
1476 893 1505 959 ἢ
1532 895 1607 944 καὶ
1635 895 1751 958 δρᾶν
1777 892 1902 945 ὅλως

307 968 440 1020 οὐδὲν
473 972 555 1039 ἀφ’
593 972 759 1024 ἑαυτοῦ
797 974 1051 1039 δυνάμενος
1089 974 1142 1027 τὸ
1183 982 1394 1027 τοιοῦτον
1433 976 1629 1045 φήσειεν
1665 973 1737 1038 ἂν,
1768 972 1798 1038 ἢ
1840 976 1902 1028 ὡς
1923 993 1972 1020 10

308 1051 429 1118 ἔχων
468 1054 540 1121 ἐφ’
579 1053 731 1105 ἅπασι
771 1056 1119 1122 συνευδοκητὴν
1157 1060 1232 1108 καὶ
1273 1058 1587 1124 ὁμογνώμονα
1625 1056 1708 1108 τὸν
1745 1056 1902 1122 ἕτερον

263 1140 290 1181 b
309 1135 384 1184 καὶ
435 1135 802 1202 συνεζευγμένον
853 1140 1014 1208 αὐτῷς
1078 1141 1200 1190 οὕτω
1247 1163 1328 1204 μοι
1379 1139 1471 1191 νόει
1523 1141 1599 1190 καὶ
1649 1139 1722 1207 ἐφ’
1768 1141 1901 1200 Υὶοῦ,

306 1221 499 1279 μᾶλλον
527 1215 574 1268 δὲ
600 1221 675 1269 καὶ
704 1220 818 1286 ὑπὲρ
846 1227 984 1272 τοῦτο
1009 1222 1152 1273 πολύ.
1209 1222 1364 1286 ἐπειδὴ
1401 1221 1494 1288 γὰρ
1527 1219 1817 1289 ἐργαζομένῳ
1841 1219 1902 1270 τὰ

306 1298 557 1368 παράδοξα
591 1301 881 1369 παραλόγως
917 1302 1164 1368 ἐπεπήδων
1187 1304 1419 1367 Ἰουδαῖοι,
1446 1304 1542 1355 ὀίνω
1576 1326 1625 1355 τε
1663 1304 1738 1354 καὶ
1773 1301 1900 1353 κάτω

306 1379 393 1444 τὴν
443 1388 526 1432 τοῦ
578 1383 835 1444 σαββάτου
889 1385 1034 1435 λύσιν
1084 1386 1420 1450 ἐπαιτιώμενοι,
1473 1388 1549 1436 καὶ
1604 1383 1901 1451 παρανομίαν
1922 1405 1969 1444 15

305 1465 618 1529 ἐγκαλοῦντες
656 1466 796 1534 αὐτῷ,
835 1465 1006 1517 λοιπὸν
1040 1468 1112 1535 ἐφ’
1139 1466 1322 1518 ἅπασιν
1359 1469 1785 1532 ὁμογνωμονοῦντα
1823 1467 1900 1516 καὶ

304 1545 653 1611 συνευδοκητὴν
680 1548 936 1599 ἐπεδείκνυε
963 1548 1046 1600 τὸν
1073 1549 1199 1600 Θεὸν
1226 1552 1300 1600 καὶ
1332 1549 1539 1616 Πατέρα,
1565 1549 1706 1617 τέχνῃ
1734 1551 1894 1599 δυσω-

304 1631 409 1677 πῶν
433 1627 516 1678 τὸν
543 1628 773 1696 ἀχάλινον
807 1634 903 1680 τῶν
935 1631 1253 1683 ἀπειθούντων
1288 1633 1451 1696 θυμόν.
1503 1630 1560 1696 ἧν
1594 1629 1688 1697 γὰρ
1726 1629 1784 1694 δὴ
1823 1632 1900 1681 καὶ

305 1707 426 1762 εἰκὸς
472 1711 736 1780 ἀποφρίξαι
782 1711 868 1776 μὲν
906 1713 995 1778 ἤδη
1036 1712 1164 1768 τινὰς
1204 1713 1258 1765 τὸ
1298 1715 1518 1780 ἐγκαλεῖν
1556 1713 1734 1764 ἐθέλειν
1772 1712 1899 1781 αὐτῷ

267 1790 462 1841 οπάντα
506 1795 623 1858 δρᾶν
664 1792 853 1859 λε’γοντι
899 1795 1019 1846 κατὰ
1063 1795 1304 1860 βούλησιν
1347 1802 1429 1847 τοῦ
1477 1794 1681 1861 Πατρὸς,
1724 1796 1799 1845 καὶ
1844 1793 1898 1845 τὸ
1918 1815 1968 1841 20

306 1872 422 1923 ἰ’διον
449 1875 498 1924 ἐν
524 1878 591 1943 τῷ
628 1875 800 1927 ἐκείνου
836 1877 1089 1928 δεικνύοντι
1125 1877 1370 1943 θελήματι.
1421 1876 1475 1929 τὸ
1510 1876 1559 1928 δὲ
1591 1876 1748 1928 πάντα
1779 1875 1899 1927 κατὰ

305 1955 506 2019 θέλησιν
551 1963 635 2008 τοῦ
686 1958 878 2026 Πατρὸς
923 1960 1203 2027 ἐργάζεσθαι
1247 1960 1330 2012 τὸν
1369 1958 1499 2023 Υὶὸν,
1542 1960 1624 2010 οὐκ
1669 1957 1899 2010 ἐλάττονα

304 2037 444 2106 δείξει
472 2041 547 2089 καὶ
575 2040 828 2107 ὑπουργὸν,
856 2043 966 2093 ἀλλ’
993 2042 1051 2110 ἐξ
1081 2043 1224 2093 αὐτοῦ
1261 2044 1337 2093 καὶ
1373 2044 1421 2093 ἐν
1449 2042 1575 2111 αὐτῷ
1609 2042 1684 2092 καὶ
1720 2040 1890 2105 ὁμοού-

305 2141 428 2170 σιον.
485 2120 639 2185 ἐπειδὴ
675 2121 767 2188 γάρ
802 2125 935 2174 ἐστιν
967 2122 1105 2177 αὐτὸς
1144 2124 1172 2188 ἡ
1211 2125 1365 2191 σοφία
1403 2129 1487 2174 τοῦ
1516 2121 1728 2189 Πατρὸς,
1756 2123 1832 2172 καὶ
1868 2121 1896 2185 ἡ

306 2199 437 2265 ζῶσα
476 2203 646 2266 βουλὴ,
687 2205 773 2271 οὐχ
811 2203 968 2270 ἕτερόν
1007 2228 1050 2255 τι
1089 2210 1238 2256 ποιεῖν
1277 2206 1507 2270 ὁμολογεῖ
1540 2206 1648 2271 παρ’
1684 2203 1799 2269 ὅπερ
1839 2201 1896 2254 ἂν
1916 2219 1965 2259 25

304 2282 539 2347 βούληται
566 2283 710 2352 τυχὸν
738 2287 763 2335 ὁ
791 2285 975 2351 Πατὴρ,
1003 2287 1056 2337 οὗ
1091 2289 1166 2337 καὶ
1202 2286 1305 2337 ε”στι
1335 2289 1411 2338 καὶ
1437 2286 1590 2354 σοφία
1613 2288 1688 2337 καὶ
1714 2287 1891 2350 βουλὴ,

305 2365 401 2414 ἐπεὶ
429 2366 504 2415 καὶ
535 2365 727 2420 σύνεσις
764 2367 791 2431 ἡ
826 2369 874 2418 ἐν
900 2369 1009 2432 ἡμῖν
1036 2369 1119 2419 οὐκ
1146 2369 1228 2437 ἀφ’
1258 2371 1423 2433 ἑαυτῆς
1455 2391 1500 2419 τι
1535 2373 1669 2431 ποιεῖ,
1697 2367 1896 2431 σύμπαν

305 2444 355 2497 δέ
396 2447 450 2497 τὸ
496 2448 605 2512 ἡμῖν
648 2450 816 2500 δοκοῦν
858 2451 1143 2517 ἀποπληροῖ.
1213 2453 1288 2502 καὶ
1334 2449 1501 2518 μικρὸν
1541 2450 1625 2514 μὲν
1671 2453 1733 2504 ὡς
1776 2448 1896 2516 πρὸς

352 2635 384 2664 4.
410 2622 534 2666 ἀληθὲς
555 2623 629 2658 Ra.
650 2624 726 2658 Cat.
747 2625 846 2660 Harl.
864 2624 999 2669 ἀληθῶς
1017 2625 1084 2660 Ed.
1312 2637 1344 2670 5.
1371 2626 1421 2661 ἐπ’
1440 2626 1626 2668 ἀνθρώπων
1643 2637 1673 2660 a.
1694 2625 1770 2660 Cat.
1791 2626 1893 2660 Harl.

306 2668 337 2702 6.
364 2684 450 2705 τινες
468 2671 586 2714 ἄνδρες
604 2671 664 2705 δύο
681 2672 820 2706 inverso
839 2672 961 2707 ordine
979 2684 1009 2707 a.
1223 2673 1256 2707 8.
1283 2673 1404 2719 λέγετέ
1419 2689 1470 2710 τις
1488 2673 1530 2707 Β.
1548 2673 1688 2719 λέγεταί
1705 2687 1755 2708 τις
1776 2672 1893 2707 Holst.

305 2716 434 2760 λεγέτω
453 2715 498 2752 εἷς
516 2729 533 2750 e
553 2717 630 2752 Cat.
652 2718 752 2753 Harl.
770 2719 968 2753 emendavit
986 2718 1080 2753 Aub.
1147 2721 1165 2754 ὁ
1183 2721 1358 2765 assumpsi
1376 2733 1416 2754 ex
1434 2732 1465 2754 a.
1613 2731 1666 2754 10.
1693 2718 1837 2764 φήσειεν
1854 2719 1895 2753 ἂν

305 2771 335 2794 a.
356 2762 431 2795 Cat.
454 2763 552 2798 Harl.
571 2765 719 2808 φήσαιεν
737 2766 776 2799 ἂν
796 2766 836 2800 Β.
854 2768 964 2811 φησιν
984 2766 1047 2800 Ht.
1066 2766 1131 2800 Ed.
1263 2768 1315 2802 18.
1342 2768 1380 2801 τὸ
1397 2767 1560 2812 ἀχάλινον
1577 2770 1643 2801 τῶν
1659 2765 1890 2799 ἀπειθούντων

306 2807 419 2850 θυμῶν
438 2809 478 2842 Β.
499 2811 697 2846 emendavit
717 2812 780 2847 Ht.
1010 2824 1061 2857 19.
1087 2815 1133 2859 τῷ
1155 2813 1196 2848 Β.
1219 2813 1282 2848 [It.
1301 2814 1499 2849 emendavit
1517 2826 1534 2847 e
1555 2814 1632 2848 Cat.
1652 2819 1690 2846 ut
1708 2811 1777 2846 vid.
1796 2811 1892 2846 Aub.

1065 2870 1098 2885 να

307 2896 362 2919 20.
390 2887 489 2932 κατὰ]
518 2894 550 2929 -i-
572 2891 632 2933 τὴν
649 2903 679 2925 a.
833 2904 887 2926 22.
915 2893 1184 2936 ἐλάττοναδείξει
1204 2894 1318 2939 (quasi
1337 2894 1480 2927 ἐλάττου
1497 2892 1680 2936 ἀναδείξει)
1701 2891 1742 2926 Β.
1793 2891 1893 2926 Nihil

305 2934 479 2968 varietatis
500 2939 615 2971 notavi
634 2949 673 2971 ex
693 2949 722 2971 a.
870 2950 924 2988 25.
953 2939 1062 2985 ζῶσα]
1084 2941 1193 2984 ζωηρὰ
1211 2952 1242 2975 a.
1262 2940 1338 2975 Cat.
1361 2940 1461 2975 Harl.
