1971 3272
98 146 183 186 viii.
203 156 270 200 35.
360 147 431 187 IN
474 147 516 187 S.
550 145 884 187 JOANNEM.
950 144 1149 184 L113.V.
1212 144 1345 183 CAP.
1374 144 1422 182 V.
1626 142 1680 180 69

1746 246 1794 275 l's.
1814 247 1853 275 ei.

96 257 190 304 τῶν
240 255 451 320 οὐρανῶν
499 257 573 305 καὶ
623 260 707 305 τοῦ
759 252 878 304 κατὰ
929 253 1079 320 φύσιν
1119 255 1238 302 Υἱοῦ
1290 255 1442 318 φησιν
1486 257 1511 277 “
1535 250 1678 298 Αὐτοὶ
1744 297 1779 327 27
1815 292 1862 318 2⁸.

97 342 124 364 ‘⁴
150 337 451 398 ἀπολοῦνται,
500 335 564 387 σὺ
614 335 662 386 δὲ
716 336 957 398 διαμένεις·
1027 336 1102 385 καὶ
1149 332 1321 385 πάντες
1379 334 1441 384 ὡς
1497 330 1679 392 ἱμάτιον

99 423 125 446 “
151 418 585 482 παλαιωθήσονται,
614 420 688 468 καὶ
721 419 834 467 ὡσεὶ
864 415 1172 482 περιβόλαιον
1203 414 1369 481 ἑλίξεις
1405 411 1570 464 αὐτοὺς
1607 412 1681 460 καὶ

99 505 125 528 “
152 498 530 563 ἀλλαγήσονται·
591 498 655 550 σὺ
694 498 741 549 δὲ
783 500 807 549 ὁ
850 497 988 551 αὐτὸς
1030 495 1081 559 εἶ,
1124 497 1198 546 καὶ
1244 494 1303 545 τὰ
1344 494 1422 557 ε”τη
1468 516 1560 542 σου
1599 493 1720 541 οὐκο

57 593 79 632 5
99 586 125 608 “
151 581 504 648 ἐκλείψουσιν.”
547 581 658 649 ὁρᾷς
686 581 812 633 ὅπως
848 580 897 630 εὖ
930 578 1063 641 μάλα
1100 579 1174 628 καὶ
1203 576 1277 627 διὰ
1304 575 1483 626 τούτων
1508 573 1682 638 ἀληθὲς

99 661 310 728 ὑπάρχον
341 662 744 727 ὁμολογουμένως,
772 662 841 712 ὅτι
880 660 934 711 τὸ
973 663 1058 724 μὲν
1090 663 1263 710 δοῦλον
1290 662 1333 709 οὐ
1368 656 1480 724 μένει
1522 661 1579 709 εἰς
1622 656 1684 705 τίον

99 743 252 805 αἰῶνα,
278 743 390 812 μένει
424 742 468 795 δὲ
501 751 518 796 ὁ
546 746 658 806 Υἱὸς,
685 746 760 794 καὶ
794 743 848 794 τὸ
883 742 948 807 μὴ
985 743 1151 806 με’νειν,
1179 740 1415 808 ἀπόδειξις
1450 743 1533 788 τοῦ
1570 735 1684 787 εἶναι

98 827 271 876 δοῦλον
296 825 350 876 τὸ
384 827 490 877 καθ’
520 826 664 891 οὗπερ
703 824 761 876 ἂν
795 823 1104 890 κατηγοροῖτο
1139 826 1306 884 ἐστιν;
1351 819 1600 885 ἀναλόγως
1636 818 1684 869 δὲ

98 906 248 976 τούτῳ
287 907 340 958 τὸ
379 907 548 973 ἕτερον,
575 907 807 970 τουτέστι,
839 906 892 958 τὸ
928 906 1080 970 με’νειν
1109 910 1166 959 εἷς
1203 904 1270 955 τὶν
1305 903 1458 961 αἰῶνα,
1487 906 1685 965 σημεῖον

34 1008 80 1032 10
98 987 157 1038 ἂν
187 988 368 1054 γε’νοιτο
407 988 561 1057 σαφὲς
599 994 682 1039 τοῦ
721 988 958 1051 δεσπότην
992 985 1106 1038 εἶναι
1141 987 1215 1037 καὶ
1253 984 1378 1036 Θεὸν
1406 983 1514 1034 καθ’
1542 984 1684 1049 οῦπερ

99 1068 155 1121 ἂν
181 1071 368 1135 λέγοιτο
395 1070 562 1136 κυρίως
593 1093 641 1121 τε
679 1072 754 1121 καὶ
789 1072 979 1133 άληθῶς
1014 1069 1042 1133 ἡ
1078 1067 1269 1131 τοιαύτη
1305 1065 1456 1134 φωνή.
1502 1065 1683 1134 ἐξήρκει

97 1151 183 1215 μὲν
227 1153 309 1202 οῦν
353 1156 415 1206 εἷς
456 1152 510 1203 τὸ
555 1156 652 1205 τοῖς
696 1153 805 1218 παρ’
853 1153 985 1215 ἡμῶν
1029 1152 1404 1216 ἐπιμαρτυρῆσαι
1450 1146 1613 1212 λόγοις
1658 1149 1723 1198 ὀᾶ
1756 1160 1841 1194 542
1856 1159 1904 1194 A.

1746 1241 1761 1261 2
1777 1231 1851 1262 Cor.

97 1234 383 1303 ψαλμῳδός·
425 1233 581 1298 ἐπειδὴ
613 1233 662 1284 δὲ
697 1233 818 1284 κατὰ
853 1233 908 1284 τὸ
943 1232 1270 1298 γεγραμμένον
1296 1238 1323 1259 “
1342 1232 1415 1281 ἐπὶ
1443 1230 1683 1291 στόματος
1743 1276 1800 1305 xiii
1832 1284 1842 1305 ι

98 1322 126 1345 “
152 1315 234 1366 δύο
279 1318 353 1366 καὶ
397 1320 538 1382 τριῶν
583 1315 835 1381 μαρτύρων
878 1314 1174 1378 σταθήσεται
1218 1318 1314 1364 πᾶν
1358 1310 1535 1379 ῥῆμα,”
1573 1310 1683 1378 φέρε

33 1417 80 1456 15
98 1395 246 1447 πάλιν
279 1395 398 1463 πρὸς
438 1399 593 1466 ἐκείνῳ
632 1399 707 1447 καὶ
747 1396 830 1447 τὸν
861 1396 1091 1463 μακάριον
1117 1395 1345 1461 Ἱερεμίαν
1377 1391 1569 1462 συνῳδὰ
1609 1394 1684 1441 καὶ

99 1483 367 1548 φρονοῦντα
393 1481 468 1530 καὶ
493 1479 698 1543 λέγοντα
724 1477 1015 1541 δεικνύωμεν.
1072 1476 1166 1528 ἀπὸ
1193 1476 1287 1542 γὰρ
1314 1481 1395 1525 τοῦ
1422 1473 1680 1542 καταφθεί-

97 1564 266 1626 ρεσθαι
297 1565 394 1612 πᾶν
420 1559 474 1611 τὸ
508 1560 715 1624 ποιηθὲν,
743 1561 818 1611 καὶ
854 1563 1026 1610 δοῦλον
1053 1558 1166 1610 αὐτὸ
1201 1556 1277 1608 διὰ
1309 1563 1447 1607 τοῦτο
1482 1553 1678 1616 δεικνὺς,

99 1640 192 1692 ἀπὸ
237 1641 287 1692 δὲ
330 1649 413 1693 τοῦ
451 1642 605 1706 με’νειν
642 1664 691 1692 τε
732 1644 805 1692 καὶ
846 1639 1200 1704 ἀμεταποιήτως
1241 1639 1360 1706 ἔχειν
1391 1637 1517 1688 Θεὸν
1556 1639 1679 1688 ἀπο-

100 1723 282 1791 φαίνων
319 1723 438 1774 κατά
477 1723 628 1793 φύσιν
665 1722 748 1774 τὸν
774 1722 905 1785 Υἱὸν,
937 1725 1084 1785 δῆλον
1120 1722 1167 1772 δὲ
1207 1720 1277 1771 ὅτι
1317 1719 1392 1771 διὰ
1431 1725 1568 1770 τοῦτο
1607 1720 1683 1769 καὶ

167 1804 178 1820 κ
344 1807 366 1824 0„
685 1807 696 1821 ,
797 1803 811 1819 x
916 1805 925 1819 ‚
974 1802 983 1818 t
1075 1802 1095 1821 η
1265 1802 1278 1817 x
1418 1801 1430 1817 s
1634 1801 1645 1814 x

31 1828 80 1853 20
102 1809 292 1871 Κυριον,
310 1829 431 1856 ουτω
457 1829 549 1856 που
577 1810 700 1873 φησι
725 1828 844 1871 προς
872 1827 1014 1855 αυτον
1034 1812 1061 1833 “
1099 1808 1190 1854 Οτι
1219 1826 1284 1853 συ
1311 1806 1574 1866 καθημενος
1601 1824 1683 1851 τον
1700 1817 1728 1857 b
1746 1801 1821 1883 {an
1842 1812 1885 1830 ¹¹¹·

99 1892 127 1915 ‘⁶
152 1891 315 1949 αἰῶνα,
347 1889 421 1938 καὶ
462 1888 588 1951 ἡμεῖς
626 1887 951 1949 ἀπολλύμενοι
989 1884 1072 1936 τὸν
1103 1884 1292 1936 αἱῶνα.”
1345 1886 1392 1934 ἐν
1417 1885 1558 1934 παντὶ
1591 1881 1684 1948 γὰρ

98 1967 254 2038 χρόνῳ
288 1969 343 2020 τὸ
377 1969 575 2034 γενητὸν
602 1969 737 2018 ε”σται
772 1967 987 2036 φθαρτὸν
1013 1966 1132 2018 κατά
1167 1990 1221 2032 γε
1257 1965 1340 2017 τὸν
1365 1970 1448 2015 τοῦ
1481 1966 1679 2027 πεποιῆ-

99 2054 216 2100 σθαι
246 2049 411 2115 λόγον,
441 2053 515 2101 καὶ
549 2054 585 2100 εἰ
620 2049 685 2112 μὴ
713 2048 952 2117 φθείροιτο
979 2048 1168 2113 δυνάμει
1195 2052 1335 2108 Θεοῦ,
1362 2047 1496 2097 ἔσται
1530 2044 1580 2096 δὲ
1615 2047 1684 2095 ἀεὶ

99 2131 359 2195 καθήμενος
386 2134 410 2182 ὁ
438 2131 571 2193 Θεὸς,
598 2134 681 2194 τῆς
707 2130 868 2181 ἐνθάδε
902 2130 1160 2196 λεγομένης
1196 2131 1426 2181 καθίσεως
1460 2126 1513 2178 τὸ
1550 2129 1678 2192 ἱδρυ-

30 2233 78 2271 25
98 2214 238 2277 με’νον
277 2215 352 2264 καὶ
391 2215 439 2264 ἐν
478 2213 727 2277 ταυτότητι
764 2213 977 2278 πεπηγὸς
1017 2211 1351 2276 ὑποδηλούσης
1392 2212 1475 2273 τῆς
1520 2209 1683 2262 οὐσίας

99 2296 241 2345 αὐτοῦ
266 2294 384 2358 μετὰ
409 2301 492 2346 τοῦ
518 2294 829 2360 συνάγεσθαι,
856 2297 932 2345 καὶ
958 2293 1011 2345 τὸ
1039 2295 1086 2344 ἐν
1110 2295 1354 2361 βασιλικῷ
1385 2289 1604 2358 σχήματί
1634 2312 1684 2339 τε

98 2379 173 2427 καὶ
211 2376 455 2443 πράγματι
494 2377 763 2442 διαπρέπειν
801 2375 961 2427 αὐτόν·
1014 2374 1169 2425 εἰκόνα
1208 2372 1300 2440 γάρ
1337 2396 1438 2426 πως
1476 2371 1569 2438 ἔχει
1607 2373 1682 2421 καὶ

97 2457 277 2509 τούτων
301 2459 329 2521 ἡ
365 2457 566 2511 κάθισις.

174 2541 378 2590 Οὐκοῦν·
420 2542 776 2606 ἀναδραμοῦμαι
811 2538 903 2604 γὰρ
938 2539 1069 2591 αὖθις
1107 2541 1169 2590 εἷς
1206 2535 1259 2587 τὸ
1298 2535 1354 2603 ἐξ
1385 2536 1546 2600 ἀρχῆς·
1587 2530 1721 2582 &mbo

30 2636 80 2673 30
98 2619 184 2684 μὲν
210 2626 292 2670 τοῦ
317 2619 382 2684 μὴ
406 2620 560 2683 με’νειν
586 2626 642 2674 εἰς
668 2623 734 2671 τὸν
763 2619 900 2671 αἰῶνα,
927 2616 1141 2686 φθαρτόν
1167 2640 1216 2667 τε
1248 2619 1323 2666 καὶ
1355 2614 1550 2680 γενητὸν
1576 2616 1676 2664 ἐπι-

146 2748 179 2782 8.
206 2745 354 2789 καθύπερ
382 2746 423 2779 B.
451 2745 523 2779 καθ’
550 2746 633 2789 ὑπὲρ
661 2746 778 2779 Holst.
806 2744 877 2778 καθ’
903 2744 1008 2787 οὗπερ
1034 2743 1231 2777 emendavit
1255 2749 1295 2776 ut
1321 2742 1463 2776 adnotat
1488 2742 1562 2786 ipse
1587 2741 1682 2776 Aub.

99 2794 242 2828 Desunt
259 2793 343 2826 haec
362 2792 465 2826 verba
482 2793 517 2825 in
537 2792 629 2825 Catt.
784 2803 816 2836 9.
842 2790 949 2835 τούτῳ
970 2791 1011 2823 B.
1031 2789 1157 2823 τούτων
1177 2789 1239 2822 Ht.
1253 2789 1319 2822 Ed.
1479 2799 1532 2822 11.
1557 2803 1593 2821 τε
1611 2800 1681 2821 om.

98 2840 193 2874 Aub.
341 2850 394 2880 14.
422 2839 474 2872 καὶ
495 2838 535 2872 Β.
555 2837 572 2881 ἢ
595 2838 658 2871 Ht.
674 2837 741 2871 Ed,
890 2847 944 2870 20.
972 2834 1171 2879 καθήμενος]
1197 2839 1234 2875 -l-
1255 2835 1301 2870 εἷς
1320 2834 1386 2868 Ed.
1406 2835 1515 2868 invito
1533 2846 1563 2868 a.
1582 2834 1626 2868 cf.
1646 2835 1682 2867 in

98 2887 145 2920 xii
164 2885 294 2930 Proph.
316 2894 381 2930 739
402 2897 431 2919 c,
641 2895 694 2917 21.
722 2881 968 2926 ἀπολλύμενοι]
993 2886 1029 2922 —f-
1051 2882 1098 2916 εἷς
1115 2893 1143 2914 a.
1168 2881 1228 2914 Ht.
1250 2881 1315 2915 Ed.
1336 2882 1408 2925 (33.
1426 2880 1486 2923 al.)
1506 2881 1616 2915 invito
1637 2881 1678 2914 B.

97 2943 154 2977 30.
181 2932 387 2967 ἐπιδείκνυσι
405 2943 433 2965 a.
453 2930 670 2965 ἀποδείκνυσι
690 2929 768 2964 Cat.
788 2930 887 2963 Harl.
907 2929 1092 2963 ἐπιδεικνὺς
1111 2927 1177 2961 Ed.
