<?xml version="1.0" encoding="UTF-8"?>
<!DOCTYPE html PUBLIC "-//W3C//DTD XHTML 1.0 Transitional//EN"
    "http://www.w3.org/TR/xhtml1/DTD/xhtml1-transitional.dtd">
<html xmlns="http://www.w3.org/1999/xhtml" xml:lang="en" lang="en">
 <head>
  <title>
</title>
<meta http-equiv="Content-Type" content="text/html;charset=utf-8" />
  <meta name='ocr-system' content='tesseract 3.04.00' />
  <meta name='ocr-capabilities' content='ocr_page ocr_carea ocr_par ocr_line ocrx_word'/>
</head>
<body>
  <div class='ocr_page' id='page_1' title='image "./operacyrilli04cyriuoft/operacyrilli04cyriuoft_0032.png"; bbox 0 0 2001 3231; ppageno 0'>
   <div class='ocr_carea' id='block_1_1' title="bbox 289 106 1876 157">
    <p class='ocr_par' dir='ltr' id='par_1_1' title="bbox 289 106 1876 157">
     <span class='ocr_line' id='line_1_1' title="bbox 289 106 1876 157; baseline -0.001 -10"><span class='ocrx_word' id='word_1_1' title='bbox 289 109 346 147; x_wconf 78' lang='lat'>20</span> <span class='ocrx_word' id='word_1_2' title='bbox 690 110 742 150; x_wconf 90' lang='lat' dir='ltr'>B.</span> <span class='ocrx_word' id='word_1_3' title='bbox 775 109 1049 151; x_wconf 87' lang='lat' dir='ltr'>CYRILLI</span> <span class='ocrx_word' id='word_1_4' title='bbox 1089 108 1470 150; x_wconf 88' lang='lat' dir='ltr'><strong>ALEXANDR.</strong></span> <span class='ocrx_word' id='word_1_5' title='bbox 1701 106 1788 148; x_wconf 75' lang='lat' dir='ltr'>viii.</span> <span class='ocrx_word' id='word_1_6' title='bbox 1809 118 1876 157; x_wconf 86' lang='lat'>24.</span> 
     </span>
    </p>
   </div>
   <div class='ocr_carea' id='block_1_2' title="bbox 69 215 1879 531">
    <p class='ocr_par' dir='ltr' id='par_1_2' title="bbox 290 215 1879 286">
     <span class='ocr_line' id='line_1_2' title="bbox 290 215 1879 286; baseline -0.001 -20"><span class='ocrx_word' id='word_1_7' title='bbox 290 217 495 280; x_wconf 84' lang='grc' dir='ltr'>ἀληθῶς.</span> <span class='ocrx_word' id='word_1_8' title='bbox 536 219 796 269; x_wconf 84' lang='grc' dir='ltr'>ἀπολεῖσθε</span> <span class='ocrx_word' id='word_1_9' title='bbox 821 224 1070 284; x_wconf 82' lang='grc' dir='ltr'>τοιγαροῦν</span> <span class='ocrx_word' id='word_1_10' title='bbox 1096 219 1150 269; x_wconf 82' lang='grc' dir='ltr'>οὐ</span> <span class='ocrx_word' id='word_1_11' title='bbox 1176 217 1480 280; x_wconf 69' lang='grc' dir='ltr'>πιστεύοντες,</span> <span class='ocrx_word' id='word_1_12' title='bbox 1508 218 1674 286; x_wconf 80' lang='grc' dir='ltr'>φησὶν,</span> <span class='ocrx_word' id='word_1_13' title='bbox 1698 216 1761 266; x_wconf 73' lang='grc' dir='ltr'>’ότι</span> <span class='ocrx_word' id='word_1_14' title='bbox 1790 215 1879 280; x_wconf 73' lang='grc' dir='ltr'>ἐγώ</span> 
     </span>
    </p>

    <p class='ocr_par' dir='ltr' id='par_1_3' title="bbox 291 297 1878 368">
     <span class='ocr_line' id='line_1_3' title="bbox 291 297 1878 368; baseline -0.001 -19"><span class='ocrx_word' id='word_1_15' title='bbox 291 302 396 363; x_wconf 73' lang='grc' dir='ltr'>εἶμι.</span> <span class='ocrx_word' id='word_1_16' title='bbox 451 298 505 349; x_wconf 79' lang='grc' dir='ltr'>τὸ</span> <span class='ocrx_word' id='word_1_17' title='bbox 547 299 599 349; x_wconf 81' lang='grc' dir='ltr'>δέ</span> <span class='ocrx_word' id='word_1_18' title='bbox 628 300 749 366; x_wconf 66' lang='grc' dir='ltr'>Ἐγὼ</span> <span class='ocrx_word' id='word_1_19' title='bbox 787 323 893 367; x_wconf 89' lang='grc' dir='ltr'>περι</span> <span class='ocrx_word' id='word_1_20' title='bbox 932 300 999 362; x_wconf 76' lang='grc' dir='ltr'>οὗ,</span> <span class='ocrx_word' id='word_1_21' title='bbox 1029 303 1195 368; x_wconf 76' lang='grc' dir='ltr'>φησὶν,</span> <span class='ocrx_word' id='word_1_22' title='bbox 1227 301 1276 350; x_wconf 84' lang='grc' dir='ltr'>ἐν</span> <span class='ocrx_word' id='word_1_23' title='bbox 1308 299 1577 368; x_wconf 80' lang='grc' dir='ltr'>προφήταις</span> <span class='ocrx_word' id='word_1_24' title='bbox 1614 297 1878 365; x_wconf 73' lang='grc' dir='ltr'>γέγραπται</span> 
     </span>
    </p>

    <p class='ocr_par' dir='ltr' id='par_1_4' title="bbox 69 380 1878 531">
     <span class='ocr_line' id='line_1_4' title="bbox 69 380 1878 450; baseline -0.001 -20"><span class='ocrx_word' id='word_1_25' title='bbox 69 380 228 414; x_wconf 80' lang='lat' dir='ltr'>Es.1x.1.</span> <span class='ocrx_word' id='word_1_26' title='bbox 292 386 318 408; x_wconf 74' lang='lat'>‘⁶</span> <span class='ocrx_word' id='word_1_27' title='bbox 346 381 555 447; x_wconf 75' lang='grc' dir='ltr'>Φωτίζου</span> <span class='ocrx_word' id='word_1_28' title='bbox 590 382 794 450; x_wconf 71' lang='grc' dir='ltr'>φωτίζου</span> <span class='ocrx_word' id='word_1_29' title='bbox 818 380 1200 448; x_wconf 79' lang='grc' dir='ltr'>Ιερουσαλὴμ,</span> <span class='ocrx_word' id='word_1_30' title='bbox 1177 383 1274 447; x_wconf 83' lang='grc' dir='ltr'>ήκει</span> <span class='ocrx_word' id='word_1_31' title='bbox 1310 381 1403 448; x_wconf 76' lang='grc' dir='ltr'>γὰρ</span> <span class='ocrx_word' id='word_1_32' title='bbox 1438 380 1493 432; x_wconf 82' lang='grc' dir='ltr'>τὸ</span> <span class='ocrx_word' id='word_1_33' title='bbox 1532 386 1635 449; x_wconf 89' lang='grc' dir='ltr'>φῶς</span> <span class='ocrx_word' id='word_1_34' title='bbox 1669 403 1774 442; x_wconf 88' lang='grc' dir='ltr'>σου,</span> <span class='ocrx_word' id='word_1_35' title='bbox 1801 380 1878 429; x_wconf 79' lang='grc' dir='ltr'>καὶ</span> 
     </span>
     <span class='ocr_line' id='line_1_5' title="bbox 291 459 1875 531; baseline -0.001 -17.967"><span class='ocrx_word' id='word_1_36' title='bbox 291 462 370 526; x_wconf 82' lang='grc' dir='ltr'>“ἡ</span> <span class='ocrx_word' id='word_1_37' title='bbox 399 463 518 531; x_wconf 75' lang='grc' dir='ltr'>δόξα</span> <span class='ocrx_word' id='word_1_38' title='bbox 548 465 773 530; x_wconf 81' lang='grc' dir='ltr'>Κυρίου’</span> <span class='ocrx_word' id='word_1_39' title='bbox 751 465 825 514; x_wconf 85' lang='grc' dir='ltr'>επὶ</span> <span class='ocrx_word' id='word_1_40' title='bbox 852 463 909 514; x_wconf 81' lang='grc' dir='ltr'>σὲ</span> <span class='ocrx_word' id='word_1_41' title='bbox 935 463 1297 514; x_wconf 77' lang='grc' dir='ltr'>ἀνατε’ταλκεν.”</span> <span class='ocrx_word' id='word_1_42' title='bbox 1352 459 1440 528; x_wconf 82' lang='grc' dir='ltr'>ἐγω</span> <span class='ocrx_word' id='word_1_43' title='bbox 1466 462 1560 529; x_wconf 85' lang='grc' dir='ltr'>γάρ</span> <span class='ocrx_word' id='word_1_44' title='bbox 1588 464 1678 529; x_wconf 75' lang='grc' dir='ltr'>εἰμι’</span> <span class='ocrx_word' id='word_1_45' title='bbox 1703 466 1875 530; x_wconf 88' lang='grc' dir='ltr'>φησιν,</span> 
     </span>
    </p>
   </div>
   <div class='ocr_carea' id='block_1_3' title="bbox 290 542 1921 613">
    <p class='ocr_par' dir='ltr' id='par_1_5' title="bbox 290 542 1921 613">
     <span class='ocr_line' id='line_1_6' title="bbox 290 542 1921 613; baseline -0.001 -19"><span class='ocrx_word' id='word_1_46' title='bbox 290 545 315 594; x_wconf 82' lang='grc' dir='ltr'>ὁ</span> <span class='ocrx_word' id='word_1_47' title='bbox 350 543 503 595; x_wconf 86' lang='grc' dir='ltr'>πάλαι</span> <span class='ocrx_word' id='word_1_48' title='bbox 537 567 656 611; x_wconf 87' lang='grc' dir='ltr'>προς</span> <span class='ocrx_word' id='word_1_49' title='bbox 690 544 966 596; x_wconf 85' lang='grc' dir='ltr'>ἀπόστασιν</span> <span class='ocrx_word' id='word_1_50' title='bbox 997 548 1092 595; x_wconf 87' lang='grc' dir='ltr'>τῶν</span> <span class='ocrx_word' id='word_1_51' title='bbox 1123 546 1172 595; x_wconf 83' lang='grc' dir='ltr'>ἐν</span> <span class='ocrx_word' id='word_1_52' title='bbox 1197 548 1335 613; x_wconf 77' lang='grc' dir='ltr'>ψυχῇ</span> <span class='ocrx_word' id='word_1_53' title='bbox 1371 545 1654 608; x_wconf 82' lang='grc' dir='ltr'>νοσημάτων</span> <span class='ocrx_word' id='word_1_54' title='bbox 1680 542 1879 605; x_wconf 88' lang='grc' dir='ltr'>βαδίσαι</span> <span class='ocrx_word' id='word_1_55' title='bbox 1898 560 1921 600; x_wconf 86' lang='grc'>5</span> 
     </span>
    </p>
   </div>
   <div class='ocr_carea' id='block_1_4' title="bbox 289 624 1880 695">
    <p class='ocr_par' dir='ltr' id='par_1_6' title="bbox 289 624 1880 695">
     <span class='ocr_line' id='line_1_7' title="bbox 289 624 1880 695; baseline -0.001 -19"><span class='ocrx_word' id='word_1_56' title='bbox 289 626 505 689; x_wconf 82' lang='grc' dir='ltr'>κελεύων,</span> <span class='ocrx_word' id='word_1_57' title='bbox 547 629 622 677; x_wconf 82' lang='grc' dir='ltr'>καὶ</span> <span class='ocrx_word' id='word_1_58' title='bbox 660 625 746 690; x_wconf 90' lang='grc' dir='ltr'>τὴν</span> <span class='ocrx_word' id='word_1_59' title='bbox 777 627 833 695; x_wconf 72' lang='grc' dir='ltr'>ἐξ</span> <span class='ocrx_word' id='word_1_60' title='bbox 868 624 1056 691; x_wconf 77' lang='grc' dir='ltr'>ἀγάπης</span> <span class='ocrx_word' id='word_1_61' title='bbox 1095 627 1346 692; x_wconf 81' lang='grc' dir='ltr'>θεραπείαν</span> <span class='ocrx_word' id='word_1_62' title='bbox 1387 625 1758 694; x_wconf 83' lang='grc' dir='ltr'>ὑπισχνούμενος</span> <span class='ocrx_word' id='word_1_63' title='bbox 1803 624 1880 675; x_wconf 77' lang='grc' dir='ltr'>διὰ</span> 
     </span>
    </p>
   </div>
   <div class='ocr_carea' id='block_1_5' title="bbox 66 705 1881 979">
    <p class='ocr_par' dir='ltr' id='par_1_7' title="bbox 66 705 1881 979">
     <span class='ocr_line' id='line_1_8' title="bbox 66 705 1880 780; baseline -0.001 -23"><span class='ocrx_word' id='word_1_64' title='bbox 66 705 225 780; x_wconf 56' lang='grc' dir='ltr'>ξῙΖῙΕΓ·ῑῘῑ·</span> <span class='ocrx_word' id='word_1_65' title='bbox 288 712 372 758; x_wconf 86' lang='grc' dir='ltr'>τοῦ</span> <span class='ocrx_word' id='word_1_66' title='bbox 408 707 562 773; x_wconf 77' lang='grc' dir='ltr'>λε’γειν</span> <span class='ocrx_word' id='word_1_67' title='bbox 589 715 615 737; x_wconf 75' lang='grc'><strong>“</strong></span> <span class='ocrx_word' id='word_1_68' title='bbox 641 708 1007 775; x_wconf 87' lang='grc' dir='ltr'>Ἐπιστράφητε</span> <span class='ocrx_word' id='word_1_69' title='bbox 1043 711 1129 759; x_wconf 78' lang='grc' dir='ltr'>υἱοὶ</span> <span class='ocrx_word' id='word_1_70' title='bbox 1164 708 1544 776; x_wconf 71' lang='grc' dir='ltr'>ἐπιστρέφοντες,</span> <span class='ocrx_word' id='word_1_71' title='bbox 1571 710 1647 758; x_wconf 83' lang='grc' dir='ltr'>καὶ</span> <span class='ocrx_word' id='word_1_72' title='bbox 1685 706 1880 771; x_wconf 80' lang='grc' dir='ltr'>ἰάσομαι</span> 
     </span>
     <span class='ocr_line' id='line_1_9' title="bbox 289 788 1881 856; baseline -0.001 -17"><span class='ocrx_word' id='word_1_73' title='bbox 289 795 317 818; x_wconf 79' lang='grc'><strong>“</strong></span> <span class='ocrx_word' id='word_1_74' title='bbox 344 788 404 839; x_wconf 81' lang='grc' dir='ltr'>τὰ</span> <span class='ocrx_word' id='word_1_75' title='bbox 439 790 772 856; x_wconf 87' lang='grc' dir='ltr'>συντρίμματα</span> <span class='ocrx_word' id='word_1_76' title='bbox 811 791 986 854; x_wconf 85' lang='grc' dir='ltr'>ὑμῶν.”</span> <span class='ocrx_word' id='word_1_77' title='bbox 1035 790 1127 855; x_wconf 84' lang='grc' dir='ltr'>ἐγώ</span> <span class='ocrx_word' id='word_1_78' title='bbox 1164 795 1255 854; x_wconf 80' lang='grc' dir='ltr'>εἶμι</span> <span class='ocrx_word' id='word_1_79' title='bbox 1292 791 1317 840; x_wconf 82' lang='grc' dir='ltr'>ὁ</span> <span class='ocrx_word' id='word_1_80' title='bbox 1352 789 1438 851; x_wconf 89' lang='grc' dir='ltr'>τὴν</span> <span class='ocrx_word' id='word_1_81' title='bbox 1464 792 1698 856; x_wconf 85' lang='grc' dir='ltr'>θεοπρεπῆ</span> <span class='ocrx_word' id='word_1_82' title='bbox 1726 791 1774 839; x_wconf 86' lang='grc' dir='ltr'>ἐν</span> <span class='ocrx_word' id='word_1_83' title='bbox 1800 789 1881 839; x_wconf 79' lang='grc' dir='ltr'>σοὶ</span> 
     </span>
     <span class='ocr_line' id='line_1_10' title="bbox 289 869 1875 940; baseline -0.001 -19"><span class='ocrx_word' id='word_1_84' title='bbox 289 873 364 921; x_wconf 75' lang='grc' dir='ltr'>καὶ</span> <span class='ocrx_word' id='word_1_85' title='bbox 399 870 550 922; x_wconf 86' lang='grc' dir='ltr'>πάλαι</span> <span class='ocrx_word' id='word_1_86' title='bbox 586 869 893 938; x_wconf 83' lang='grc' dir='ltr'>χρηστότητα</span> <span class='ocrx_word' id='word_1_87' title='bbox 926 873 1001 921; x_wconf 81' lang='grc' dir='ltr'>καὶ</span> <span class='ocrx_word' id='word_1_88' title='bbox 1041 872 1331 937; x_wconf 84' lang='grc' dir='ltr'>ἀσύγκριτον</span> <span class='ocrx_word' id='word_1_89' title='bbox 1367 871 1666 940; x_wconf 74' lang='grc' dir='ltr'>ἀνεξικακίαν</span> <span class='ocrx_word' id='word_1_90' title='bbox 1699 874 1875 938; x_wconf 83' lang='grc' dir='ltr'>χαριεῖ-</span> 
     </span>
     <span class='ocr_line' id='line_1_11' title="bbox 66 947 219 979; baseline 0 -1"><span class='ocrx_word' id='word_1_91' title='bbox 66 947 122 978; x_wconf 80' lang='lat' dir='ltr'>Es.</span> <span class='ocrx_word' id='word_1_92' title='bbox 137 948 219 979; x_wconf 84' lang='lat' dir='ltr'>xliii.</span> 
     </span>
    </p>
   </div>
   <div class='ocr_carea' id='block_1_6' title="bbox 70 951 1879 1030">
    <p class='ocr_par' dir='ltr' id='par_1_8' title="bbox 70 951 1879 1030">
     <span class='ocr_line' id='line_1_12' title="bbox 70 951 1879 1030; baseline 0.001 -29"><span class='ocrx_word' id='word_1_93' title='bbox 70 999 120 1030; x_wconf 89' lang='lat'>25·</span> <span class='ocrx_word' id='word_1_94' title='bbox 244 956 406 1028; x_wconf 68' lang='grc' dir='ltr'>,Οσθαι</span> <span class='ocrx_word' id='word_1_95' title='bbox 445 951 501 1015; x_wconf 85' lang='grc' dir='ltr'>δὴ</span> <span class='ocrx_word' id='word_1_96' title='bbox 540 953 696 1012; x_wconf 79' lang='grc' dir='ltr'>εἰπὼν,</span> <span class='ocrx_word' id='word_1_97' title='bbox 724 953 799 1003; x_wconf 86' lang='grc' dir='ltr'>διά</span> <span class='ocrx_word' id='word_1_98' title='bbox 834 976 883 1004; x_wconf 91' lang='grc' dir='ltr'>τε</span> <span class='ocrx_word' id='word_1_99' title='bbox 919 959 1058 1004; x_wconf 85' lang='grc' dir='ltr'>τοῦτο</span> <span class='ocrx_word' id='word_1_100' title='bbox 1091 958 1221 1014; x_wconf 90' lang='grc' dir='ltr'>βοῶν</span> <span class='ocrx_word' id='word_1_101' title='bbox 1247 960 1275 983; x_wconf 78' lang='grc'><strong>“</strong></span> <span class='ocrx_word' id='word_1_102' title='bbox 1301 952 1432 1019; x_wconf 87' lang='grc' dir='ltr'>Ἐγώ</span> <span class='ocrx_word' id='word_1_103' title='bbox 1469 957 1560 1016; x_wconf 84' lang='grc' dir='ltr'>εἶμι</span> <span class='ocrx_word' id='word_1_104' title='bbox 1599 953 1691 1019; x_wconf 80' lang='grc' dir='ltr'>ἐγώ</span> <span class='ocrx_word' id='word_1_105' title='bbox 1727 956 1818 1014; x_wconf 83' lang='grc' dir='ltr'>εἶμι</span> <span class='ocrx_word' id='word_1_106' title='bbox 1854 952 1879 1002; x_wconf 83' lang='grc' dir='ltr'>ὁ</span> 
     </span>
    </p>
   </div>
   <div class='ocr_carea' id='block_1_7' title="bbox 289 1033 1881 1184">
    <p class='ocr_par' dir='ltr' id='par_1_9' title="bbox 289 1033 1881 1184">
     <span class='ocr_line' id='line_1_13' title="bbox 290 1033 1878 1102; baseline 0.001 -18"><span class='ocrx_word' id='word_1_107' title='bbox 290 1040 317 1062; x_wconf 85' lang='grc'><strong>“</strong></span> <span class='ocrx_word' id='word_1_108' title='bbox 344 1034 609 1102; x_wconf 73' lang='grc' dir='ltr'>ἐξαλείφων</span> <span class='ocrx_word' id='word_1_109' title='bbox 647 1034 731 1088; x_wconf 80' lang='grc' dir='ltr'>τὰς</span> <span class='ocrx_word' id='word_1_110' title='bbox 771 1035 1001 1100; x_wconf 88' lang='grc' dir='ltr'>ἁμαρτίας</span> <span class='ocrx_word' id='word_1_111' title='bbox 1045 1058 1137 1086; x_wconf 93' lang='grc' dir='ltr'>σου</span> <span class='ocrx_word' id='word_1_112' title='bbox 1179 1037 1254 1086; x_wconf 77' lang='grc' dir='ltr'>καὶ</span> <span class='ocrx_word' id='word_1_113' title='bbox 1295 1036 1348 1085; x_wconf 84' lang='grc' dir='ltr'>οὐ</span> <span class='ocrx_word' id='word_1_114' title='bbox 1386 1034 1451 1099; x_wconf 86' lang='grc' dir='ltr'>μὴ</span> <span class='ocrx_word' id='word_1_115' title='bbox 1489 1033 1878 1099; x_wconf 87' lang='grc' dir='ltr'>μνησθήσομαι.”</span> 
     </span>
     <span class='ocr_line' id='line_1_14' title="bbox 289 1115 1881 1184; baseline 0.001 -20"><span class='ocrx_word' id='word_1_116' title='bbox 289 1115 379 1180; x_wconf 70' lang='grc' dir='ltr'>ἐγώ</span> <span class='ocrx_word' id='word_1_117' title='bbox 421 1120 524 1181; x_wconf 78' lang='grc' dir='ltr'>εἰμι,</span> <span class='ocrx_word' id='word_1_118' title='bbox 565 1117 732 1181; x_wconf 77' lang='grc' dir='ltr'>φησὶν,</span> <span class='ocrx_word' id='word_1_119' title='bbox 772 1117 797 1165; x_wconf 85' lang='grc' dir='ltr'>ὁ</span> <span class='ocrx_word' id='word_1_120' title='bbox 836 1118 911 1165; x_wconf 82' lang='grc' dir='ltr'>καὶ</span> <span class='ocrx_word' id='word_1_121' title='bbox 952 1115 1028 1166; x_wconf 81' lang='grc' dir='ltr'>διὰ</span> <span class='ocrx_word' id='word_1_122' title='bbox 1067 1122 1148 1166; x_wconf 86' lang='grc' dir='ltr'>τοῦ</span> <span class='ocrx_word' id='word_1_123' title='bbox 1187 1116 1436 1184; x_wconf 84' lang='grc' dir='ltr'>προφήτου</span> <span class='ocrx_word' id='word_1_124' title='bbox 1474 1116 1684 1166; x_wconf 60' lang='grc' dir='ltr'>Ἠσαίου</span> <span class='ocrx_word' id='word_1_125' title='bbox 1725 1115 1881 1181; x_wconf 79' lang='grc' dir='ltr'>λέγων</span> 
     </span>
    </p>
   </div>
   <div class='ocr_carea' id='block_1_8' title="bbox 65 1178 1880 1266">
    <p class='ocr_par' dir='ltr' id='par_1_10' title="bbox 65 1178 1880 1266">
     <span class='ocr_line' id='line_1_15' title="bbox 65 1178 1880 1266; baseline 0.002 -21"><span class='ocrx_word' id='word_1_126' title='bbox 65 1179 118 1255; x_wconf 43' lang='grc' dir='ltr'>ξιξ,</span> <span class='ocrx_word' id='word_1_127' title='bbox 136 1191 156 1210; x_wconf 81' lang='lat'>¹&#39;</span> <span class='ocrx_word' id='word_1_128' title='bbox 175 1178 224 1219; x_wconf 92' lang='lat'>16,</span> <span class='ocrx_word' id='word_1_129' title='bbox 289 1202 316 1225; x_wconf 76' lang='lat'>‘⁴</span> <span class='ocrx_word' id='word_1_130' title='bbox 338 1195 616 1254; x_wconf 87' lang='grc' dir='ltr'>Λούσασθε,</span> <span class='ocrx_word' id='word_1_131' title='bbox 659 1198 856 1262; x_wconf 79' lang='grc' dir='ltr'>καθαροὶ</span> <span class='ocrx_word' id='word_1_132' title='bbox 901 1197 1111 1262; x_wconf 75' lang='grc' dir='ltr'>γενέσθε,</span> <span class='ocrx_word' id='word_1_133' title='bbox 1148 1196 1350 1266; x_wconf 80' lang='grc' dir='ltr'>ἀφέλετε</span> <span class='ocrx_word' id='word_1_134' title='bbox 1391 1197 1474 1250; x_wconf 77' lang='grc' dir='ltr'>τὰς</span> <span class='ocrx_word' id='word_1_135' title='bbox 1518 1200 1743 1264; x_wconf 83' lang='grc' dir='ltr'>πονηρίας</span> <span class='ocrx_word' id='word_1_136' title='bbox 1786 1195 1880 1248; x_wconf 79' lang='grc' dir='ltr'>ἀπὸ</span> 
     </span>
    </p>
   </div>
   <div class='ocr_carea' id='block_1_9' title="bbox 288 1277 1882 1590">
    <p class='ocr_par' dir='ltr' id='par_1_11' title="bbox 288 1277 1882 1590">
     <span class='ocr_line' id='line_1_16' title="bbox 289 1277 1877 1347; baseline 0.001 -20"><span class='ocrx_word' id='word_1_137' title='bbox 289 1284 317 1306; x_wconf 82' lang='grc'><strong>“</strong></span> <span class='ocrx_word' id='word_1_138' title='bbox 342 1283 437 1328; x_wconf 87' lang='grc' dir='ltr'>τῶν</span> <span class='ocrx_word' id='word_1_139' title='bbox 476 1281 678 1343; x_wconf 81' lang='grc' dir='ltr'>καρδιῶν</span> <span class='ocrx_word' id='word_1_140' title='bbox 718 1280 847 1342; x_wconf 86' lang='grc' dir='ltr'>ὑμῶν</span> <span class='ocrx_word' id='word_1_141' title='bbox 888 1278 1109 1329; x_wconf 80' lang='grc' dir='ltr'>ἀπέναντι</span> <span class='ocrx_word' id='word_1_142' title='bbox 1154 1284 1249 1329; x_wconf 90' lang='grc' dir='ltr'>τῶν</span> <span class='ocrx_word' id='word_1_143' title='bbox 1288 1280 1557 1347; x_wconf 86' lang='grc' dir='ltr'>ὀφθαλμῶν</span> <span class='ocrx_word' id='word_1_144' title='bbox 1595 1296 1698 1342; x_wconf 86' lang='grc' dir='ltr'>μου·</span> <span class='ocrx_word' id='word_1_145' title='bbox 1752 1277 1877 1330; x_wconf 87' lang='grc' dir='ltr'>παύ-</span> 
     </span>
     <span class='ocr_line' id='line_1_17' title="bbox 290 1359 1881 1428; baseline 0.001 -19"><span class='ocrx_word' id='word_1_146' title='bbox 290 1366 316 1387; x_wconf 82' lang='grc'><strong>“</strong></span> <span class='ocrx_word' id='word_1_147' title='bbox 341 1363 500 1410; x_wconf 91' lang='grc' dir='ltr'>σασθε</span> <span class='ocrx_word' id='word_1_148' title='bbox 527 1359 621 1410; x_wconf 79' lang='grc' dir='ltr'>ἀπὸ</span> <span class='ocrx_word' id='word_1_149' title='bbox 649 1364 743 1410; x_wconf 91' lang='grc' dir='ltr'>τῶν</span> <span class='ocrx_word' id='word_1_150' title='bbox 768 1365 1006 1425; x_wconf 86' lang='grc' dir='ltr'>πονηριῶν</span> <span class='ocrx_word' id='word_1_151' title='bbox 1035 1363 1178 1423; x_wconf 84' lang='grc' dir='ltr'>ὑμῶν,</span> <span class='ocrx_word' id='word_1_152' title='bbox 1201 1364 1278 1411; x_wconf 80' lang='grc' dir='ltr'>καὶ</span> <span class='ocrx_word' id='word_1_153' title='bbox 1306 1364 1433 1411; x_wconf 83' lang='grc' dir='ltr'>δεῦτε</span> <span class='ocrx_word' id='word_1_154' title='bbox 1460 1363 1535 1411; x_wconf 76' lang='grc' dir='ltr'>καὶ</span> <span class='ocrx_word' id='word_1_155' title='bbox 1560 1364 1881 1428; x_wconf 85' lang='grc' dir='ltr'>διαλεχθῶμεν</span> 
     </span>
     <span class='ocr_line' id='line_1_18' title="bbox 288 1439 1880 1511; baseline 0.002 -22"><span class='ocrx_word' id='word_1_156' title='bbox 288 1447 314 1470; x_wconf 80' lang='grc'><strong>“</strong></span> <span class='ocrx_word' id='word_1_157' title='bbox 342 1439 467 1505; x_wconf 72' lang='grc' dir='ltr'>λε’γει</span> <span class='ocrx_word' id='word_1_158' title='bbox 491 1440 678 1505; x_wconf 84' lang='grc' dir='ltr'>Κύριος·</span> <span class='ocrx_word' id='word_1_159' title='bbox 708 1443 782 1491; x_wconf 74' lang='grc' dir='ltr'>καὶ</span> <span class='ocrx_word' id='word_1_160' title='bbox 809 1441 889 1491; x_wconf 79' lang='grc' dir='ltr'>ἐὰν</span> <span class='ocrx_word' id='word_1_161' title='bbox 916 1439 1035 1492; x_wconf 80' lang='grc' dir='ltr'>ῶσιν</span> <span class='ocrx_word' id='word_1_162' title='bbox 1061 1446 1107 1493; x_wconf 80' lang='grc' dir='ltr'>αἱ</span> <span class='ocrx_word' id='word_1_163' title='bbox 1135 1444 1356 1508; x_wconf 83' lang='grc' dir='ltr'>ἁμαρτίαι</span> <span class='ocrx_word' id='word_1_164' title='bbox 1384 1444 1512 1506; x_wconf 84' lang='grc' dir='ltr'>ὑμῶν</span> <span class='ocrx_word' id='word_1_165' title='bbox 1537 1445 1598 1496; x_wconf 87' lang='grc' dir='ltr'>ὡς</span> <span class='ocrx_word' id='word_1_166' title='bbox 1626 1448 1880 1511; x_wconf 84' lang='grc' dir='ltr'>φοινικοῦν,</span> 
     </span>
     <span class='ocr_line' id='line_1_19' title="bbox 292 1523 1882 1590; baseline 0.001 -18"><span class='ocrx_word' id='word_1_167' title='bbox 292 1528 318 1550; x_wconf 82' lang='grc'><strong>“</strong></span> <span class='ocrx_word' id='word_1_168' title='bbox 345 1523 406 1575; x_wconf 83' lang='grc' dir='ltr'>ὡς</span> <span class='ocrx_word' id='word_1_169' title='bbox 445 1523 581 1590; x_wconf 89' lang='grc' dir='ltr'>χιόνα</span> <span class='ocrx_word' id='word_1_170' title='bbox 620 1528 846 1585; x_wconf 86' lang='grc' dir='ltr'>λευκανῶ,</span> <span class='ocrx_word' id='word_1_171' title='bbox 886 1523 966 1574; x_wconf 79' lang='grc' dir='ltr'>ἐὰν</span> <span class='ocrx_word' id='word_1_172' title='bbox 998 1524 1045 1575; x_wconf 78' lang='grc' dir='ltr'>δὲ</span> <span class='ocrx_word' id='word_1_173' title='bbox 1085 1523 1203 1574; x_wconf 78' lang='grc' dir='ltr'>ῶσιν</span> <span class='ocrx_word' id='word_1_174' title='bbox 1241 1527 1354 1575; x_wconf 79' lang='grc' dir='ltr'>ὡσεὶ</span> <span class='ocrx_word' id='word_1_175' title='bbox 1393 1524 1620 1586; x_wconf 86' lang='grc' dir='ltr'>κόκκινον,</span> <span class='ocrx_word' id='word_1_176' title='bbox 1660 1527 1720 1578; x_wconf 85' lang='grc' dir='ltr'>ὡς</span> <span class='ocrx_word' id='word_1_177' title='bbox 1759 1524 1882 1590; x_wconf 69' lang='grc' dir='ltr'>ε”ριον</span> 
     </span>
    </p>
   </div>
   <div class='ocr_carea' id='block_1_10' title="bbox 68 1603 1881 1755">
    <p class='ocr_par' dir='ltr' id='par_1_12' title="bbox 68 1603 1881 1755">
     <span class='ocr_line' id='line_1_20' title="bbox 251 1603 1881 1674; baseline 0.001 -20"><span class='ocrx_word' id='word_1_178' title='bbox 251 1614 273 1642; x_wconf 80' lang='lat'>0</span> <span class='ocrx_word' id='word_1_179' title='bbox 292 1611 319 1633; x_wconf 73' lang='lat'>‘⁶</span> <span class='ocrx_word' id='word_1_180' title='bbox 347 1603 599 1655; x_wconf 83' lang='grc' dir='ltr'>λευκανῶ.”</span> <span class='ocrx_word' id='word_1_181' title='bbox 642 1606 731 1670; x_wconf 69' lang='grc' dir='ltr'>ἐγώ</span> <span class='ocrx_word' id='word_1_182' title='bbox 757 1606 909 1673; x_wconf 91' lang='grc' dir='ltr'>φησίν</span> <span class='ocrx_word' id='word_1_183' title='bbox 937 1611 1039 1672; x_wconf 76' lang='grc' dir='ltr'>εἰμι,</span> <span class='ocrx_word' id='word_1_184' title='bbox 1061 1608 1163 1672; x_wconf 77' lang='grc' dir='ltr'>περὶ</span> <span class='ocrx_word' id='word_1_185' title='bbox 1191 1607 1245 1657; x_wconf 75' lang='grc' dir='ltr'>οὗ</span> <span class='ocrx_word' id='word_1_186' title='bbox 1270 1605 1418 1657; x_wconf 88' lang='grc' dir='ltr'>πάλιν</span> <span class='ocrx_word' id='word_1_187' title='bbox 1445 1605 1584 1660; x_wconf 80' lang='grc' dir='ltr'>αὐτός</span> <span class='ocrx_word' id='word_1_188' title='bbox 1609 1629 1701 1657; x_wconf 91' lang='grc' dir='ltr'>που</span> <span class='ocrx_word' id='word_1_189' title='bbox 1729 1608 1881 1674; x_wconf 78' lang='grc' dir='ltr'>φησὶν</span> 
     </span>
     <span class='ocr_line' id='line_1_21' title="bbox 68 1679 230 1721; baseline 0.012 -12"><span class='ocrx_word' id='word_1_190' title='bbox 68 1679 230 1721; x_wconf 71' lang='lat' dir='ltr'>11&gt;.xl.9-</span> 
     </span>
     <span class='ocr_line' id='line_1_22' title="bbox 72 1731 123 1755; baseline 0 -1"><span class='ocrx_word' id='word_1_191' title='bbox 72 1731 123 1755; x_wconf 84' lang='lat' dir='ltr'>II.</span> 
     </span>
    </p>
   </div>
   <div class='ocr_carea' id='block_1_11' title="bbox 291 1685 1881 2081">
    <p class='ocr_par' dir='ltr' id='par_1_13' title="bbox 291 1685 1881 2081">
     <span class='ocr_line' id='line_1_23' title="bbox 291 1685 1874 1755; baseline 0.001 -19"><span class='ocrx_word' id='word_1_192' title='bbox 291 1687 315 1736; x_wconf 86' lang='grc' dir='ltr'>ὀ</span> <span class='ocrx_word' id='word_1_193' title='bbox 354 1685 605 1753; x_wconf 84' lang='grc' dir='ltr'>προφήτης</span> <span class='ocrx_word' id='word_1_194' title='bbox 630 1686 841 1739; x_wconf 82' lang='grc' dir='ltr'>Ἠσαίας</span> <span class='ocrx_word' id='word_1_195' title='bbox 873 1694 898 1715; x_wconf 85' lang='lat'><strong>“</strong></span> <span class='ocrx_word' id='word_1_196' title='bbox 919 1688 1025 1737; x_wconf 78' lang='grc' dir='ltr'>Ἐπ’</span> <span class='ocrx_word' id='word_1_197' title='bbox 1054 1687 1161 1753; x_wconf 83' lang='grc' dir='ltr'>ὅρος</span> <span class='ocrx_word' id='word_1_198' title='bbox 1202 1687 1392 1755; x_wconf 76' lang='grc' dir='ltr'>ὑψηλὸν</span> <span class='ocrx_word' id='word_1_199' title='bbox 1428 1688 1633 1752; x_wconf 87' lang='grc' dir='ltr'>ἀνάβηθι</span> <span class='ocrx_word' id='word_1_200' title='bbox 1672 1690 1696 1738; x_wconf 88' lang='grc' dir='ltr'>ὁ</span> <span class='ocrx_word' id='word_1_201' title='bbox 1736 1689 1874 1754; x_wconf 80' lang='grc' dir='ltr'>εὐαγ-</span> 
     </span>
     <span class='ocr_line' id='line_1_24' title="bbox 292 1766 1880 1837; baseline 0.002 -20"><span class='ocrx_word' id='word_1_202' title='bbox 292 1774 318 1796; x_wconf 86' lang='grc'><strong>“</strong></span> <span class='ocrx_word' id='word_1_203' title='bbox 343 1766 638 1832; x_wconf 72' lang='grc' dir='ltr'>γελιζόμενος</span> <span class='ocrx_word' id='word_1_204' title='bbox 661 1767 798 1830; x_wconf 82' lang='grc' dir='ltr'>Σιὼν,</span> <span class='ocrx_word' id='word_1_205' title='bbox 818 1770 1022 1836; x_wconf 77' lang='grc' dir='ltr'>ὕψωσον</span> <span class='ocrx_word' id='word_1_206' title='bbox 1048 1773 1106 1836; x_wconf 85' lang='grc' dir='ltr'>τῇ</span> <span class='ocrx_word' id='word_1_207' title='bbox 1135 1769 1268 1836; x_wconf 82' lang='grc' dir='ltr'>ἰσχύϊ</span> <span class='ocrx_word' id='word_1_208' title='bbox 1291 1769 1377 1833; x_wconf 86' lang='grc' dir='ltr'>τὴν</span> <span class='ocrx_word' id='word_1_209' title='bbox 1397 1770 1561 1837; x_wconf 85' lang='grc' dir='ltr'>φωνὴν</span> <span class='ocrx_word' id='word_1_210' title='bbox 1581 1771 1605 1820; x_wconf 86' lang='grc' dir='ltr'>ὁ</span> <span class='ocrx_word' id='word_1_211' title='bbox 1633 1771 1880 1835; x_wconf 83' lang='grc' dir='ltr'>εὐαγγελι-</span> 
     </span>
     <span class='ocr_line' id='line_1_25' title="bbox 295 1847 1881 1918; baseline 0.003 -20"><span class='ocrx_word' id='word_1_212' title='bbox 295 1855 321 1877; x_wconf 80' lang='grc'><strong>“</strong></span> <span class='ocrx_word' id='word_1_213' title='bbox 347 1847 535 1913; x_wconf 78' lang='grc' dir='ltr'>ζόμενος</span> <span class='ocrx_word' id='word_1_214' title='bbox 557 1849 889 1914; x_wconf 81' lang='grc' dir='ltr'>Ἰερουσαλήμ·</span> <span class='ocrx_word' id='word_1_215' title='bbox 932 1850 1178 1918; x_wconf 82' lang='grc' dir='ltr'>ὑψώσατε,</span> <span class='ocrx_word' id='word_1_216' title='bbox 1204 1849 1269 1914; x_wconf 85' lang='grc' dir='ltr'>μὴ</span> <span class='ocrx_word' id='word_1_217' title='bbox 1297 1855 1543 1918; x_wconf 80' lang='grc' dir='ltr'>φοβεῖσθε·</span> <span class='ocrx_word' id='word_1_218' title='bbox 1585 1851 1682 1902; x_wconf 79' lang='grc' dir='ltr'>ἰδοὺ</span> <span class='ocrx_word' id='word_1_219' title='bbox 1709 1854 1733 1902; x_wconf 88' lang='grc' dir='ltr'>ὁ</span> <span class='ocrx_word' id='word_1_220' title='bbox 1759 1851 1881 1905; x_wconf 79' lang='grc' dir='ltr'>Θεὸς</span> 
     </span>
     <span class='ocr_line' id='line_1_26' title="bbox 292 1928 1881 2000; baseline 0.003 -22"><span class='ocrx_word' id='word_1_221' title='bbox 292 1936 320 1958; x_wconf 87' lang='grc'><strong>“</strong></span> <span class='ocrx_word' id='word_1_222' title='bbox 347 1931 491 1993; x_wconf 79' lang='grc' dir='ltr'>ὑμῶν,</span> <span class='ocrx_word' id='word_1_223' title='bbox 532 1928 631 1979; x_wconf 77' lang='grc' dir='ltr'>ἰδοὺ</span> <span class='ocrx_word' id='word_1_224' title='bbox 673 1929 847 1995; x_wconf 82' lang='grc' dir='ltr'>Κύριος</span> <span class='ocrx_word' id='word_1_225' title='bbox 886 1930 1003 1993; x_wconf 78' lang='grc' dir='ltr'>μετὰ</span> <span class='ocrx_word' id='word_1_226' title='bbox 1041 1930 1207 1998; x_wconf 77' lang='grc' dir='ltr'>ἰσχύος</span> <span class='ocrx_word' id='word_1_227' title='bbox 1246 1932 1447 1998; x_wconf 68' lang='grc' dir='ltr'>ἔρχεται,</span> <span class='ocrx_word' id='word_1_228' title='bbox 1492 1935 1566 1983; x_wconf 79' lang='grc' dir='ltr'>καὶ</span> <span class='ocrx_word' id='word_1_229' title='bbox 1606 1934 1630 1982; x_wconf 85' lang='grc' dir='ltr'>ὁ</span> <span class='ocrx_word' id='word_1_230' title='bbox 1669 1934 1881 2000; x_wconf 78' lang='grc' dir='ltr'>βραχίων</span> 
     </span>
     <span class='ocr_line' id='line_1_27' title="bbox 292 2010 1881 2081; baseline 0.003 -21"><span class='ocrx_word' id='word_1_231' title='bbox 292 2018 318 2040; x_wconf 88' lang='grc'><strong>“</strong></span> <span class='ocrx_word' id='word_1_232' title='bbox 344 2011 462 2073; x_wconf 80' lang='grc' dir='ltr'>μετὰ</span> <span class='ocrx_word' id='word_1_233' title='bbox 486 2011 662 2077; x_wconf 81' lang='grc' dir='ltr'>κυρίας·</span> <span class='ocrx_word' id='word_1_234' title='bbox 706 2010 804 2062; x_wconf 76' lang='grc' dir='ltr'>ἰδοὺ</span> <span class='ocrx_word' id='word_1_235' title='bbox 830 2013 854 2061; x_wconf 85' lang='grc' dir='ltr'><em>ὁ</em></span> <span class='ocrx_word' id='word_1_236' title='bbox 881 2012 1054 2074; x_wconf 82' lang='grc' dir='ltr'>μισθὸς</span> <span class='ocrx_word' id='word_1_237' title='bbox 1082 2014 1224 2063; x_wconf 83' lang='grc' dir='ltr'>αὐτοῦ</span> <span class='ocrx_word' id='word_1_238' title='bbox 1248 2014 1344 2076; x_wconf 91' lang='grc' dir='ltr'>μετ’</span> <span class='ocrx_word' id='word_1_239' title='bbox 1375 2015 1530 2076; x_wconf 79' lang='grc' dir='ltr'>αὑτοῦ,</span> <span class='ocrx_word' id='word_1_240' title='bbox 1559 2017 1635 2064; x_wconf 77' lang='grc' dir='ltr'>καὶ</span> <span class='ocrx_word' id='word_1_241' title='bbox 1661 2014 1715 2065; x_wconf 86' lang='grc' dir='ltr'>τὸ</span> <span class='ocrx_word' id='word_1_242' title='bbox 1742 2015 1881 2081; x_wconf 65' lang='grc' dir='ltr'>ἔργον</span> 
     </span>
    </p>
   </div>
   <div class='ocr_carea' id='block_1_12' title="bbox 292 2092 1880 2158">
    <p class='ocr_par' dir='ltr' id='par_1_14' title="bbox 292 2092 1880 2158">
     <span class='ocr_line' id='line_1_28' title="bbox 292 2092 1880 2158; baseline 0.003 -17"><span class='ocrx_word' id='word_1_243' title='bbox 292 2099 318 2121; x_wconf 85' lang='grc'><strong>“</strong></span> <span class='ocrx_word' id='word_1_244' title='bbox 345 2092 543 2142; x_wconf 81' lang='grc' dir='ltr'>ἐνώπιον</span> <span class='ocrx_word' id='word_1_245' title='bbox 570 2094 726 2143; x_wconf 81' lang='grc' dir='ltr'>αὐτοῦ.</span> <span class='ocrx_word' id='word_1_246' title='bbox 768 2095 830 2146; x_wconf 87' lang='grc' dir='ltr'>ὡς</span> <span class='ocrx_word' id='word_1_247' title='bbox 854 2094 1031 2157; x_wconf 82' lang='grc' dir='ltr'>ποιμὴν</span> <span class='ocrx_word' id='word_1_248' title='bbox 1056 2099 1280 2157; x_wconf 81' lang='grc' dir='ltr'>ποιμανεῖ</span> <span class='ocrx_word' id='word_1_249' title='bbox 1299 2093 1352 2145; x_wconf 81' lang='grc' dir='ltr'>τὸ</span> <span class='ocrx_word' id='word_1_250' title='bbox 1378 2095 1596 2158; x_wconf 90' lang='grc' dir='ltr'>ποίμνιον</span> <span class='ocrx_word' id='word_1_251' title='bbox 1622 2097 1777 2158; x_wconf 81' lang='grc' dir='ltr'>αὐτοῦ,</span> <span class='ocrx_word' id='word_1_252' title='bbox 1805 2098 1880 2147; x_wconf 83' lang='grc' dir='ltr'>καὶ</span> 
     </span>
    </p>
   </div>
   <div class='ocr_carea' id='block_1_13' title="bbox 292 2174 1880 2244">
    <p class='ocr_par' dir='ltr' id='par_1_15' title="bbox 292 2174 1880 2244">
     <span class='ocr_line' id='line_1_29' title="bbox 292 2174 1880 2244; baseline 0.004 -22"><span class='ocrx_word' id='word_1_253' title='bbox 292 2180 320 2202; x_wconf 83' lang='grc'><strong>“</strong></span> <span class='ocrx_word' id='word_1_254' title='bbox 347 2177 413 2241; x_wconf 73' lang='grc' dir='ltr'>τῷ</span> <span class='ocrx_word' id='word_1_255' title='bbox 447 2174 667 2240; x_wconf 81' lang='grc' dir='ltr'>βραχίονι</span> <span class='ocrx_word' id='word_1_256' title='bbox 702 2176 844 2225; x_wconf 80' lang='grc' dir='ltr'>αὐτοῦ</span> <span class='ocrx_word' id='word_1_257' title='bbox 880 2175 1077 2244; x_wconf 74' lang='grc' dir='ltr'>συνάξει</span> <span class='ocrx_word' id='word_1_258' title='bbox 1112 2175 1270 2242; x_wconf 73' lang='grc' dir='ltr'>ἄρνας,</span> <span class='ocrx_word' id='word_1_259' title='bbox 1299 2179 1375 2226; x_wconf 78' lang='grc' dir='ltr'>καὶ</span> <span class='ocrx_word' id='word_1_260' title='bbox 1401 2178 1449 2226; x_wconf 84' lang='grc' dir='ltr'>ἐν</span> <span class='ocrx_word' id='word_1_261' title='bbox 1474 2179 1650 2243; x_wconf 76' lang='grc' dir='ltr'>γαστρὶ</span> <span class='ocrx_word' id='word_1_262' title='bbox 1676 2176 1880 2244; x_wconf 84' lang='grc' dir='ltr'>ἐχούσας</span> 
     </span>
    </p>
   </div>
   <div class='ocr_carea' id='block_1_14' title="bbox 69 2249 1879 2327">
    <p class='ocr_par' dir='ltr' id='par_1_16' title="bbox 69 2249 1879 2327">
     <span class='ocr_line' id='line_1_30' title="bbox 69 2249 1879 2327; baseline 0.006 -29"><span class='ocrx_word' id='word_1_263' title='bbox 69 2249 121 2279; x_wconf 84' lang='lat' dir='ltr'>lb.</span> <span class='ocrx_word' id='word_1_264' title='bbox 132 2259 231 2280; x_wconf 80' lang='lat' dir='ltr'><strong>xxxv.</strong></span> <span class='ocrx_word' id='word_1_265' title='bbox 293 2261 321 2283; x_wconf 74' lang='lat'>‘⁶</span> <span class='ocrx_word' id='word_1_266' title='bbox 346 2254 717 2319; x_wconf 66' lang='grc' dir='ltr'>παρακαλε’σει.”</span> <span class='ocrx_word' id='word_1_267' title='bbox 770 2258 844 2306; x_wconf 78' lang='grc' dir='ltr'>καὶ</span> <span class='ocrx_word' id='word_1_268' title='bbox 868 2256 1018 2307; x_wconf 88' lang='grc' dir='ltr'>πάλιν</span> <span class='ocrx_word' id='word_1_269' title='bbox 1044 2265 1071 2287; x_wconf 82' lang='grc'><strong>“</strong></span> <span class='ocrx_word' id='word_1_270' title='bbox 1092 2258 1214 2308; x_wconf 86' lang='grc' dir='ltr'>Τότε</span> <span class='ocrx_word' id='word_1_271' title='bbox 1241 2257 1607 2325; x_wconf 88' lang='grc' dir='ltr'>ἀνοιχθήσονται</span> <span class='ocrx_word' id='word_1_272' title='bbox 1634 2260 1879 2327; x_wconf 77' lang='grc' dir='ltr'>ὀφθαλμοὶ</span> 
     </span>
    </p>
   </div>
   <div class='ocr_carea' id='block_1_15' title="bbox 70 2291 1880 2807">
    <p class='ocr_par' dir='ltr' id='par_1_17' title="bbox 70 2291 1880 2807">
     <span class='ocr_line' id='line_1_31' title="bbox 71 2291 760 2343; baseline 0.003 -19"><span class='ocrx_word' id='word_1_273' title='bbox 71 2300 100 2332; x_wconf 84' lang='lat'>5,</span> <span class='ocrx_word' id='word_1_274' title='bbox 120 2291 151 2324; x_wconf 93' lang='lat'>6.</span> <span class='ocrx_word' id='word_1_275' title='bbox 741 2334 760 2343; x_wconf 56' lang='lat'>,-</span> 
     </span>
     <span class='ocr_line' id='line_1_32' title="bbox 248 2338 1880 2406; baseline 0.005 -23"><span class='ocrx_word' id='word_1_276' title='bbox 248 2342 276 2382; x_wconf 87' lang='lat' dir='ltr'>d</span> <span class='ocrx_word' id='word_1_277' title='bbox 294 2342 321 2364; x_wconf 71' lang='lat'>‘⁶</span> <span class='ocrx_word' id='word_1_278' title='bbox 347 2339 558 2402; x_wconf 88' lang='grc' dir='ltr'>τυφλῶν,</span> <span class='ocrx_word' id='word_1_279' title='bbox 604 2338 680 2386; x_wconf 77' lang='grc' dir='ltr'>καὶ</span> <span class='ocrx_word' id='word_1_280' title='bbox 724 2342 822 2387; x_wconf 82' lang='grc' dir='ltr'>ώτα</span> <span class='ocrx_word' id='word_1_281' title='bbox 867 2342 1043 2406; x_wconf 90' lang='grc' dir='ltr'>κωφῶν</span> <span class='ocrx_word' id='word_1_282' title='bbox 1088 2339 1387 2397; x_wconf 86' lang='grc' dir='ltr'>ἀκούσονται,</span> <span class='ocrx_word' id='word_1_283' title='bbox 1434 2339 1538 2390; x_wconf 87' lang='grc' dir='ltr'>τότε</span> <span class='ocrx_word' id='word_1_284' title='bbox 1591 2340 1773 2390; x_wconf 80' lang='grc' dir='ltr'>ἀλεῖται</span> <span class='ocrx_word' id='word_1_285' title='bbox 1818 2342 1880 2393; x_wconf 87' lang='grc' dir='ltr'>ὡς</span> 
     </span>
     <span class='ocr_line' id='line_1_33' title="bbox 293 2415 1877 2486; baseline 0.004 -21"><span class='ocrx_word' id='word_1_286' title='bbox 293 2422 320 2444; x_wconf 85' lang='grc'><strong>“</strong></span> <span class='ocrx_word' id='word_1_287' title='bbox 345 2415 527 2484; x_wconf 78' lang='grc' dir='ltr'>ἐ’λαφος</span> <span class='ocrx_word' id='word_1_288' title='bbox 565 2418 590 2467; x_wconf 81' lang='grc' dir='ltr'>ὁ</span> <span class='ocrx_word' id='word_1_289' title='bbox 629 2416 802 2484; x_wconf 78' lang='grc' dir='ltr'>χωλὸς,</span> <span class='ocrx_word' id='word_1_290' title='bbox 835 2421 911 2470; x_wconf 77' lang='grc' dir='ltr'>καὶ</span> <span class='ocrx_word' id='word_1_291' title='bbox 949 2420 1094 2486; x_wconf 90' lang='grc' dir='ltr'>τρανὴ</span> <span class='ocrx_word' id='word_1_292' title='bbox 1133 2420 1268 2471; x_wconf 75' lang='grc' dir='ltr'>ἔσται</span> <span class='ocrx_word' id='word_1_293' title='bbox 1307 2425 1520 2485; x_wconf 86' lang='grc' dir='ltr'>γλῶσσα</span> <span class='ocrx_word' id='word_1_294' title='bbox 1558 2421 1877 2485; x_wconf 85' lang='grc' dir='ltr'>μογιλάλων.”</span> 
     </span>
     <span class='ocr_line' id='line_1_34' title="bbox 70 2488 1880 2571; baseline 0.004 -25"><span class='ocrx_word' id='word_1_295' title='bbox 70 2488 213 2569; x_wconf 48' lang='grc' dir='ltr'>ἲξῧέζῃι·</span> <span class='ocrx_word' id='word_1_296' title='bbox 293 2497 384 2563; x_wconf 72' lang='grc' dir='ltr'>ἐγώ</span> <span class='ocrx_word' id='word_1_297' title='bbox 423 2500 515 2564; x_wconf 79' lang='grc' dir='ltr'>εἰμί</span> <span class='ocrx_word' id='word_1_298' title='bbox 551 2502 688 2566; x_wconf 87' lang='grc' dir='ltr'>φησι,</span> <span class='ocrx_word' id='word_1_299' title='bbox 727 2502 833 2566; x_wconf 79' lang='grc' dir='ltr'>περὶ</span> <span class='ocrx_word' id='word_1_300' title='bbox 873 2500 925 2551; x_wconf 76' lang='grc' dir='ltr'>οὗ</span> <span class='ocrx_word' id='word_1_301' title='bbox 963 2500 1111 2551; x_wconf 85' lang='grc' dir='ltr'>πάλιν</span> <span class='ocrx_word' id='word_1_302' title='bbox 1149 2501 1415 2568; x_wconf 82' lang='grc' dir='ltr'>γέγραπται</span> <span class='ocrx_word' id='word_1_303' title='bbox 1454 2502 1526 2553; x_wconf 81' lang='grc' dir='ltr'>ὅτι</span> <span class='ocrx_word' id='word_1_304' title='bbox 1562 2509 1590 2532; x_wconf 85' lang='grc'><strong>“</strong></span> <span class='ocrx_word' id='word_1_305' title='bbox 1616 2502 1880 2571; x_wconf 74' lang='grc' dir='ltr'>Ἐξαίφνης</span> 
     </span>
     <span class='ocr_line' id='line_1_35' title="bbox 344 2663 1878 2714; baseline 0.005 -19"><span class='ocrx_word' id='word_1_306' title='bbox 344 2674 372 2696; x_wconf 93' lang='lat'>1.</span> <span class='ocrx_word' id='word_1_307' title='bbox 399 2663 509 2707; x_wconf 86' lang='grc' dir='ltr'>φησὶν</span> <span class='ocrx_word' id='word_1_308' title='bbox 526 2664 565 2698; x_wconf 83' lang='grc' dir='ltr'>οὐ</span> <span class='ocrx_word' id='word_1_309' title='bbox 582 2664 802 2702; x_wconf 79' lang='grc' dir='ltr'>πιστεύοντες</span> <span class='ocrx_word' id='word_1_310' title='bbox 818 2666 958 2701; x_wconf 84' lang='lat' dir='ltr'>inverso</span> <span class='ocrx_word' id='word_1_311' title='bbox 976 2667 1099 2701; x_wconf 76' lang='grc' dir='ltr'>οιᾶίηε</span> <span class='ocrx_word' id='word_1_312' title='bbox 1116 2679 1146 2701; x_wconf 89' lang='lat' dir='ltr'>a.</span> <span class='ocrx_word' id='word_1_313' title='bbox 1259 2680 1293 2713; x_wconf 85' lang='lat'>3.</span> <span class='ocrx_word' id='word_1_314' title='bbox 1320 2684 1386 2703; x_wconf 87' lang='grc' dir='ltr'>σου</span> <span class='ocrx_word' id='word_1_315' title='bbox 1403 2670 1441 2703; x_wconf 84' lang='grc' dir='ltr'>τὸ</span> <span class='ocrx_word' id='word_1_316' title='bbox 1459 2670 1558 2714; x_wconf 81' lang='grc' dir='ltr'>φῶς</span> <span class='ocrx_word' id='word_1_317' title='bbox 1550 2681 1610 2703; x_wconf 86' lang='lat' dir='ltr'>mv</span> <span class='ocrx_word' id='word_1_318' title='bbox 1613 2681 1690 2703; x_wconf 76' lang='lat' dir='ltr'>erso</span> <span class='ocrx_word' id='word_1_319' title='bbox 1707 2669 1830 2703; x_wconf 86' lang='lat' dir='ltr'><strong>ordine</strong></span> <span class='ocrx_word' id='word_1_320' title='bbox 1846 2681 1878 2704; x_wconf 81' lang='lat' dir='ltr'>a.</span> 
     </span>
     <span class='ocr_line' id='line_1_36' title="bbox 293 2708 1878 2759; baseline 0.006 -19"><span class='ocrx_word' id='word_1_321' title='bbox 293 2708 327 2740; x_wconf 88' lang='grc'>8.</span> <span class='ocrx_word' id='word_1_322' title='bbox 354 2708 558 2753; x_wconf 80' lang='grc' dir='ltr'>θεοπρεπῆ’</span> <span class='ocrx_word' id='word_1_323' title='bbox 542 2724 577 2744; x_wconf 89' lang='grc' dir='ltr'>εν</span> <span class='ocrx_word' id='word_1_324' title='bbox 595 2711 653 2744; x_wconf 85' lang='grc' dir='ltr'>σοὶ</span> <span class='ocrx_word' id='word_1_325' title='bbox 670 2726 723 2745; x_wconf 86' lang='grc' dir='ltr'>και</span> <span class='ocrx_word' id='word_1_326' title='bbox 744 2713 850 2746; x_wconf 82' lang='grc' dir='ltr'>πάλαι</span> <span class='ocrx_word' id='word_1_327' title='bbox 867 2712 972 2747; x_wconf 79' lang='lat' dir='ltr'>edidi.</span> <span class='ocrx_word' id='word_1_328' title='bbox 992 2714 1174 2758; x_wconf 87' lang='grc' dir='ltr'>θεοπρεπίν</span> <span class='ocrx_word' id='word_1_329' title='bbox 1193 2728 1258 2748; x_wconf 88' lang='grc' dir='ltr'>σου</span> <span class='ocrx_word' id='word_1_330' title='bbox 1281 2716 1334 2748; x_wconf 80' lang='grc' dir='ltr'>καὶ</span> <span class='ocrx_word' id='word_1_331' title='bbox 1356 2717 1461 2750; x_wconf 85' lang='grc' dir='ltr'>πάλαι</span> <span class='ocrx_word' id='word_1_332' title='bbox 1482 2716 1523 2750; x_wconf 89' lang='grc' dir='ltr'>Β.</span> <span class='ocrx_word' id='word_1_333' title='bbox 1543 2716 1712 2759; x_wconf 83' lang='grc' dir='ltr'>θεοπρεπῆ</span> <span class='ocrx_word' id='word_1_334' title='bbox 1735 2716 1878 2750; x_wconf 75' lang='grc' dir='ltr'>ἔκπαλαι</span> 
     </span>
     <span class='ocr_line' id='line_1_37' title="bbox 296 2752 1878 2807; baseline 0.007 -22"><span class='ocrx_word' id='word_1_335' title='bbox 296 2752 414 2787; x_wconf 77' lang='lat' dir='ltr'>Holst.</span> <span class='ocrx_word' id='word_1_336' title='bbox 437 2755 501 2789; x_wconf 87' lang='lat' dir='ltr'>Ed.</span> <span class='ocrx_word' id='word_1_337' title='bbox 647 2768 700 2792; x_wconf 93' lang='lat'>10.</span> <span class='ocrx_word' id='word_1_338' title='bbox 727 2758 766 2802; x_wconf 87' lang='grc' dir='ltr'>δὴ</span> <span class='ocrx_word' id='word_1_339' title='bbox 785 2759 886 2794; x_wconf 78' lang='grc' dir='ltr'>εἰπὼν</span> <span class='ocrx_word' id='word_1_340' title='bbox 906 2759 948 2793; x_wconf 87' lang='grc' dir='ltr'>Β.</span> <span class='ocrx_word' id='word_1_341' title='bbox 968 2760 1035 2794; x_wconf 86' lang='lat' dir='ltr'>Ed.</span> <span class='ocrx_word' id='word_1_342' title='bbox 1084 2761 1141 2794; x_wconf 88' lang='lat' dir='ltr'>An</span> <span class='ocrx_word' id='word_1_343' title='bbox 1161 2761 1319 2794; x_wconf 75' lang='grc' dir='ltr'>διειπὼνὲ</span> <span class='ocrx_word' id='word_1_344' title='bbox 1467 2773 1519 2807; x_wconf 85' lang='grc'><strong>13.</strong></span> <span class='ocrx_word' id='word_1_345' title='bbox 1546 2761 1742 2804; x_wconf 83' lang='grc' dir='ltr'>λούσασθε]</span> <span class='ocrx_word' id='word_1_346' title='bbox 1766 2766 1802 2802; x_wconf 64' lang='lat' dir='ltr'>-f-</span> <span class='ocrx_word' id='word_1_347' title='bbox 1824 2762 1878 2796; x_wconf 84' lang='grc' dir='ltr'>καὶ</span> 
     </span>
    </p>
   </div>
   <div class='ocr_carea' id='block_1_16' title="bbox 292 2798 1878 2946">
    <p class='ocr_par' dir='ltr' id='par_1_18' title="bbox 292 2798 1878 2946">
     <span class='ocr_line' id='line_1_38' title="bbox 295 2798 1878 2853; baseline 0.006 -22"><span class='ocrx_word' id='word_1_348' title='bbox 295 2798 360 2832; x_wconf 78' lang='lat' dir='ltr'>Ht.</span> <span class='ocrx_word' id='word_1_349' title='bbox 382 2799 448 2833; x_wconf 82' lang='lat' dir='ltr'>Ed.</span> <span class='ocrx_word' id='word_1_350' title='bbox 547 2802 685 2845; x_wconf 82' lang='grc' dir='ltr'>γινεσθε</span> <span class='ocrx_word' id='word_1_351' title='bbox 706 2803 768 2838; x_wconf 88' lang='lat' dir='ltr'>Ht.</span> <span class='ocrx_word' id='word_1_352' title='bbox 787 2805 853 2839; x_wconf 89' lang='lat' dir='ltr'>Ed.</span> <span class='ocrx_word' id='word_1_353' title='bbox 1059 2817 1112 2851; x_wconf 89' lang='lat'>19.</span> <span class='ocrx_word' id='word_1_354' title='bbox 1139 2806 1217 2851; x_wconf 82' lang='grc' dir='ltr'>ὅρος</span> <span class='ocrx_word' id='word_1_355' title='bbox 1234 2808 1373 2852; x_wconf 73' lang='grc' dir='ltr'>ὑψηλὸν</span> <span class='ocrx_word' id='word_1_356' title='bbox 1392 2808 1433 2842; x_wconf 89' lang='grc' dir='ltr'>Β.</span> <span class='ocrx_word' id='word_1_357' title='bbox 1451 2808 1550 2853; x_wconf 81' lang='grc' dir='ltr'>ὅρους</span> <span class='ocrx_word' id='word_1_358' title='bbox 1566 2809 1707 2852; x_wconf 78' lang='grc' dir='ltr'>ὑψηλου</span> <span class='ocrx_word' id='word_1_359' title='bbox 1727 2807 1790 2841; x_wconf 84' lang='lat' dir='ltr'>Ht.</span> <span class='ocrx_word' id='word_1_360' title='bbox 1810 2807 1878 2844; x_wconf 89' lang='lat' dir='ltr'>Ed.</span> 
     </span>
     <span class='ocr_line' id='line_1_39' title="bbox 294 2845 1877 2899; baseline 0.008 -23"><span class='ocrx_word' id='word_1_361' title='bbox 294 2855 348 2878; x_wconf 84' lang='lat'>20.</span> <span class='ocrx_word' id='word_1_362' title='bbox 374 2847 413 2887; x_wconf 87' lang='grc' dir='ltr'>τῇ</span> <span class='ocrx_word' id='word_1_363' title='bbox 432 2845 537 2880; x_wconf 84' lang='lat' dir='ltr'>edidi.</span> <span class='ocrx_word' id='word_1_364' title='bbox 555 2848 615 2890; x_wconf 85' lang='grc' dir='ltr'>τὴν</span> <span class='ocrx_word' id='word_1_365' title='bbox 633 2850 714 2892; x_wconf 81' lang='lat' dir='ltr'>(sic)</span> <span class='ocrx_word' id='word_1_366' title='bbox 735 2850 776 2884; x_wconf 88' lang='lat' dir='ltr'>B.</span> <span class='ocrx_word' id='word_1_367' title='bbox 796 2851 831 2884; x_wconf 83' lang='grc' dir='ltr'>ἐν</span> <span class='ocrx_word' id='word_1_368' title='bbox 850 2851 912 2886; x_wconf 84' lang='lat' dir='ltr'>Ht.</span> <span class='ocrx_word' id='word_1_369' title='bbox 933 2852 999 2887; x_wconf 89' lang='lat' dir='ltr'>Ed.</span> <span class='ocrx_word' id='word_1_370' title='bbox 1110 2863 1166 2897; x_wconf 86' lang='lat'>23·</span> <span class='ocrx_word' id='word_1_371' title='bbox 1193 2852 1310 2899; x_wconf 73' lang='grc' dir='ltr'>ἔργον]</span> <span class='ocrx_word' id='word_1_372' title='bbox 1336 2858 1372 2894; x_wconf 61' lang='lat'>4-</span> <span class='ocrx_word' id='word_1_373' title='bbox 1392 2855 1495 2888; x_wconf 79' lang='grc' dir='ltr'>αὐτοῦ</span> <span class='ocrx_word' id='word_1_374' title='bbox 1516 2854 1578 2888; x_wconf 90' lang='lat' dir='ltr'>Ht.</span> <span class='ocrx_word' id='word_1_375' title='bbox 1597 2854 1663 2888; x_wconf 92' lang='lat' dir='ltr'>Ed.</span> <span class='ocrx_word' id='word_1_376' title='bbox 1775 2853 1831 2888; x_wconf 86' lang='lat'>28.</span> <span class='ocrx_word' id='word_1_377' title='bbox 1858 2856 1877 2888; x_wconf 86' lang='grc' dir='ltr'>ὁ</span> 
     </span>
     <span class='ocr_line' id='line_1_40' title="bbox 292 2893 1819 2946; baseline 0.007 -23"><span class='ocrx_word' id='word_1_378' title='bbox 292 2896 514 2935; x_wconf 78' lang='lat' dir='ltr'>assumptum</span> <span class='ocrx_word' id='word_1_379' title='bbox 532 2904 571 2925; x_wconf 86' lang='lat' dir='ltr'>ex</span> <span class='ocrx_word' id='word_1_380' title='bbox 593 2893 634 2928; x_wconf 89' lang='lat' dir='ltr'>B.</span> <span class='ocrx_word' id='word_1_381' title='bbox 704 2897 902 2941; x_wconf 85' lang='grc' dir='ltr'>μογιλάλων</span> <span class='ocrx_word' id='word_1_382' title='bbox 920 2898 1056 2943; x_wconf 81' lang='lat' dir='ltr'>Migne.</span> <span class='ocrx_word' id='word_1_383' title='bbox 1073 2901 1299 2944; x_wconf 86' lang='grc' dir='ltr'>μονγηλάλων</span> <span class='ocrx_word' id='word_1_384' title='bbox 1318 2900 1359 2934; x_wconf 86' lang='grc' dir='ltr'>Β.</span> <span class='ocrx_word' id='word_1_385' title='bbox 1378 2900 1471 2934; x_wconf 88' lang='lat' dir='ltr'>unde</span> <span class='ocrx_word' id='word_1_386' title='bbox 1487 2901 1709 2946; x_wconf 85' lang='grc' dir='ltr'>μογγιλάλων</span> <span class='ocrx_word' id='word_1_387' title='bbox 1725 2900 1819 2934; x_wconf 80' lang='lat' dir='ltr'>Aub-</span> 
     </span>
    </p>
   </div>
   <div class='ocr_carea' id='block_1_17' title="bbox 1903 977 1951 1002">
    <p class='ocr_par' dir='ltr' id='par_1_19' title="bbox 1903 977 1951 1002">
     <span class='ocr_line' id='line_1_41' title="bbox 1903 977 1951 1002; baseline 0 0"><span class='ocrx_word' id='word_1_388' title='bbox 1903 977 1951 1002; x_wconf 92' lang='lat'>10</span> 
     </span>
    </p>
   </div>
   <div class='ocr_carea' id='block_1_18' title="bbox 1904 1381 1950 1420">
    <p class='ocr_par' dir='ltr' id='par_1_20' title="bbox 1904 1381 1950 1420">
     <span class='ocr_line' id='line_1_42' title="bbox 1904 1381 1950 1420; baseline 0 0"><span class='ocrx_word' id='word_1_389' title='bbox 1904 1381 1950 1420; x_wconf 89' lang='lat'>15</span> 
     </span>
    </p>
   </div>
   <div class='ocr_carea' id='block_1_19' title="bbox 1902 1793 1953 1820">
    <p class='ocr_par' dir='ltr' id='par_1_21' title="bbox 1902 1793 1953 1820">
     <span class='ocr_line' id='line_1_43' title="bbox 1902 1793 1953 1820; baseline 0.039 -2"><span class='ocrx_word' id='word_1_390' title='bbox 1902 1793 1953 1820; x_wconf 90' lang='lat'>20</span> 
     </span>
    </p>
   </div>
   <div class='ocr_carea' id='block_1_20' title="bbox 1902 2194 1951 2234">
    <p class='ocr_par' dir='ltr' id='par_1_22' title="bbox 1902 2194 1951 2234">
     <span class='ocr_line' id='line_1_44' title="bbox 1902 2194 1951 2234; baseline 0 0"><span class='ocrx_word' id='word_1_391' title='bbox 1902 2194 1951 2234; x_wconf 90' lang='lat'>25</span> 
     </span>
    </p>
   </div>
  </div>
 </body>
</html>
