1971 3272
67 123 122 164 ix.
142 138 209 179 33.
319 124 393 165 IN
435 125 478 166 S.
512 125 847 166 JOANNEM.
910 125 1035 165 LI'ss.
1064 125 1137 165 Vl.
1200 125 1334 164 CAP.
1370 124 1403 163 1.
1574 122 1654 162 193

164 234 472 301 Συναγορεύει
528 241 777 301 τοιγαροῦν
827 239 893 303 τῷ
953 237 1139 301 Σωτῆρι
1191 237 1392 301 Χριστῷ
1449 234 1524 282 καὶ
1581 230 1655 280 διιὶ

67 316 246 367 τούτων
279 318 304 367 ὁ
339 318 746 384 τεθεραπευμένος.
803 316 953 378 βλέπε
993 315 1040 366 δὲ
1077 316 1203 369 ὅπως
1239 317 1421 383 εὐφυῶς
1455 313 1536 363 τὸν
1571 315 1654 374 τῆς

68 398 356 463 συνηγορίας
395 399 633 468 ἐξυφαίνει
673 398 836 464 λόγον.
892 398 949 463 ἦν
979 398 1062 461 μὲν
1095 397 1186 464 γὰρ
1226 397 1370 450 ὅντως
1409 395 1693 459 ἐλευθέραςο

67 485 315 533 παντελῶς
360 482 629 547 παρῥησίας
672 485 827 543 εἰπεῖν,
874 480 943 531 ’ὅτι
996 483 1070 531 καὶ
1118 479 1363 532 Μωυσέως
1409 479 1484 528 καὶ
1528 500 1647 541 προ-

26 576 48 614 5
70 565 234 630 φητῶν
261 562 461 625 ἀμείνων
486 586 536 613 τε
566 566 640 614 καὶ
674 562 1043 632 διαφανέστερός
1074 564 1205 612 ἐστιν
1233 563 1256 611 ὁ
1284 559 1512 626 Χριστὸς,
1540 557 1650 608 ἀλλ’

66 643 125 708 ἧν
152 645 234 695 οὐκ
259 644 446 698 ἀπεικὸς
474 647 643 695 ἐννοεῖν
669 646 901 699 ἀλύοντας
936 647 1010 696 ἐπὶ
1045 646 1195 714 τούτῳ
1229 642 1336 696 τοὺς
1364 641 1653 707 Φαρισαίους

66 724 121 777 τὸ
147 726 232 790 μὲν
258 726 626 793 ἐπαγωνίζεσθαι
654 733 748 781 τοῖς
776 728 923 793 ἁγίοις
951 730 1012 781 ὡς
1041 726 1339 791 ὑβρισμένοις
1370 727 1649 791 προσποιεῖ-

67 813 183 860 σθαι
207 809 500 876 πανούργως,
527 809 804 879 εὐαφόρμως
832 809 880 860 δὲ
906 810 993 874 ἤδη
1021 813 1096 859 καὶ
1122 807 1334 874 κολάζειν
1361 809 1652 874 ἐπιχειρῆσαι

67 890 150 941 τὸν
195 891 460 958 ἄνθρωπον,
505 892 580 942 ἵνα
626 891 691 955 μὴ
739 892 828 958 ζῶν
874 895 949 942 καὶ
995 892 1226 958 ὁρώμενος
1272 888 1525 952 ὑπόμνημα
1571 890 1652 950 τῆς

0 992 46 1018 10
67 977 284 1040 Χριστοῦ
321 976 536 1042 φαίνοιτο
572 974 728 1043 δόξης,
761 977 835 1025 καὶ
871 973 1004 1024 εἰκὼν
1037 971 1199 1039 ὥσπερ
1236 996 1304 1025 τις
1339 974 1422 1035 τῆς
1457 969 1652 1033 ἐνούσης

66 1057 192 1125 αὐτῷ
243 1060 530 1123 θεοπρεποῦς
579 1056 815 1125 ἐξουσίας·
876 1055 951 1106 διὰ
999 1061 1137 1107 τοῦτο
1188 1057 1264 1106 καὶ
1314 1053 1399 1118 τὴν
1444 1055 1693 1104 ἐντεῦθενὶὶ
1725 1064 1808 1099 627
1822 1063 1877 1098 A.

67 1138 327 1189 ὑπεκνεύων
368 1138 528 1204 ὀργὴν,
571 1140 646 1189 καὶ
690 1144 791 1193 ταῖς
836 1139 1020 1189 ἐκείνων
1062 1137 1348 1205 μιαιφονίαις
1389 1134 1654 1186 ἀποκλείων

65 1219 152 1284 τὴν
177 1224 239 1274 εἷς
265 1220 318 1271 τὸ
344 1221 514 1287 πρόσω
545 1220 774 1286 πάροδον,
804 1223 878 1272 ἐπὶ
914 1220 968 1271 τὸ
1004 1219 1212 1271 καθόλου
1247 1220 1321 1269 καὶ
1356 1215 1655 1281 ἀσημότερον

65 1303 353 1369 παρατρέπει
403 1309 487 1354 τοῦ
537 1303 686 1369 λόγου
737 1302 820 1354 τὸν
863 1301 1062 1364 σκοπὸν,
1104 1306 1189 1352 Ἐκ
1241 1302 1314 1352 τοῦ
1365 1298 1514 1352 σιὶιῖνος
1564 1296 1653 1348 ὑπὸ

0 1399 46 1438 15
66 1384 262 1449 μηδενὸς
313 1383 367 1436 τὸ
418 1384 644 1451 παράπαν
695 1387 983 1451 γεγενῆσθαι
1034 1384 1189 1450 λέγων
1241 1382 1356 1448 ὅπερ
1408 1380 1654 1446 εἴργασται

66 1467 279 1533 Χριστὸς
331 1466 400 1518 ἐπ’
451 1468 594 1537 αὐτῷ.
673 1473 811 1518 τοῦτο
863 1465 910 1517 δὲ
958 1466 1015 1531 ἧν
1065 1466 1221 1531 ἕτερον
1274 1461 1654 1515 ὑποδεικνύοντος

67 1548 213 1612 οὐδὲν,
246 1548 274 1614 ἢ
314 1549 386 1600 ὅτι
423 1550 590 1616 μείζων
624 1549 847 1600 ἁπάντων
882 1551 957 1600 καὶ
995 1547 1318 1617 ἐπιδοξότερος
1358 1547 1382 1597 ὁ
1417 1543 1650 1611 Χριστὸς,

67 1632 92 1682 ὁ
126 1631 344 1697 τοιαύτην
377 1633 576 1682 ἐνοῦσαν
610 1633 736 1701 αὐτῷ
773 1631 860 1696 τήν
893 1655 941 1683 τε
983 1631 1179 1695 δύναμιν
1210 1632 1286 1680 καὶ
1325 1627 1547 1697 ἐξουσίαν
1579 1625 1655 1676 διὰ

65 1713 362 1778 πραγμάτων
411 1713 676 1777 ἐπιδεικνὺς,
728 1714 786 1778 ἢν
834 1713 1103 1782 πεφόρηκεν
1155 1713 1300 1765 οὐδεὶς
1359 1714 1453 1761 τῶν
1504 1708 1652 1774 ἁγίων

0 1816 48 1842 20
65 1795 272 1847 πώποτε.
329 1796 615 1864 καταστέφει
648 1802 900 1863 τοιγαροῦν
931 1796 1013 1847 τὸν
1047 1800 1211 1846 οἰκεῖον
1244 1793 1403 1861 ἰατρὸν
1438 1794 1496 1859 τῇ
1533 1790 1695 1842 κατάὶ)

64 1877 256 1928 πάντων
291 1880 513 1946 ὑπεροχῇ,
541 1879 707 1940 λαβὼν
738 1883 800 1932 εἰς
836 1878 1076 1947 ἀπόδειξιν
1113 1876 1166 1928 τὸ
1202 1882 1297 1930 τοῖς
1331 1875 1501 1941 ἑτέροις
1535 1872 1647 1937 ἀνή-

68 1960 206 2012 νυτόν
231 1982 279 2010 τε
308 1963 382 2010 καὶ
408 1961 760 2027 ἀνεπιχείρητον
786 1964 956 2024 θαῦμα,
977 1966 1116 2011 τοῦτο
1143 1957 1191 2009 δὲ
1217 1956 1273 2021 ἧν
1301 1958 1328 2020 ἡ
1356 1955 1654 2024 τυφλότητος

66 2041 321 2107 ἀνατροπή,

158 2184 203 2227 Εἰ
240 2186 296 2235 μή
337 2184 386 2228 ἦν
424 2184 548 2229 οὗτος
586 2187 703 2243 Παρὰ
743 2187 870 2238 Θεοῦ,
908 2187 983 2227 οὐκ
1022 2185 1208 2227 ἠδύνατο
1246 2181 1383 2224 Ποιεῖν
1422 2182 1559 2223 οὐδὲν.
1672 2191 1719 2225 33

0 2304 46 2343 ²5
138 2299 531 2372 ῖΟξυωπέστερος
576 2304 637 2355 εἷς
684 2301 910 2365 ἀλήθειαν
950 2305 1044 2350 τῶν
1086 2299 1161 2350 διὰ
1206 2298 1350 2361 νόμου
1395 2299 1645 2348 πεπαιδευ-

65 2383 216 2446 μένων
247 2384 272 2433 ὁ
308 2382 413 2449 ἄρτι
447 2382 658 2445 βλέπων,
691 2386 767 2433 καὶ
805 2386 888 2446 τῆς
927 2381 1124 2449 ἀρχαίας
1163 2380 1461 2449 τυφλότητος
1499 2400 1652 2443 παρα-

67 2464 215 2534 δόξως
266 2464 655 2531 ἀπηλλαγμένος·
717 2463 814 2516 ἰδοὺ
865 2464 959 2531 γὰρ
1011 2463 1110 2515 ἰδοὺ
1159 2467 1362 2515 πολλοῖς
1407 2462 1530 2526 ἄγαν
1576 2462 1690 2511 καὶο

119 2620 147 2643 Ι.
174 2607 371 2654 τοιγαροῦν]
391 2609 503 2643 τοίνυν
520 2621 550 2643 a.
646 2619 679 2654 5.
707 2610 801 2644 ἐστιν
818 2621 835 2643 e
855 2609 932 2643 Cat.
946 2615 985 2643 ut
1006 2607 1075 2642 vid.
1092 2607 1284 2651 assumpsit
1298 2606 1390 2640 Aub.
1489 2606 1521 2638 S.
1547 2603 1654 2647 διήθει

69 2655 111 2690 B.
132 2655 250 2689 Holst.
270 2656 305 2689 δέ
324 2656 385 2699 ἤδη
404 2655 602 2689 emendavit
620 2668 638 2689 e
658 2655 733 2690 Cat.
752 2662 790 2690 ut
808 2655 878 2690 vid.
898 2656 993 2689 Aub.
1184 2666 1216 2699 9.
1243 2654 1364 2695 μείζων
1383 2652 1424 2685 Β.
1446 2652 1509 2685 Ht.
1527 2651 1571 2694 μὴ
1591 2652 1654 2691 ζῶν

67 2702 264 2736 emendavit
282 2714 300 2735 e
315 2701 392 2736 Cat.
416 2702 514 2736 Harl.
528 2702 622 2736 Aub.
681 2701 755 2746 τῆς]
781 2706 817 2743 -ξ-
838 2704 898 2735 τοῦ
917 2701 984 2735 Ed.
1062 2711 1115 2735 10.
1141 2701 1298 2745 φαίνοιτο
1319 2699 1394 2731 Ena.
1413 2699 1556 2741 φάνοιτο
1576 2696 1652 2730 Cat.

71 2747 170 2783 Harl.
189 2748 332 2794 φέροιτο
350 2749 383 2791 (e
402 2748 535 2782 scribae
555 2748 749 2792 sphalmate
763 2750 790 2792 ?)
809 2748 904 2782 Aub.
1130 2757 1182 2780 12.
1209 2746 1398 2779 ἀποκλείων
1415 2757 1432 2778 e
1452 2744 1529 2777 Cat.
1552 2742 1652 2776 Harl.

68 2795 265 2829 emendavit
282 2795 377 2829 Aub.
395 2795 577 2829 ἀποκαλῶν
597 2795 637 2828 Β.
659 2794 722 2828 Ht.
843 2805 896 2839 13.
923 2794 1154 2836 εὐσημότερον
1172 2804 1202 2826 a.
1330 2803 1382 2835 15.
1410 2790 1587 2836 εἴργασται
1610 2789 1651 2822 Β.

71 2840 133 2875 Ht.
152 2842 337 2886 εἰργάσατο
356 2854 374 2875 e
393 2842 469 2875 Cat.
490 2847 528 2874 ut
548 2841 616 2875 vid.
637 2841 731 2875 Aub.
878 2851 932 2885 17.
959 2841 1056 2874 οὐδέν
1074 2839 1264 2884 assumpsit
1282 2850 1299 2872 e
1319 2838 1395 2871 Cat.
1416 2844 1455 2871 ut
1473 2837 1542 2871 vid.
1557 2836 1651 2870 Aub.

73 2887 126 2920 18.
153 2889 170 2921 ὁ
188 2900 258 2921 om.
276 2900 306 2922 a.
376 2887 501 2922 Statim
520 2887 690 2929 τοσαύτην
706 2899 736 2921 a.
924 2898 976 2932 19.
1002 2888 1198 2930 πεφόρηκεν
1215 2898 1244 2918 a.
1264 2885 1471 2929 ἐπεφόρεκεν
1491 2883 1533 2918 Β.
1552 2883 1652 2927 ε’μπε-

69 2935 218 2978 φόρηκεν
237 2934 300 2969 Ht.
320 2934 385 2969 Ed.
530 2946 585 2970 22.
613 2934 723 2978 θαῦμα
741 2940 965 2978 assumptum
984 2945 1024 2967 ex
1046 2933 1119 2967 ss.a.
1193 2931 1229 2977 ἡ]
1255 2936 1290 2972 -Ι-
1312 2932 1370 2975 τῆς
1387 2943 1416 2965 a.

126 3001 218 3029 VOL.
240 3002 288 3030 II.
845 3001 866 3028 C
889 3004 908 3028 C
