2001 3231
300 103 357 142 34
704 110 754 151 B.
786 110 1060 152 CYRILLI
1100 111 1480 152 ALEXANDR.
1717 106 1805 148 viii.
1824 104 1892 148 28.

262 214 329 278 εὴ
381 215 474 283 γὰρ
519 223 603 268 τοῦ
648 219 808 287 φωτὸς
857 219 1082 284 συστολή
1134 243 1184 271 τε
1230 222 1305 272 καὶ
1350 219 1654 288 ἀναχώρησις
1698 215 1894 269 σκοτίας

300 296 490 362 γένεσιν
527 305 661 364 ποιεῖ,
702 303 778 352 καὶ
822 302 971 353 πάλιν
1016 303 1043 365 ἡ
1084 308 1168 353 τοῦ
1210 301 1369 370 φωτὸς
1412 302 1654 368 παρουσία
1698 296 1895 351 σκοτίας

301 379 579 448 ἀφανισμὸν
620 382 874 450 ἐργάζεται.
948 385 1114 435 οὐκοῦν
1155 385 1481 436 ἀποδείκνυται
1526 388 1629 452 φῶς
1671 380 1897 448 ὑπάρχων

301 461 422 512 κατὰ
456 463 682 528 ἀλήθειαν
717 467 741 516 ὁ
778 464 1007 533 Χριστὸς,
1040 467 1272 520 σκοτίσας
1305 466 1390 530 μὲν
1414 466 1668 519 Ἰουδαίους
1703 463 1780 515 διὰ
1813 465 1897 526 τῆς

301 543 379 594 ἀπ’
408 545 562 596 αὐτῶν
588 547 918 611 ἀποστάσεως,
946 550 1288 617 καταφωτίσας
1318 548 1367 599 δὲ
1401 547 1460 599 τὰ
1486 548 1596 612 ε”θνη
1623 546 1698 598 διὰ
1724 548 1808 609 τῆς
1834 548 1895 598 εἷς
1916 559 1938 597 5

302 625 421 676 αὐτὰ
458 629 736 694 παρουσίας,
775 631 851 680 καὶ
889 628 1057 697 πικρὸν
1090 630 1287 695 μάθημα
1325 635 1420 684 τοῖς
1455 629 1696 683 Ἰουδαίοις
1734 628 1761 692 ἡ
1800 631 1896 678 τῶν

302 711 464 760 δεινῶν
496 709 663 776 γέγονε
697 716 850 778 πεῖρα.

81 868 227 903 519Α-
264 876 286 901 a
854 887 1041 916 AAAQ}
1084 888 1149 916 To
1192 887 1346 916 ΑΥΤο.

339 1011 476 1054 “Orous
515 1014 720 1064 ὑψώοΗτε
757 1016 830 1058 τὸν
870 1015 958 1060 υἱὸν
996 1021 1070 1058 τοῦ
1109 1017 1356 1075 ἀνθρώπου,
1393 1019 1491 1060 τότε
1529 1016 1743 1064 Γνὼσεσθε
1781 1017 1846 1058 ὅτι

987 1100 1075 1148 &soh
1113 1099 1211 1151 εἶμι.
1918 1103 1965 1127 ¹0

376 1207 599 1274 Ἐπείπερ
635 1212 696 1262 εἰς
732 1208 819 1274 τὴν
850 1210 1024 1277 σάρκα,
1052 1215 1217 1280 φησὶν,
1246 1215 1515 1282 ἀφορῶντες
1548 1210 1711 1276 μόνην,
1742 1208 1894 1279 ψιλὸν

302 1287 554 1354 ἄνθρωπον
589 1289 707 1342 εἶναί
740 1315 797 1354 με
835 1293 1094 1356 πιστεύετε,
1128 1297 1203 1345 καὶ
1241 1300 1335 1346 τῶν
1371 1294 1477 1346 καθ’
1511 1296 1630 1358 ὑμᾶς
1668 1292 1894 1361 ὑπάρχειν

302 1370 382 1420 ἕνα
427 1372 647 1438 νομίζετε,
688 1374 742 1424 τὸ
782 1374 830 1425 δὲ
868 1378 951 1439 τῆς
991 1376 1209 1441 θεότητος
1251 1377 1456 1446 ἀξίωμα,
1499 1378 1574 1427 καὶ
1615 1376 1642 1440 ἡ
1684 1377 1894 1426 ἐντεῦθεν

302 1452 436 1521 δόξα,
471 1454 571 1504 οὐδ’
613 1455 730 1507 ὅσον
769 1461 830 1510 εἷς
870 1463 980 1509 νοῦν
1019 1459 1172 1510 ἄνεισι
1210 1458 1293 1510 τὸν
1333 1461 1475 1522 ὑμῶν·
1522 1459 1657 1509 ε”σται
1696 1462 1893 1521 σημεῖον

303 1536 411 1598 ὑμῖν
446 1536 793 1602 ἐναργέστατον
819 1545 902 1590 τοῦ
937 1540 1057 1591 κατὰ
1091 1540 1316 1605 ἀλήθειαν
1349 1543 1398 1593 ἐκ
1431 1545 1556 1592 Θεοῦ
1584 1539 1708 1591 Θεὸν
1735 1539 1888 1605 ὑπάρ-
1917 1548 1964 1587 15

258 1628 402 1684 bxew
428 1617 521 1682 ἐμὲ,
549 1621 623 1670 καὶ
661 1625 763 1689 φῶς
797 1623 846 1672 ἐκ
883 1621 1055 1689 φωτὸς,
1083 1622 1137 1674 τὸ
1171 1624 1419 1675 πάνδεινον
1455 1625 1584 1686 ὑμῶν
1619 1624 1695 1673 καὶ
1730 1644 1887 1688 παρα-

302 1699 576 1762 νομώτατον
607 1701 846 1767 τόλμημα,
883 1705 1141 1767 τουτέστιν,
1180 1707 1204 1756 ὁ
1243 1705 1451 1772 σταυρός
1490 1707 1566 1756 καὶ
1605 1706 1630 1756 ὁ
1669 1705 1737 1755 ἐπ’
1767 1704 1893 1773 αὐτῷ

301 1783 385 1844 τῆς
425 1782 604 1848 σαρκὸς
644 1784 860 1840 θάνατος.
905 1787 1019 1837 ὅταν
1051 1788 1144 1853 γὰρ
1184 1789 1310 1852 ἴδητε
1347 1792 1431 1853 τῆς·
1469 1791 1645 1840 ἑαυτῶν
1671 1787 1893 1839 ἀπονοίας

302 1864 545 1929 ἄπρακτον
583 1865 666 1928 μὲν
705 1868 959 1932 γενομένην
996 1870 1082 1934 τὴν
1121 1870 1333 1933 ἔκβασιν,
1367 1869 1812 1936 συντεθραυσμένην
1843 1867 1893 1920 δὲ

303 1947 378 1995 καὶ
420 1945 506 2010 τὴν
550 1949 624 1998 ἐπὶ
674 1954 740 2018 τῷ
791 1950 980 2020 θανάτῳ
1031 1950 1208 2018 πάγην·
1271 1952 1650 2017 διαναστήσομαι
1699 1951 1792 2018 γὰρ
1842 1952 1892 2002 ἐκ
1915 1970 1966 1996 20

303 2033 494 2094 νεκρῶν·
552 2030 657 2081 τότε
696 2034 771 2082 καὶ
811 2034 899 2100 οὐχ
940 2030 1119 2087 ἑκόντες
1160 2036 1222 2088 ὡς·
1260 2035 1318 2103 ἐξ
1352 2033 1559 2100 ἀνάγκης
1598 2034 1686 2099 ἤδη
1723 2032 1895 2085 λοιπὸν

302 2109 609 2175 συνθήσεσθε
644 2118 740 2167 τοῖς
775 2114 885 2181 παρ’
914 2117 1025 2178 ἐμοῦ
1058 2114 1178 2181 πρὸς
1214 2118 1333 2179 ὑμᾶς
1358 2115 1583 2182 γεγονόσι
1609 2115 1788 2181 λόγοις,
1818 2114 1914 2166 καῖ’

304 2191 430 2242 Θεὸν
472 2191 586 2244 εἶναι
631 2195 748 2245 κατὰ
796 2195 945 2262 φύσιν
991 2197 1331 2263 ὁμολογήσετε.
1403 2198 1626 2264 κρείττων
1671 2195 1757 2259 μὲν
1799 2195 1893 2262 γὰρ

265 2295 287 2320 o
305 2273 474 2339 ἔσομαι
500 2274 704 2327 θανάτου
730 2279 803 2327 καὶ
832 2281 1032 2344 φθορᾶς,
1063 2281 1126 2332 ὡς
1153 2278 1202 2330 δὲ
1226 2278 1317 2346 ζωὴ
1345 2278 1464 2330 κατὰ
1491 2277 1640 2347 φύσιν
1668 2278 1893 2346 ὑπάρχων

303 2354 387 2408 τὸν
430 2356 542 2420 ἐμὸν
585 2359 848 2423 ἀναστήσω
895 2358 1022 2410 ναόν.
1094 2361 1204 2410 ἀλλ’
1253 2361 1380 2426 ε’ίπερ
1429 2362 1532 2411 ἐστὶ
1581 2360 1636 2411 τὸ
1687 2359 1892 2412 θανάτου
1914 2375 1963 2414 25

303 2443 489 2505 κρατεῖν
538 2442 616 2490 καὶ
665 2445 760 2490 τῶν
811 2443 893 2504 τῆς
944 2444 1127 2510 φθορᾶς
1181 2442 1639 2508 καταλαζονεύεσθαι
1697 2442 1892 2510 βρόχων

304 2524 413 2590 Θεῷ
445 2521 628 2588 πρέπον
655 2525 722 2591 τῷ
757 2520 877 2572 κατὰ
912 2522 1075 2591 φύσιν,
1103 2526 1178 2574 καὶ
1206 2525 1291 2592 οὐχ
1318 2525 1458 2594 ἑτέρῳ
1483 2529 1578 2575 τῶν
1605 2523 1754 2575 ὅντων
1780 2526 1889 2588 τινὶ,

303 2607 404 2657 πῶς
455 2604 509 2654 οὐ
559 2601 679 2654 κατὰ
729 2602 891 2668 πάσης
943 2604 1152 2656 ἐκποδὼν
1199 2606 1450 2671 γενομένης
1501 2607 1773 2672 ἀντιλογίας
1818 2608 1895 2657 καὶ

304 2685 480 2739 παντὸς
517 2687 800 2749 ἐνδοιασμοῦ
839 2687 1242 2754 ἀναδειχθήσομαι
1278 2686 1432 2739 πάντα
1472 2688 1548 2739 διὰ
1586 2695 1725 2740 τοῦτο
1764 2693 1896 2740 νικᾶν

352 2827 385 2862 5.
411 2818 635 2855 ὑποστάσεως
654 2820 695 2854 Β.
714 2819 912 2854 emendavit
931 2820 1051 2855 Holst.
1150 2830 1180 2866 7.
1209 2822 1326 2856 δεινῶν
1345 2821 1387 2857 Β,
1405 2822 1509 2857 ε’θνῶν
1524 2823 1587 2857 Ht.
1604 2822 1670 2856 Ed.
1772 2833 1824 2857 12.
1850 2838 1892 2867 με

304 2875 375 2898 om.
397 2864 438 2898 Β.
459 2865 563 2899 habet
581 2878 610 2900 a.
693 2868 858 2912 ὑπάρχειν
876 2867 918 2901 Β.
937 2868 1133 2911 ὑπάρχοντα
1155 2868 1217 2902 Ht.
1238 2868 1304 2903 Ed.
1453 2880 1506 2915 19.
1532 2869 1592 2913 τὴν
1609 2874 1831 2914 assumptum
1849 2881 1891 2904 ex

304 2909 404 2945 a.b.c.
426 2910 530 2945 Cord.
677 2923 730 2957 25.
757 2914 795 2947 τὸ
816 2914 857 2948 B.
876 2916 935 2948 τοῦ
956 2914 1018 2948 Ht.
1038 2914 1104 2949 Ed.
