2037 3266
302 180 313 191 .,
333 144 418 184 432
739 145 789 185 Β.
823 143 1099 185 CYRILLI
1141 143 1520 185 ALEXANDR.
1758 143 1840 183 xiv.
1864 154 1929 182 11.

337 251 496 318 πατήρ
522 254 655 304 ἐστιν
682 254 706 304 ὁ
736 253 921 320 Πατὴρ,
943 256 1017 304 καὶ
1045 255 1132 321 οὐχ
1156 253 1286 307 Υἱός·
1343 255 1418 304 καὶ
1445 252 1594 305 πάλιν
1621 251 1791 316 ὁμοίως
1816 251 1931 305 Υἱὸς

115 346 268 382 784Α.
300 334 363 384 ab
401 333 459 402 ἐξ
494 335 636 386 αὐτοῦ
681 338 757 387 καὶ
804 337 858 386 οὐ
904 334 1075 400 πατὴρ,
1115 336 1193 386 καὶ
1231 341 1416 399 πνεῦμα
1454 334 1508 386 τὸ
1550 339 1743 398 Πνεῦμα
1785 334 1927 387 ἰδίως·

338 416 451 466 ἀλλ’
481 420 543 471 εἷς
582 419 693 480 μίαν
734 416 954 481 θεότητος
993 416 1144 486 φύσιν
1183 418 1441 482 συνιούσης
1479 439 1528 467 τε
1567 419 1642 467 καὶ
1681 424 1930 481 συνειλεγ-

337 497 479 562 μένης
519 502 601 562 τῆς
641 500 778 565 ἁγίας
817 498 1037 564 Τριάδος,
1074 498 1137 552 εἷς
1176 497 1299 552 Θεὸς
1336 501 1384 549 ἐν
1423 499 1546 563 ἡμῖν,
1580 500 1655 549 καὶ
1695 498 1782 565 οὐχ
1820 496 1931 548 ὁλό-

339 586 519 646 κληρον
551 580 737 650 ἑκάστῳ
777 584 871 630 τῶν
902 579 1264 644 σημαινομένων
1301 581 1403 641 δοίη
1441 603 1510 633 τις
1550 579 1607 630 ἂν
1641 579 1727 644 τὴν
1761 581 1809 630 ἐκ
1848 584 1971 630 τοῦ5

340 663 499 729 ἑτέρου
525 662 671 729 τυχὸν
698 662 1035 730 ἀποφοίτησιν,
1062 662 1160 712 οὐδ’
1191 662 1490 729 ἀναχωρήσει
1520 666 1766 714 παντελῶς
1792 665 1852 714 εἷς
1877 659 1931 711 τὸ

339 742 453 795 εἶναι
488 745 857 811 μεμερισμένως·
902 745 1012 793 ἀλλ’
1042 742 1155 794 εἶναι
1186 743 1271 807 μὲν
1296 743 1499 794 ἕκαστον
1526 744 1656 794 τοῦθ’
1688 743 1802 808 ὅπερ
1828 744 1932 793 ἐστὶ

339 829 414 877 καὶ
454 826 818 889 κατωνόμασται
855 826 965 892 παρ’
996 825 1107 890 ἡμῖν
1144 824 1489 878 ἱδιοσυστάτως
1527 825 1827 889 πιστεύομεν.
1883 826 1932 875 ἐκ

340 907 387 958 δὲ
431 915 515 959 τοῦ
564 908 756 974 Πατρός
802 907 915 958 ὅντα
961 905 1044 958 τὸν
1078 907 1211 970 Υιὸν,
1248 907 1507 969 τουτέστιν,
1548 909 1596 957 ἐκ
1640 910 1722 971 τῆς
1767 905 1932 960 οὐσίας

340 991 499 1052 αὐτοῦ,
535 990 592 1059 ἐξ
627 992 768 1041 αὑτοῦ
807 1012 855 1040 τε
894 993 1143 1056 προελθεῖν
1182 989 1409 1056 ἀῤῥήτως,
1444 991 1492 1040 ἐν
1527 990 1652 1058 αὐτῷ
1691 1011 1741 1039 τε
1778 987 1932 1051 μένειν
1954 1007 2004 1034 10

295 1074 601 1136 ὓέννοοῦμεν.
683 1072 765 1123 τὸν
817 1071 865 1122 δὲ
917 1070 1060 1122 αὐτὸν
1111 1072 1289 1138 τρόπον
1340 1074 1417 1122 καὶ
1471 1073 1577 1137 περὶ
1632 1077 1714 1122 τοῦ
1764 1071 1932 1135 ξΑγίου

341 1154 635 1216 Πνεύματος.
702 1155 804 1204 ε”στι
843 1152 927 1217 μὲν
965 1152 1059 1219 γὰρ
1099 1154 1147 1204 ἐκ
1181 1158 1306 1204 Θεοῦ
1344 1159 1427 1204 τοῦ
1466 1153 1586 1204 κατὰ
1625 1152 1775 1222 φύσιν
1813 1153 1930 1216 ἀλη-

339 1241 446 1299 θῶς,
473 1237 585 1287 ἀλλ’
615 1234 875 1298 οὐδαμόθεν
899 1235 1242 1301 μεμερισμένον
1268 1238 1350 1299 τῆς
1381 1236 1545 1289 οὐσίας
1578 1236 1734 1297 αὐτοῦ,
1760 1232 1931 1298 προϊὸν

339 1318 387 1370 δὲ
425 1323 616 1381 μᾶλλον
648 1318 704 1385 ἐξ
740 1319 898 1381 αὐτοῦ,
925 1320 1000 1368 καὶ
1040 1320 1087 1368 ἐν
1119 1319 1244 1386 αὐτῷ
1282 1318 1422 1381 μένον
1453 1319 1537 1368 ἀεί·
1581 1315 1931 1384 χορηγούμενον

340 1399 389 1451 δὲ
417 1406 512 1454 τοῖς
540 1401 691 1466 ἁγίοις
719 1400 794 1450 διὰ
820 1403 1057 1465 Χριστοῦ·
1100 1397 1256 1450 πάντα
1282 1399 1374 1465 γὰρ
1402 1400 1455 1450 δι’
1475 1403 1594 1450 Υὶοῦ
1622 1401 1668 1449 ἐν
1687 1397 1928 1461 Πνεύματι
1953 1418 2000 1456 15

339 1482 503 1551 Ἀγῖῳ.
555 1482 731 1546 ταύτην
759 1483 878 1546 ἡμᾶς
914 1480 999 1545 τὴν
1026 1486 1121 1531 τῶν
1147 1481 1398 1547 δογμάτων
1425 1479 1658 1547 ὀρθότητα
1694 1482 1769 1530 καὶ
1805 1478 1927 1543 ἀλή-

340 1568 470 1615 θειαν
494 1564 704 1632 ἐδίδαξεν
735 1564 762 1627 ἡ
798 1567 891 1614 τῶν
924 1564 1070 1628 ἁγίων
1096 1563 1313 1629 πατέρων
1338 1563 1551 1616 σύνεσις·
1594 1564 1715 1613 οὕτω
1753 1582 1924 1612 πεπαι-

341 1646 542 1709 δεύμεθα
587 1650 754 1696 λαλεῖν
799 1668 847 1695 τε
894 1647 970 1695 καὶ
1018 1649 1209 1713 φρονεῖν
1255 1647 1331 1695 καὶ
1376 1644 1431 1695 δι’
1473 1646 1627 1696 αὐτῶν
1664 1649 1759 1695 τῶν
1798 1647 1931 1708 ἱερῶν

302 1752 323 1778 e
341 1727 648 1794 γραμμάτων·
692 1727 764 1778 ὅτι
791 1726 839 1777 δὲ
867 1728 975 1777 λίαν
1002 1728 1151 1793 ὀρθῶς
1187 1728 1260 1777 ἐπὶ
1298 1726 1472 1790 ταύτην
1498 1727 1599 1790 ἴμεν
1624 1725 1709 1790 τὴν
1735 1724 1925 1776 ἀλοιδό-

339 1833 483 1876 ρητον
518 1811 697 1872 πίστιν,
734 1807 1090 1875 παραθαρσύνει
1130 1808 1285 1874 λέγων
1321 1809 1345 1858 ὁ
1391 1807 1563 1875 Κύριος
1599 1810 1829 1859 Πιστεύετε
1867 1806 1928 1858 ’ὄτι
1952 1831 2002 1856 20

339 1892 428 1960 ἐγὼ
456 1894 492 1945 ἐν
518 1898 578 1964 τῷ
607 1898 745 1961 Πατρὶ
777 1896 854 1943 καὶ
885 1897 901 1942 o‘
932 1889 1082 1960 Πατὴρ
1111 1887 1155 1941 δὲ
1184 1892 1220 1942 ἐν
1249 1891 1356 1958 ἐμοί.

641 2051 685 2093 Εἰ
725 2052 769 2094 δὲ
808 2052 880 2103 μή,
918 2051 986 2092 διὰ
1026 2052 1076 2093 τὰ
1114 2051 1217 2108 ἕρΓα
1257 2052 1364 2093 αὐτὰ
1403 2051 1641 2093 Πιστεύετε.

415 2165 689 2235 Διαρῥήδην
720 2165 813 2232 γὰρ
849 2167 897 2216 ἐν
928 2164 1111 2219 τούτοις
1147 2167 1311 2231 φησὶν,
1340 2167 1402 2219 ὡς
1437 2165 1537 2216 οὐδ’
1563 2163 1624 2214 ἂν
1649 2163 1925 2230 ἐργάσαιτο,

340 2251 439 2300 οὐδ’
468 2247 525 2299 ἂν
551 2248 778 2317 ἐξανύσαι
804 2247 997 2298 πώποτε
1024 2246 1083 2297 τὰ
1109 2247 1229 2315 μόνῃ
1264 2251 1322 2313 τῇ
1359 2247 1459 2315 θείᾳ
1493 2245 1734 2312 πρέποντα
1759 2245 1924 2313 φύσει,

340 2330 405 2395 μὴ
442 2332 544 2398 οὐχὶ
582 2328 701 2380 κατὰ
737 2328 887 2397 φύσιν
918 2327 1143 2394 ὑπάρχων
1175 2330 1251 2379 καὶ
1285 2328 1342 2396 ἐξ
1373 2329 1531 2391 αὐτῆς.
1587 2328 1663 2377 καὶ
1699 2326 1786 2392 ὅρα
1819 2330 1926 2389 μεθ’
1951 2338 2000 2376 25

342 2412 462 2477 ὅσης
501 2410 771 2479 ἀσφαλείας
805 2432 854 2460 τε
892 2410 1010 2473 ὁμοῦ
1051 2411 1126 2459 καὶ
1167 2410 1390 2474 ἀληθείας
1427 2408 1488 2460 τὰ
1524 2407 1718 2459 τοιαῦτά
1755 2412 1923 2477 φησιν.

298 2506 324 2548 d
343 2496 396 2546 οὐ
430 2493 524 2560 γὰρ
559 2493 615 2562 ἐξ
646 2491 710 2543 ῶν
745 2490 802 2542 ἂν
835 2491 982 2556 λέγοι,
1008 2497 1242 2542 τοσοῦτον
1268 2491 1397 2560 ἀξιοῖ
1428 2490 1755 2552 πιστεύεσθαι,
1780 2489 1928 2540 καίτοι

340 2578 606 2646 ψεύδεσθαι
649 2573 714 2639 μὴ
760 2571 905 2635 εἰδὼς,
945 2571 1064 2623 ὅσον
1102 2573 1159 2642 ἐξ
1200 2571 1266 2624 ῶν
1308 2575 1489 2641 ἐνεργῇ.
1557 2573 1632 2623 καὶ
1675 2569 1750 2622 διὰ
1789 2570 1928 2622 ποίαν

341 2659 506 2720 αἰτίαν,
532 2658 634 2723 ἐρῶ.
691 2654 855 2721 λόγοις
892 2653 978 2719 μὲν
1013 2653 1107 2721 γὰρ
1147 2656 1222 2706 καὶ
1261 2654 1443 2722 ῥήμασι
1481 2658 1576 2707 τοῖς
1615 2652 1928 2718 θεοπρεπέσιν

340 2741 699 2807 ἀποκεχρῆσθαι
734 2735 892 2804 τυχὸν,
919 2736 1000 2786 καί
1030 2758 1074 2787 τι
1111 2740 1206 2787 τῶν
1229 2734 1577 2806 ῥιψοκινδύνων
1603 2738 1761 2796 εἰπεῖν,
1793 2735 1925 2799 ἀνδρὶ
1947 2749 1997 2785 30

387 2909 420 2938 4.
449 2897 549 2931 Forte
568 2895 756 2930 delendum
775 2895 820 2928 ἐν.
1008 2901 1093 2936 7-—21
1116 2894 1197 2928 citat
1216 2906 1251 2939 p.
1443 2905 1498 2928 21.
1525 2893 1561 2926 δὲ
1580 2896 1800 2935 assumptum
1820 2902 1861 2924 ex
1881 2890 1923 2925 E.

340 2941 435 2987 ἐμοί]
460 2947 495 2983 «Ι»
518 2943 613 2977 ἐστιν
631 2955 664 2987 p.
810 2951 865 2975 22.
892 2939 1088 2985 πιστεύετε]
1114 2945 1148 2981 -Ι-
1170 2955 1227 2984 μοι
1248 2940 1314 2974 Ed.
1460 2951 1515 2983 29.
1541 2941 1633 2984 λόγῳ
1653 2938 1693 2972 E.
