2022 3272
103 152 254 191 xv.24.
351 140 423 181 IN
466 141 508 182 S.
543 141 880 182 ιΙΟΑΝΝΕΜ.
946 142 1067 182 LIB.
1104 143 1155 182 X.
1219 144 1352 185 CAP.
1391 143 1446 183 ΙΙ.
1605 142 1687 181 603

103 250 179 299 καὶ
208 253 305 303 τοῖς
337 248 411 300 διὰ
446 251 693 304 Μωυσέως
733 252 1122 315 τεθεσπισμένοις
1161 251 1215 302 τὸ
1254 255 1423 320 χρῆναι
1464 256 1594 302 νικᾶν
1621 251 1690 300 ἀεὶ

102 330 407 398 χαριζόμενοι,
435 332 629 397 γνήσιοί
657 355 777 386 τινες
811 336 894 396 τῆς
930 337 996 395 εἷς,
1020 333 1145 384 Θεὸν
1170 333 1359 400 ἀγάπης
1394 336 1690 400 εὑρίσκονται

103 411 329 481 φύλακες.
384 409 470 465 ἔδει
509 420 758 479 τοιγαροῦν
788 413 842 465 τὸ
875 414 959 478 μὲν
985 416 1033 465 ἐν
1059 416 1243 469 ἐκείνοις
1283 419 1455 466 εἰκαῖον
1482 415 1690 484 ἀποφαί-

103 498 269 545 νεσθαι
317 496 534 564 φύσημα,
582 501 748 560 μαθεῖν
794 496 841 547 δὲ
889 494 975 560 τὴν
1021 497 1304 561 οἰκουμένην,
1351 500 1421 548 ὅτι
1466 502 1563 550 τοῖς
1607 503 1690 547 τοῦ

59 591 81 628 5
105 580 322 644 Σωτῆρος
362 577 701 647 ἀντεξάγοντες
740 578 911 642 νόμοις,
938 578 1058 646 πρὸς
1097 579 1366 645 ὁλόκληρον
1406 577 1570 645 ὥσπερ
1605 579 1729 643 τὴνῐι
1756 592 1844 627 907
1862 590 1913 625 A.

101 661 231 711 θείαν
264 661 427 728 ε”χουσι
467 661 618 728 φύσιν
652 661 941 728 ὑβρισμένην
980 663 1029 712 ἐν
1059 665 1174 730 Υὶῷ,
1216 661 1292 713 διὰ
1326 665 1410 726 τῆς
1447 665 1690 728 παρακοῆς

101 745 178 794 καὶ
215 746 299 807 τῆς
329 745 450 795 οὕτω
485 748 667 811 μακρᾶς
705 746 781 795 καὶ
821 744 1196 812 ἀπροφασίστου
1235 745 1404 796 λοιπὸν
1441 745 1690 806 ἀπειθείας,

100 824 159 889 ἢν
185 826 239 876 οὐ
274 825 420 888 μόνον
445 828 600 880 ἱδικῶς
625 831 687 879 εἷς
721 824 775 877 τὸ
811 831 978 877 οἰκεῖον
1002 829 1321 878 ἐπιτελεῖσθαι
1352 826 1616 894 πρόσωπον
1642 827 1692 877 εὖ

100 906 235 970 μάλα
273 908 619 975 διισχυρίζεται,
654 907 785 959 ἀλλὰ
824 910 899 959 καὶ
939 911 988 959 ἐν
1021 914 1118 963 τοῖς
1160 907 1243 960 τὸν
1285 909 1400 976 ὑπὲρ
1433 911 1576 960 αὐτοῦ
1615 910 1691 959 καὶ

33 1007 81 1032 10
101 989 156 1040 δι’
185 989 327 1041 αὐτὸν
359 990 684 1056 πρεσβεύουσι
721 989 888 1056 λόγον.
946 990 1179 1058 θεομάχος
1217 992 1298 1043 οὖν
1324 992 1416 1059 ἄρα
1449 994 1524 1042 καὶ
1551 993 1685 1057 ὑβρι-

99 1071 234 1136 στὴς,
275 1073 350 1123 καὶ
388 1072 507 1139 πρὸς
548 1072 666 1136 ὅλην
704 1072 825 1140 ἔχων
866 1071 952 1137 τὴν
990 1072 1194 1140 ὀίῤῥητόν
1233 1096 1284 1124 τε
1324 1076 1400 1125 καὶ
1436 1074 1690 1143 ἄφραστον

100 1154 264 1223 φύσιν,
305 1155 330 1205 ὁ
370 1156 445 1205 καὶ
490 1154 646 1208 αὐτοῖς
690 1159 785 1208 τοῖς
832 1155 981 1220 ἁγίοις
1023 1154 1316 1209 ἀποστόλοις
1361 1155 1690 1222 ἀντιπράττειν

1754 1233 1855 1264 2C0r.

100 1238 358 1303 ἐπιχειρῶν.
406 1236 689 1303 κηρύττουσι
715 1236 810 1303 γὰρ
836 1238 924 1305 οὐχ
947 1237 1150 1300 ἑαυτοὺς,
1179 1237 1310 1289 ἀλλὰ
1335 1239 1417 1290 τὸν
1440 1242 1534 1290 τῶν
1562 1238 1689 1289 ὅλων
1707 1248 1733 1287 b
1751 1277 1794 1307 iv.
1807 1285 1836 1316 5-

102 1317 227 1370 Θεὸν
253 1321 329 1370 καὶ
358 1319 550 1386 Κύριον,
577 1318 795 1370 τουτέστι
821 1318 1053 1386 Χριστόν.

35 1508 79 1547 15
105 1495 149 1537 Εἰ
193 1498 243 1538 τὰ
287 1496 388 1554 &ps-0(
434 1499 488 1546 μή
534 1498 717 1541 &nomm
761 1500 806 1540 ἐν
850 1499 992 1542 αὐτοῖς
1036 1501 1061 1542 οἳ
1109 1499 1257 1549 μΗὸεἰο
1300 1500 1432 1540 ἄλλος
1475 1498 1688 1550 ἐτῐοιἨσεν,
1711 1513 1758 1546 24

168 1580 379 1638 ἁμαρτίαν
418 1582 493 1622 οὐκ
531 1579 715 1638 εἴχοσαν·
769 1583 857 1624 νυνὶ
896 1583 941 1625 δὲ
980 1584 1048 1625 καὶ
1079 1585 1299 1640 ἑωράκασι
1332 1583 1400 1624 καὶ
1433 1583 1691 1631 μεμισήκαοι

169 1664 237 1706 καὶ
274 1664 347 1714 ἐμὲ
388 1664 456 1706 καὶ
492 1666 565 1707 τὸν
603 1666 775 1723 Πατέρα
813 1682 908 1714 μου.

176 1778 364 1830 Οὐδένα
404 1785 501 1834 τοῖς
539 1779 783 1833 Ἰουδαίοις
823 1785 1188 1850 περιλελεῖφθαι
1230 1780 1380 1848 λόγον
1425 1785 1487 1835 εἰς
1526 1780 1580 1831 τὸ
1622 1779 1688 1844 μὴ

100 1863 268 1927 χρῆναι
306 1860 592 1927 κολάζεσθαι
631 1864 706 1912 καὶ
737 1867 834 1916 τοῖς
872 1863 1148 1927 ἀνηκέστοις
1182 1868 1470 1929 περιπεσεῖν,
1503 1864 1578 1914 καὶ
1613 1861 1688 1912 διὰ

32 1969 81 1995 20
101 1944 279 1994 τούτων
307 1943 438 1994 οὐδὲν
462 1944 604 2008 ἧττον
630 1944 871 2011 ἀπέφηνεν
899 1945 923 1994 ὁ
950 1944 1184 2011 Χριστός.
1234 1946 1449 2014 φαίνεται
1475 1945 1567 2011 γὰρ
1593 1948 1688 1994 τῶν
1706 1960 1728 1987 0

101 2029 164 2078 εἷς
199 2024 432 2094 ὠφέλειαν
458 2024 722 2077 τελούντων
747 2027 1041 2080 ἐλλελοιπὼς
1070 2027 1215 2090 οὐδὲν,
1244 2026 1393 2092 λόγου
1423 2027 1506 2090 μὲν
1533 2028 1689 2080 αὐτοῖς

100 2106 445 2173 παρατεθέντος
482 2112 678 2174 μακροῦ,
716 2109 770 2158 δι’
804 2108 948 2174 οὗπερ
988 2108 1045 2172 ἦν
1085 2112 1159 2159 καὶ
1198 2110 1331 2172 μάλα
1370 2110 1538 2178 ῥᾳδίως
1578 2108 1689 2159 ἱέναι

100 2187 220 2254 πρὸς
258 2190 513 2255 σωτηρίαν,
539 2188 947 2256 παραδειχθέντων
987 2190 1035 2241 δὲ
1069 2193 1145 2241 καὶ
1173 2190 1439 2254 θαυμάτων,
1468 2190 1497 2241 ἃ
1522 2189 1690 2254 μήπως

110 2294 180 2326 τις
217 2275 312 2322 τῶν
353 2273 401 2322 ἐν
441 2270 608 2341 κόσμῳ
648 2271 875 2323 τεθέαται.
932 2273 1001 2326 τίς
1039 2272 1132 2339 γὰρ
1163 2277 1258 2324 τῶν
1288 2274 1435 2338 ἁγίων
1474 2277 1569 2326 τοῖς
1607 2277 1690 2322 τοῦ

33 2380 80 2417 25
104 2352 325 2419 Σωτῆρος
356 2352 602 2417 ἡμιλλήθη
634 2352 909 2417 θαύμασιν,
954 2353 1054 2405 εἶτα
1088 2361 1319 2406 τοσοῦτον
1346 2352 1690 2424 ἀφεστηκότων

102 2441 185 2485 τοῦ
224 2434 474 2501 θαυμάζειν
499 2435 641 2485 αὐτὸν
668 2437 895 2499 ἐθελῆσαι
934 2441 1028 2487 τῶν
1054 2438 1294 2488 Ἰουδαίων
1321 2440 1383 2491 ὡς
1419 2440 1494 2487 καὶ
1533 2441 1690 2499 μισεῖν

103 2516 298 2567 ἑλέσθαι
336 2521 527 2578 μᾶλλον
565 2517 622 2584 ἐξ
656 2518 851 2568 ἀνοσίου
891 2519 1097 2584 γνώμης,
1137 2508 1237 2572 πως
1272 2520 1326 2570 οὐ
1361 2518 1597 2585 δυσαχθές
1635 2516 1688 2567 τὸ

103 2603 197 2648 τῶν
224 2595 536 2663 ἐγκλημάτων
562 2599 758 2666 φορτίον
785 2600 940 2653 αὐτοῖς
976 2601 1288 2663 ἐπικείσεται,
1332 2599 1389 2663 ἧν
1415 2600 1507 2665 γὰρ
1539 2598 1688 2662 δήπου
1707 2610 1734 2650 d

102 2678 157 2730 τὸ
183 2678 311 2730 πολύ
348 2701 392 2729 τι
431 2683 639 2744 κρεῖττον
666 2682 741 2730 καὶ
772 2681 973 2742 ἄμεινον,
1000 2681 1115 2745 μήτε
1156 2681 1317 2746 λόγων
1343 2680 1509 2734 αὐτοὺς
1547 2681 1688 2731 ἐπακ-

0 2791 2 2827 4
35 2793 84 2829 30
103 2764 307 2827 ροᾶσθαι
333 2764 525 2828 σοφῶν,
555 2759 671 2823 μήτε
698 2760 791 2825 μὴν
817 2765 899 2825 τῆς
936 2764 1081 2815 οὕτως
1118 2763 1320 2829 ἀῤῥήτου
1356 2763 1689 2828 τερατουργίας

0 2832 2 2861 r

153 2909 185 2942 8.
214 2909 325 2943 ῖδικῶς
344 2908 384 2941 Ε.
405 2908 534 2942 εἰδικῶς
554 2907 620 2941 Ed.
723 2918 775 2952 15.
803 2907 962 2951 ἐποίησεν
981 2908 1021 2941 E.
1040 2909 1221 2951 πεποίηκεν
1240 2908 1306 2942 Ed.
1408 2908 1459 2941 16.
1487 2908 1628 2953 εἴχοσαν
1647 2908 1688 2943 Ε.

107 2953 199 3000 εἶχον
218 2955 283 2989 Ed.
338 2954 461 2989 Statim
481 2955 550 2989 νυνὶ
570 2954 610 2989 Ε.
630 2956 687 2988 νῦν
707 2954 770 2988 Ed.
924 2964 977 2999 25.
1005 2957 1170 2989 τοσοῦτον
1191 2956 1230 2989 E.
1252 2956 1385 3000 Migne.
1406 2955 1578 2989 τοσούτων
1596 2955 1689 2988 Aub.

839 3022 964 3059 ,ιιι-7,
