2037 3266
336 111 355 132 ε’

334 111 418 149 ο88
737 111 786 151 Β.
821 110 1092 151 CYRILLI
1133 111 1517 152 ALEXANDR.
1764 126 1832 152 xv.
1856 110 1919 151 18.

115 235 203 271 896
218 235 267 272 Α.
294 245 317 271 a
334 218 484 269 οὐδενὶ
531 218 586 270 τὸ
636 220 860 287 παράπαν
911 221 995 272 τὸν
1044 223 1247 289 ὠφελεῖν
1297 221 1527 289 ἰσχύοντα
1582 219 1921 288 προϊσχόμενοι

333 298 495 365 λόγον,
523 302 773 370 κομψειάις
808 302 856 353 δὲ
889 307 1080 366 μᾶλλον
1111 303 1391 357 ἐπιδιδόντες
1426 303 1485 354 τὰ
1520 302 1815 370 φρονήματα,
1845 304 1922 354 καὶ

332 381 415 432 τὸν
440 381 525 445 μὲν
549 384 600 434 ἐκ
624 385 893 451 παῤῥησίας
919 387 1002 447 τῆς
1030 384 1149 435 κατὰ
1176 383 1301 436 Θεὸν
1323 385 1665 439 συστείλαντες
1695 383 1918 453 ἔλεγχον,

331 461 386 513 τὸ
438 462 589 529 γεμὴν
633 465 822 535 ἑκάστῳ
873 470 1066 528 μᾶλλον
1116 464 1203 530 ἡδὺ
1251 466 1511 521 λαλοῦντές
1560 489 1610 518 τε
1659 469 1735 518 καὶ
1784 471 1916 532 εἰση-

330 545 548 610 γούμενοι
574 568 587 608 ;
1941 567 1963 606 5

405 628 667 694 Ἀναγκαία
702 634 952 695 τοιγαροῦν
978 629 1006 692 ἡ
1036 629 1310 696 παραίνεσις
1340 636 1424 681 τοῦ
1448 629 1513 695 μὴ
1540 629 1734 700 σφόδρα
1759 635 1915 700 φιλεῖ-

331 713 448 759 σθαι
476 708 637 774 ζητεῖν,
664 715 902 761 ποιεῖσθαι
937 710 987 761 δὲ
1018 712 1127 777 παρ’
1156 710 1289 762 οὐδὲν
1315 711 1369 762 τὸ
1404 714 1480 763 καὶ
1512 711 1587 763 διὰ
1611 714 1781 776 μίσους
1807 713 1920 763 ἱέναι

331 793 472 854 τισὶν,
500 790 599 841 ἔστ’
627 790 685 842 ἂν
711 793 867 846 αὐτοῖς
893 792 947 843 τὸ
974 793 1024 843 ἐκ
1049 796 1132 857 τῆς
1157 795 1402 848 νουθεσίας
1429 793 1631 862 ὑπάρχοι
1662 793 1914 862 χρήσιμον.

330 872 469 923 τοῦτό
506 896 576 923 τοι
617 875 691 924 καὶ
725 877 925 925 Παῦλον
956 875 1213 941 δεδρακότα
1249 877 1551 941 θεωρήσομεν
1591 877 1665 926 καὶ
1703 875 1919 942 εἰρηκότα

106 968 266 1002 Ga1.i.10.
285 968 311 1010 b
331 958 504 1022 σαφῶς
531 961 558 983 “
576 953 595 972 ’'

600 960 720 1021 Αρτι
747 953 839 1023 γὰρ
871 957 1148 1023 ἀνθρώπους
1183 957 1328 1009 πείθω
1364 956 1392 1022 ἢ
1428 957 1510 1009 τὸν
1538 958 1662 1009 Θεόν
1684 980 1697 1021 3
1740 956 1769 1022 ἢ
1797 958 1917 1025 ζητῶ
1941 982 1991 1010 ιο

332 1044 358 1066 “
383 1037 649 1102 ἀνθρώποις
688 1038 936 1104 ἀρε’σκειν;
985 1043 1023 1090 εὶ
1060 1039 1124 1090 ἔτι
1163 1040 1380 1107 ἀρέσκειν
1418 1040 1682 1107 ἀνθρώποις
1719 1040 1913 1105 ἤθελον,

330 1125 357 1147 “
384 1122 601 1185 Χριστοῦ
638 1123 806 1174 δοῦλος
841 1122 924 1172 οὐκ
962 1120 1020 1172 ἂν
1046 1122 1214 1186 ἠ’μην.”
1255 1122 1535 1188 ἐπιτιμήσας
1568 1122 1617 1174 δὲ
1651 1121 1798 1174 πάλιν
1823 1127 1917 1174 τῶν

329 1201 377 1251 ἐν
420 1202 639 1271 Κορίνθῳ
690 1204 791 1264 τινὶ,
834 1202 1085 1271 ἀφορήτως
1135 1227 1185 1255 τε
1237 1204 1347 1255 λιάν
1390 1204 1702 1271 ἀπηλγηκότα
1750 1210 1918 1256 τοῦτον

110 1264 213 1295 zoor.
231 1265 263 1296 ii.
439 1282 451 1298 x
666 1283 676 1302 Ι
830 1288 839 1301 s
925 1284 937 1301 x
1021 1287 1031 1300 ³
1077 1286 1089 1301 x
1256 1291 1275 1300 a-
1331 1288 1342 1301 c
1393 1291 1411 1299 Α
1551 1288 1564 1304 x
1645 1289 1655 1304 t
1733 1288 1743 1302 ³
1898 1289 1909 1302 e

110 1317 137 1338 2,
328 1286 507 1347 μαθων,
547 1288 699 1352 φησιν
738 1288 841 1335 “Ec
879 1307 973 1351 γαρ
1011 1308 1103 1351 εγω
1142 1294 1279 1337 λυπω
1320 1310 1451 1350 υμας,
1491 1310 1566 1337 και
1607 1310 1677 1341 τις
1720 1310 1853 1337 εστιν
1891 1310 1916 1337 ο

106 1368 268 1401 Ib.vii.10.
330 1372 357 1393 ‘⁶
382 1366 646 1432 εὐφραίνων
678 1389 735 1429 με
770 1370 807 1416 εἷ
846 1366 911 1431 μὴ
950 1369 975 1418 ὁ
1008 1368 1302 1432 λυπούμενος
1335 1369 1392 1437 ἐξ
1421 1371 1532 1432 ἐμοῦ
1551 1390 1563 1431 ;
1607 1369 1635 1432 ἡ
1669 1367 1762 1435 γὰρ
1797 1368 1915 1420 κατὰ
1939 1392 1985 1431 15

331 1453 358 1475 ‘⁴
386 1445 511 1498 Θεὸν
541 1446 671 1511 λύπη
710 1449 960 1511 μετάνοιαν
991 1453 1053 1503 εἷς
1091 1451 1331 1516 σωτηρίαν
1362 1449 1720 1515 ἀμεταμέλητον
1746 1473 1912 1517 κατερ-

330 1534 357 1556 “
383 1526 610 1593 γάζέται.”
652 1529 788 1580 ἔσται
814 1537 1065 1597 τοιγαροῦν
1092 1531 1351 1596 οὐδαμόθεν
1377 1533 1665 1601 ἀμφίλογον,
1684 1535 1746 1586 ὡς
1772 1539 1916 1583 κολα-

329 1609 486 1660 κεύσει
519 1610 604 1673 μὲν
637 1610 720 1661 τὸν
754 1610 939 1676 κόσμον
972 1613 1091 1679 ἥπερ
1130 1613 1290 1678 ὀνήσει
1327 1619 1519 1677 μᾶλλον
1545 1615 1570 1665 ὁ
1610 1613 1716 1665 καθ’
1744 1613 1915 1678 ἡδονὴν

290 1696 423 1745 οτοῖς
459 1692 769 1758 ἀκροωμένοις
804 1693 1026 1758 ἐσόμενος
1061 1694 1220 1760 λόγος,
1247 1698 1322 1746 καὶ
1356 1697 1460 1763 οὐχὶ
1493 1694 1579 1759 τὴν
1604 1701 1687 1746 τοῦ
1717 1697 1909 1764 συμφέ-

327 1796 492 1839 ροντος
527 1773 721 1838 γνώμην
756 1778 1044 1842 παρατιθείς·
1087 1778 1111 1827 ὀ
1151 1776 1199 1828 δὲ
1238 1782 1335 1831 τοῖς
1372 1783 1455 1828 τοῦ
1490 1780 1710 1844 Σωτῆρος
1746 1777 1906 1829 πειθό-
1932 1805 1983 1832 20

327 1877 465 1917 μενος
490 1855 666 1920 λόγοις,
695 1857 798 1924 οὐχὶ
824 1863 961 1908 τοῦτο
987 1858 1291 1925 πρεσβεύσει·
1324 1859 1494 1919 πόθεν;
1527 1864 1793 1925 προελεῖται
1818 1859 1912 1925 γὰρ

328 1941 518 1998 μᾶλλον
544 1937 598 1988 τὸ
634 1939 849 2004 ἀρέσκειν
874 1941 1014 2009 αὐτῷ,
1042 1942 1116 1990 καὶ
1151 1941 1464 2003 πνευματικὸν
1491 1940 1719 2006 ἡγήσεται
1754 1946 1908 1992 πλοῦ-

328 2040 411 2068 τον
445 2020 520 2068 καὶ
556 2018 610 2069 τὸ
646 2025 892 2082 μισεῖσθαι
929 2022 1100 2072 λοιπὸν
1133 2023 1264 2089 παρὰ
1298 2028 1393 2074 τῶν
1424 2023 1641 2088 ἡγεῖσθαι
1674 2029 1911 2087 πολεμιω-

328 2098 474 2164 τάτην
499 2099 585 2164 τὴν
611 2101 779 2167 ἀρετὴν
808 2103 1059 2166 ἑλομένων.

394 2180 552 2232 ‘'Orav
591 2184 759 2245 τοίνυν,
800 2187 937 2252 φησὶ,
976 2190 1076 2238 ταῖς
1116 2187 1353 2252 ὑμετέραις
1391 2186 1750 2251 εὐδοκιμήσεσιν
1787 2187 1912 2238 ἀντι-
1931 2212 1980 2251 25

326 2261 550 2326 πράττειν
575 2264 681 2314 ἔσθ’
711 2264 786 2315 ὅτε
814 2267 965 2334 ὁρῷτο
992 2268 1289 2331 κεκινημένον
1314 2267 1368 2318 τὸ
1393 2273 1640 2331 μισεῖσθαι
1664 2268 1795 2335 παρὰ
1828 2275 1911 2320 τοῦ

327 2342 526 2406 κόσμου·
570 2344 795 2409 νικάσθω,
824 2349 899 2397 καὶ
925 2353 1065 2398 τοῦτο
1092 2349 1447 2415 διαῤῥίπτεσθαι
1473 2349 1527 2401 τὸ
1552 2350 1909 2417 παραπόδισμα,

281 2432 308 2472 d
327 2423 403 2473 διὰ
452 2431 535 2476 τοῦ
580 2426 646 2490 μὴ
691 2428 802 2478 λίαν
846 2428 1105 2497 ἐφήδεσθαι
1150 2435 1250 2484 ταῖς
1293 2435 1388 2481 τῶν
1431 2433 1726 2497 ἀγαπώντων
1769 2432 1911 2484 αὐτὸν

326 2511 492 2570 τιμαῖς,
541 2511 578 2558 εἶ
628 2508 694 2572 μὴ
745 2516 828 2561 τοῦ
880 2510 1144 2580 πεφυκότος
1203 2515 1404 2581 ὠφελεῖν
1454 2514 1693 2582 ἀνέχοιντο
1743 2513 1908 2580 λόγου·

327 2588 521 2653 ὁράσθω
564 2588 612 2640 δὲ
651 2593 878 2655 μηδαμῶς
922 2591 976 2642 τὸ
1027 2598 1275 2656 μισεῖσθαι
1325 2595 1565 2662 φορτικὸν,
1611 2597 1723 2659 ἐμοῦ
1772 2602 1910 2647 τοῦτο
1930 2617 1980 2655 3ο

326 2672 723 2734 προπεπονθότος.
778 2676 867 2737 εἰμὶ
913 2673 961 2725 δὲ
1006 2674 1224 2738 δηλονότι
1265 2676 1439 2742 Κύριος
1479 2679 1554 2728 καὶ
1598 2676 1904 2731 διδάσκαλος.

374 2818 405 2849 9.
431 2822 482 2841 τοι
501 2807 584 2842 E.F.
604 2809 670 2843 Ed.
685 2822 758 2856 mg.
776 2825 807 2845 τι
826 2811 893 2845 Ed.
1086 2823 1138 2857 13.
1164 2815 1284 2847 τοῦτον
1302 2814 1343 2848 Ε.
1361 2816 1461 2849 τοῦτο
1480 2815 1546 2849 Ed.
1731 2827 1785 2858 14.
1811 2815 1906 2850 ἐστιν

326 2860 548 2934 οερωηρῑὲιῐη
565 2867 606 2889 ex
626 2856 665 2890 E.
846 2858 898 2892 16.
924 2858 1177 2903 ἀμεταμέλητον
1194 2861 1234 2894 Ε.
1255 2860 1489 2905 ἀμετάβλητον
1507 2862 1572 2896 Ed.
1741 2863 1796 2897 28.
1820 2863 1903 2908 ἀγα-

326 2913 455 2934 πΟνΤων
507 2927 514 2934 .
