2022 3272
152 136 307 177 xvii.1.
367 136 441 177 IN
487 138 530 177 S.
564 136 907 178 ιῘΟΛΝΝΕΜ.
971 136 1096 177 LIB.
1131 138 1209 178 XI.
1272 138 1405 179 CAP.
1441 138 1526 178 III.
1657 135 1734 177 661

151 245 235 311 γὸς
269 248 350 309 τῆς
376 246 532 312 ἑτέρου
567 247 710 314 τυχὸν
735 248 974 313 ἐνεργείας,
1005 246 1115 297 ἀλλ’
1145 251 1206 300 ὡς
1245 249 1398 314 σοφία
1431 249 1506 296 καὶ
1545 245 1739 307 δύναμις

152 327 375 396 ὑπάρχων
414 334 495 379 τοῦ
535 333 659 380 Θεοῦ
699 332 772 380 καὶ
814 329 1017 395 Πατρός.
1077 328 1335 393 οἰησόμεθα
1372 328 1464 394 γὰρ
1504 329 1624 378 οὕτω
1664 329 1738 377 καὶ

150 412 237 478 οὐχ
260 412 425 476 ἑτέρως
464 411 605 462 αὐτὸν
636 411 694 463 τὰ
727 415 809 476 τῆς
842 411 1058 475 θεότητος
1093 411 1207 478 ἔργα
1242 412 1338 474 μετ’
1369 410 1588 478 ἐξουσίας
1615 412 1735 459 ἀπο·
1759 435 1779 461 e

149 498 379 559 πληροῦν.
434 494 590 545 πάντα
629 494 713 557 μὲν
746 493 838 560 γὰρ
873 494 1004 560 παρὰ
1042 499 1125 544 τοῦ
1154 492 1360 559 Πατρὸς,
1385 491 1516 554 πλὴν
1543 492 1596 541 οὐ
1633 492 1740 557 δίχα

108 589 129 627 5
149 581 232 625 τοῦ
259 579 390 627 Υὶοῦ.
430 581 531 631 πῶς
564 576 656 643 γὰρ
683 575 741 627 ἂν
767 576 1024 644 ἐργάσαιτό
1059 599 1102 626 τι
1129 580 1223 627 τῶν
1251 576 1377 644 αὐτῷ
1411 573 1688 640 πρεπόντων
1717 574 1740 623 ὁ

150 657 271 712 Θεὸς
310 661 384 710 καὶ
414 659 596 726 Πατὴρ,
622 661 722 727 οὐχὶ
761 660 816 722 δὴ
844 661 1084 723 συνούσης
1115 682 1164 710 τε
1201 659 1326 727 αὐτῷ
1365 659 1440 708 καὶ
1479 678 1741 707 συναποτε-

150 740 330 806 λούσης
367 741 426 792 τὰ
460 744 531 810 ἐφ’
560 742 626 796 οἷς
661 741 718 793 ἂν
750 747 902 793 νοοῖτο
928 740 1072 809 τυχὸν
1098 741 1125 804 ἡ
1154 742 1250 792 κατ’
1279 741 1512 806 ἐνέργειαν
1538 742 1738 803 κίνησις,

150 826 232 887 τῆς
257 847 307 875 τε
334 825 512 893 σοφίας
547 827 622 875 καὶ
655 828 737 888 τῆς
763 825 1001 888 δυνάμεως
1036 825 1193 886 αὐτοῦ,
1223 825 1345 891 φημὶ
1381 821 1437 886 δὴ
1473 827 1556 872 τοῦ
1584 824 1701 871 Υὶοῦ
1725 842 1736 881 ;

150 905 226 957 διὰ
264 912 401 957 τοῦτο
434 909 510 958 καὶ
537 909 562 958 ὁ
589 908 745 973 σοφὸς
774 905 1150 972 Εὐαγγελιστὴς,
1180 907 1204 956 ὁ
1230 905 1317 969 τὴν
1343 907 1475 955 τοῦδε
1515 908 1598 954 τοῦ
1624 907 1737 963 βιβ-

85 1011 131 1036 10
150 989 256 1039 λίου
287 989 580 1057 συγγραφην
611 989 943 1087 πηξάμενος,’
921 1013 968 1039 εν
995 991 1160 1088 ἀρχαῖς
1192 993 1274 1038 τοῦ
1309 987 1458 1084 λόγου
1494 987 1645 1055 φησὶν
1673 984 1745 1035 ὅτι

150 1077 178 1100 “
199 1068 369 1121 Πάντα
395 1073 449 1122 δι’
479 1072 622 1122 αὐτοῦ
647 1073 842 1168 ἐγένετο,
870 1095 945 1122 και
971 1094 1114 1138 χωρις
1141 1071 1282 1120 αὐτοῦ
1309 1070 1490 1134 ἐγενετο
1518 1066 1668 1118 οὐδὲ
1652 1090 1713 1118 εν.
1717 1061 1742 1080 ”

1807 1064 1913 1104 Supra

1807 1108 1826 1138 i

151 1152 305 1216 ἐπειδη
325 1176 481 1204 τοινυν
509 1156 532 1203 ὁ
559 1177 640 1218 της
662 1152 1026 1218 ὁμοουσιότητος
1049 1153 1285 1204 ἀναπείθει
1306 1150 1450 1216 λόγος
1470 1147 1740 1202 ἀκολούθως
1760 1173 1782 1199 a
1809 1133 1897 1200 948
1915 1164 1967 1201 Α.

152 1236 271 1299 ἡμᾶς
310 1237 480 1287 ἐννοεῖν
505 1260 575 1288 οτι
613 1237 768 1288 πάντα
806 1237 891 1300 μὲν
916 1238 965 1286 ἐκ
995 1234 1199 1302 Πατρός,
1227 1235 1282 1285 δι’
1311 1237 1429 1285 Υιοῦ
1468 1232 1516 1284 δε
1555 1232 1742 1286 πάντως

150 1319 199 1367 ἐν
228 1318 484 1380 Πνεύματι·
542 1318 782 1386 νεκρώσας
808 1318 857 1369 δὲ
884 1317 1087 1370 θάνατον
1112 1320 1188 1368 καὶ
1215 1315 1414 1385 φθορὰν,
1442 1319 1517 1367 καὶ
1543 1313 1630 1378 τὴν
1659 1320 1744 1365 τοῦ

87 1416 132 1454 ¹5
153 1399 381 1462 διαβόλου
421 1403 671 1468 τυραννίδα
715 1401 960 1468 περιελὼν,
1001 1401 1119 1464 ὅλην
1161 1400 1333 1463 ε”μελλε
1375 1397 1462 1463 τὴν
1505 1399 1582 1467 ὑφ’
1623 1398 1743 1467 ἡλίῳ

152 1485 252 1535 ταῖς
290 1482 366 1533 διὰ
403 1489 486 1534 τοῦ
515 1484 791 1548 Πνεύματος
832 1483 1223 1552 καταφαιδρύνειν
1250 1482 1596 1550 φωταγωγιάις,
1623 1482 1738 1531 ἀνα-

153 1565 426 1616 δείκνυσθαί
448 1589 496 1616 τε
533 1567 609 1617 διὰ
635 1567 801 1618 τούτου
827 1565 996 1618 λοιπὸν
1025 1564 1147 1619 Θεὸς
1176 1564 1294 1616 κατὰ
1320 1563 1470 1632 φύσιν
1497 1562 1643 1617 ὅντως
1670 1565 1745 1614 καὶ

153 1646 390 1712 ἀληθινὸς,
418 1649 682 1715 ἀναγκαίως
706 1649 835 1717 φησί
867 1648 1013 1719 Πάτερ
1040 1645 1221 1718 δόξασόν
1250 1671 1327 1698 σου
1353 1648 1422 1698 τέν
1447 1647 1541 1697 ‘sibu
1563 1645 1636 1697 ‘lm
1665 1650 1743 1696 καὶ

155 1729 298 1784 ὁΎὶὄς
333 1753 408 1781 σου
444 1727 607 1804 δοξάσῃ
640 1755 707 1783 σε.
763 1733 838 1782 καὶ
877 1731 930 1782 οὐ
969 1730 1025 1795 δή
1064 1753 1133 1783 τις
1173 1734 1283 1780 νοῦν
1312 1727 1432 1796 ἔχων
1468 1729 1570 1794 ἐρεῖ,
1612 1725 1746 1797 δόξαν

85 1836 134 1861 20
153 1811 238 1874 μὲν
276 1816 418 1863 αἰτεῖν
455 1812 586 1878 παρὰ
622 1812 812 1877 Πατρὸς
848 1812 931 1864 τὸν
969 1811 1100 1874 Υὶὸν,
1139 1810 1349 1877 καθάπερ
1396 1810 1646 1876 ἄνθρωπον
1691 1809 1789 1878 {gb

154 1893 404 1959 ἀνθρώπου
430 1893 588 1961 τυχὸν,
616 1893 792 1945 διδόναι
819 1895 866 1946 δὲ
905 1895 981 1945 καὶ
1019 1893 1161 1944 αὑτὸν
1188 1895 1249 1946 ὡς
1276 1891 1333 1961 ἐξ
1363 1894 1564 1955 ἀμοιβῆς
1589 1892 1740 1956 ε’παγ-

154 1973 434 2041 γε’λλεσθαι·
493 1975 841 2043 σμικροπρεπὲς
881 1974 974 2042 γὰρ
1018 1976 1142 2038 λίαν,
1187 1979 1376 2038 μᾶλλον
1422 1973 1470 2025 δὲ
1516 1972 1745 2024 ἀσύνετον

154 2062 414 2120 παντελῶς,
441 2056 494 2109 τό
521 2058 738 2122 τοιαύτην
767 2058 887 2126 ἔχειν
919 2060 993 2109 ἐπὶ
1021 2059 1146 2108 Θεοῦ
1181 2057 1266 2120 τὴν
1295 2055 1544 2123 διάληψιν·
1591 2057 1738 2120 ἀναγ-

155 2139 405 2204 καιοτάτην
450 2139 498 2191 δὲ
543 2143 609 2210 τῷ
651 2142 805 2206 Πατρὶ
845 2139 930 2204 τὴν
974 2141 1139 2190 ἑαυτοῦ
1178 2138 1325 2206 δόξαν
1364 2136 1628 2199 ἐπιδεικνὺς,
1670 2137 1745 2187 ἵνα

87 2246 134 2284 25
156 2222 446 2287 γινώσκηται
473 2224 547 2273 καὶ
573 2222 837 2286 ὁμοούσιος,
859 2224 989 2272 ταυτὶ
1016 2219 1284 2284 λελάληκεν
1305 2220 1329 2270 ὁ
1350 2218 1534 2285 Σωτήρ.
1580 2217 1744 2284 ὥσπερ

115 2303 248 2375 γὰρ
294 2304 486 2373 ἀδοξίας
531 2327 666 2355 εσται
710 2326 958 2371 παραιτιον
1000 2307 1066 2354 τεῦ
1111 2307 1219 2372 Θεῷ
1265 2325 1339 2353 και
1382 2303 1538 2399 Πατρὶ
1580 2300 1634 2352 τὸ
1679 2299 1744 2364 μὴ

155 2391 366 2437 τοιοῦτον
390 2387 511 2453 ε”χειν
537 2385 619 2437 τὸν
645 2386 701 2455 ἐξ
724 2387 865 2437 αὐτοῦ
892 2386 1047 2455 φύντα
1073 2409 1122 2436 τε
1147 2386 1223 2436 καὶ
1247 2383 1584 2451 γεγεννημένον
1604 2383 1741 2441 Υιὸν,

156 2469 317 2519 ὁποῖον
345 2467 402 2519 ἂν
428 2467 542 2519 εἶναι
573 2469 742 2534 πρέποι
776 2491 858 2519 τον
884 2470 932 2518 ἐκ
959 2472 1083 2519 Θεοῦ
1111 2466 1236 2518 Θεὸν
1262 2466 1381 2517 κατὰ
1408 2466 1573 2535 φύσιν,
1600 2467 1741 2517 οὕτως
1761 2490 1782 2516 o

156 2548 284 2613 οἶμαι
321 2573 397 2601 και
433 2550 578 2618 δόξαν
605 2550 729 2618 αὐτῷ
769 2549 1064 2616 περιποιήσει
1104 2572 1179 2599 και
1218 2548 1450 2616 καύχημα,
1477 2571 1531 2598 το
1558 2549 1606 2598 ἐν
1632 2546 1735 2598 τού-

86 2663 137 2699 30
156 2655 252 2686 τοις
285 2632 399 2683 ὄντα
435 2632 516 2683 τὸν
549 2631 664 2682 ἰ’διον
688 2631 808 2699 ἔχειν
833 2631 965 2693 Υὶὸν,
993 2632 1041 2681 ἐν
1068 2629 1237 2695 οἷσπερ
1268 2628 1327 2680 ἂν
1356 2628 1581 2696 ὑπάρχειν
1602 2625 1740 2678 αὐτὸς

157 2717 232 2766 καὶ
265 2719 415 2765 νοοῖτο
446 2715 520 2764 καὶ
546 2713 749 2778 λέγοιτο.
803 2709 1035 2782 δοξάζεται
1067 2713 1221 2763 τοίνυν
1250 2713 1274 2762 ὁ
1301 2710 1470 2776 Πατὴρ
1496 2713 1544 2762 ἐν
1563 2711 1622 2775 τῇ
1655 2713 1739 2758 7·οὗ

206 2915 239 2945 4.
265 2904 324 2936 τοῦ
343 2908 566 2947 assumptum
584 2913 626 2936 ex
645 2902 686 2936 E.
937 2911 989 2944 13.
1016 2900 1076 2944 μὲν
1093 2911 1163 2934 om.
1183 2900 1226 2934 E.
1450 2905 1502 2941 17.
1530 2897 1612 2930 κατὰ
1629 2896 1739 2942 φύσιν

159 2949 262 2985 ὅντως
278 2948 345 2983 hoc
364 2948 485 2983 ordine
503 2948 545 2982 E.
784 2947 838 2982 26.
865 2948 902 2981 τὸ
921 2953 1144 2993 assumptum
1161 2958 1202 2981 ex
1221 2946 1263 2982 E.
