2037 3266
122 337 229 387 ‚Sp—pra

126 391 177 411 vn.
191 389 242 421 39.

346 133 429 172 626
751 133 800 172 Β.
835 132 1109 173 CYRILLI
1152 132 1537 173 ALEXANDR.
1678 133 1761 172 xvi.
1783 143 1847 180 12,
1868 143 1931 184 13.

346 241 647 308 πεφωτίσθαι
681 240 756 291 διὰ
795 246 879 292 τοῦ
920 241 1211 304 Πνεύματος,
1247 240 1362 305 μήτε
1402 240 1495 304 μὴν
1545 240 1766 306 γενέσθαι
1810 239 1934 291 θείας

349 322 539 389 φύσεως
573 322 834 377 κοινωνούς·
889 330 916 353 “
937 324 1089 374 Οὔπω
1130 321 1222 388 γὰρ
1261 321 1319 385 ἦν
1348 326 1545 386 Πνεῦμα
1573 320 1789 388 ”Ἀγιον,”
1816 319 1934 371 κατὰ

348 403 429 454 τὸν
464 403 599 470 ἅγιον
626 404 1010 471 Εὐαγγελιστὴν,
1039 404 1152 454 66ὅτι
1185 403 1399 469 Χριστὸς
1435 404 1614 456 οὐδέπω
1647 402 1932 473 ἐδοξάσθη·”

346 485 406 536 τὰ
444 486 637 537 τοιαῦτά
675 491 847 555 φησιν,
885 489 1029 537 ἐκεῖνο
1065 484 1121 550 δὴ
1157 485 1345 540 πάντως
1384 485 1616 551 ἐθελήσας
1654 488 1936 550 ὑποδηλοῦν,

308 570 410 622 θὼς
449 568 514 620 ἔτι
552 568 638 632 μὲν
669 569 766 636 ε”χοι
805 572 880 620 καὶ
913 567 1110 637 σφόδρα
1148 569 1300 628 βαθεά
1338 570 1414 618 καὶ
1449 574 1559 619 νοῦν
1594 568 1936 633 ὑπερβαίνοντα
1957 584 1979 621 5

128 1322 217 1357 924
230 1322 278 1358 Α.
307 1332 329 1356 a

122 1731 154 1762 S.
173 1731 254 1762 Luc.

121 1785 153 1805 v.
169 1774 219 1814 36.

120 1885 286 1936 §.Mattlh

120 1940 165 1959 lx.
180 1936 229 1970 17.

122 1990 156 2021 S.
169 1990 247 2021 Luc.

122 2043 154 2064 v.
171 2039 222 2073 37.
300 2055 327 2095 b

346 649 429 700 τὸν
455 650 750 716 ἀνθρώπινον
784 649 1139 701 ἀποκαλύπτειν
1164 650 1422 716 μυστήρια,
1453 655 1727 716 παραιτοῖτο
1754 647 1803 699 δὲ
1838 650 1937 699 νυνὶ

347 733 423 782 καὶ
458 732 590 795 μάλα
623 731 822 795 εἰκότως,
851 733 981 784 οὔπω
1004 730 1123 799 πρὸς
1149 737 1288 783 τοῦτο
1316 731 1423 782 λίαν
1450 731 1713 796 ἐπιτηδείως
1744 731 1937 799 ἔχοντας

347 815 483 880 ὀρῶν.
539 814 652 866 ὅταν
677 813 771 881 γὰρ
811 816 928 878 ὑμᾶς
967 814 1023 883 ἐξ
1051 813 1220 880 ἑτέρων
1250 818 1311 868 εἷς
1345 814 1541 880 ἑτέρους,
1569 817 1705 882 φησὶ,
1733 812 1786 864 τὸ
1825 810 1936 876 ἐμὸν

346 896 677 963 ἀπεργάσηται
729 900 944 961 Πνεῦμα,
994 898 1070 947 καὶ
1129 895 1211 947 τὸν
1263 897 1481 963 ὑμέτερον
1530 894 1937 962 μεταστοιχειώσῃ

346 983 470 1041 νοῦν,
503 983 566 1032 εἰς
604 978 658 1030 τὸ
699 979 906 1043 θελῆσαί
936 1001 984 1030 τε
1018 977 1187 1030 λοιπὸν
1214 981 1289 1029 καὶ
1329 978 1562 1030 δύνασθαι
1601 983 1695 1029 τῶν
1735 981 1936 1041 νομικῶν

346 1061 705 1129 ὑπερφρονῆσαι
743 1060 918 1123 τύπων,
952 1061 1146 1112 ἑλέσθαι
1187 1060 1235 1111 δὲ
1273 1065 1465 1124 μᾶλλον
1502 1063 1585 1124 τῆς
1619 1062 1667 1111 ἐν
1695 1059 1937 1122 Πνεύματι

347 1141 566 1208 λατρείας
592 1143 646 1194 τὸ
678 1142 873 1206 κάλλος,
902 1145 977 1193 καὶ
1003 1147 1097 1193 τῶν
1125 1144 1172 1193 ἐν
1204 1148 1360 1196 σκιαῖς
1384 1145 1675 1209 προτιμῆσαι
1702 1141 1788 1206 τὴν
1818 1141 1937 1206 ἀλή-

346 1229 491 1275 θειαν·
546 1223 651 1277 τότε
690 1224 746 1289 δὴ
778 1225 897 1288 τότε,
930 1228 1068 1293 φησι,
1104 1226 1309 1276 συνιέναι
1341 1226 1511 1293 ῥαδίως
1541 1226 1590 1275 εῦ
1621 1223 1754 1288 μάλα
1792 1223 1931 1288 δυνή-

347 1311 496 1358 σεσθε
522 1306 582 1358 τὰ
610 1309 716 1374 περὶ
746 1309 874 1371 ἐμοῦ.
929 1306 1137 1375 χωρήσει
1167 1307 1259 1374 γὰρ
1291 1309 1340 1358 ἐν
1373 1309 1479 1371 ὑμῖν
1511 1305 1850 1374 εὐπαράδεκτός
1887 1328 1936 1356 τε

347 1389 436 1454 ἤδη
464 1392 538 1441 καὶ
564 1390 748 1444 πλατὺς
775 1391 800 1440 ὁ
828 1388 991 1455 λόγος.

422 1474 571 1523 Ταυτὶ
602 1471 688 1535 μὲν
715 1473 796 1522 οῦν
824 1474 917 1523 δεῖν
945 1472 1126 1523 οἴεσθαι
1155 1472 1309 1538 λε’γειν
1333 1470 1416 1522 τὸν
1447 1471 1623 1538 Κύριον
1650 1475 1744 1524 τοῖς
1771 1472 1936 1521 ἑαυτοῦ

347 1559 577 1618 μαθηταῖς
616 1553 835 1618 ε’ννοήσαι
874 1577 943 1607 τις
983 1554 1054 1604 ἅν.
1111 1553 1210 1621 ἥξει
1252 1552 1400 1618 γεμὴν
1439 1556 1501 1607 εἰς
1540 1552 1724 1614 ταύτὸν,
1761 1554 1835 1603 καὶ
1874 1555 1937 1606 εἰς

347 1634 433 1699 τὴν
459 1636 571 1701 ’ίσην
595 1641 692 1690 τοῖς
726 1635 978 1702 εἰρημένοις
1014 1635 1184 1701 ἀρτίως
1209 1637 1545 1700 συνδραμεῖται
1573 1635 1794 1696 διάνοιαν,
1822 1633 1937 1700 ὅπερ

347 1717 438 1785 ε”φη
477 1718 637 1780 πάλιν,
665 1720 727 1772 ὡς
761 1719 810 1768 ἐν
836 1717 968 1787 τύπῳ
1007 1716 1402 1783 παραδειγμάτων
1441 1724 1468 1746 ‘⁶
1487 1718 1655 1770 Οὐδεὶς
1695 1716 1938 1779 ἐπίβλημα

349 1807 375 1829 “
405 1799 499 1851 ἀπὸ
526 1799 711 1863 ἱματίου
742 1804 902 1850 καινοῦ
927 1800 1107 1866 σχίσας
1133 1799 1382 1858 ἐπιβάλλει
1409 1800 1482 1850 ἐπὶ
1510 1799 1676 1867 ἱματίῳ
1702 1798 1934 1866 παλαιῴ·”

347 1881 459 1932 ἀλλ’
488 1881 591 1932 οὐδὲ
632 1889 657 1910 “
680 1880 806 1932 οἶνον
833 1881 935 1931 νέον
962 1885 1025 1934 εἷς
1052 1880 1228 1934 ἀσκοὺς
1252 1879 1498 1942 βάλλουσι
1532 1879 1782 1933 παλαιούς·
1824 1882 1860 1930 εὶ
1887 1878 1935 1930 δὲ

348 1971 374 1994 “
400 1963 479 2028 μὴ,
518 1963 773 2030 ῥήγνυνται
813 1966 854 2014 οἱ
890 1964 1030 2013 ἀσκοὶ
1073 1964 1148 2013 καὶ
1188 1963 1213 2012 ὃ
1251 1960 1375 2016 οἶνος
1410 1964 1622 2030 ἐκχεῖται,
1661 1961 1771 2012 ἀλλ’
1811 1958 1936 2011 οἶνον

348 2053 375 2075 “
401 2047 502 2097 νέον
552 2050 612 2100 εἰς
661 2043 838 2098 ἀσκοὺς
884 2044 1013 2098 νεόυς
1052 2043 1305 2108 βλητεόν.”
1370 2049 1465 2097 τοῖς
1509 2043 1601 2111 γὰρ
1646 2045 1776 2094 οὔπω
1816 2041 1937 2109 πρὸς

346 2125 597 2191 καινότητα
627 2128 743 2194 ζωῆς
775 2128 850 2177 καὶ
882 2127 1105 2193 γνώσεως
1139 2127 1256 2188 ὁμοῦ
1286 2125 1728 2188 ἀναπεπλασμένοις
1754 2123 1829 2176 διὰ
1854 2129 1937 2175 τοῦ

349 2208 641 2272 Πνεύματος,
681 2210 763 2260 οὐκ
803 2208 907 2258 ε”ο-τι
944 2208 1003 2259 τὰ
1043 2207 1122 2258 νεά
1159 2211 1254 2257 τῶν
1280 2208 1598 2273 εὐαγγελικῶν
1625 2205 1937 2272 κηρυγμάτων

346 2290 650 2353 παιδεύματα,
702 2293 776 2340 καὶ
827 2289 1050 2357 άχώρητά
1102 2311 1202 2341 πως
1251 2290 1354 2338 ἐστὶ
1403 2287 1463 2339 τὰ
1513 2290 1618 2354 περὶ
1668 2290 1749 2351 τῆς
1799 2288 1936 2352 ἁγίας

347 2371 550 2437 Τριάδος
576 2370 829 2438 μυστήρια.
878 2374 935 2437 τῇ
962 2371 1118 2421 τοίνυν
1144 2370 1455 2421 ἀνακαινώσει
1481 2373 1540 2438 τῇ
1567 2368 1643 2420 διὰ
1668 2374 1751 2420 τοῦ
1780 2367 1933 2419 Πνεύ-

346 2476 494 2517 ματος
524 2451 726 2521 ἐσομένη
760 2457 1093 2516 πνευματικῶς,
1121 2451 1479 2515 ἀποταμιεύεται
1516 2452 1762 2519 χρησίμως
1788 2451 1816 2515 ἡ
1842 2454 1936 2501 τῶν

348 2536 411 2586 ε”τι
453 2535 725 2601 βαθυτέρων
765 2533 1006 2604 ἐξήγησις,
1049 2534 1103 2584 τὸ
1145 2533 1230 2597 μὲν
1267 2534 1333 2585 ε”τι
1373 2533 1703 2600 προσεδρεύειν
1747 2535 1805 2601 τῇ
1851 2537 1934 2583 τοῦ

349 2623 539 2680 νομικοῦ
584 2617 862 2684 γροίμματος
907 2614 1205 2680 παλαιότητι,
1256 2620 1314 2683 τῇ
1365 2620 1460 2667 τῶν
1511 2613 1829 2666 πιστευόντων
1873 2617 1935 2667 εἷς

310 2700 567 2765 οΧριστὸν
606 2701 687 2750 οὐκ
714 2699 840 2766 ἐώσῃ
875 2699 1066 2767 διανοίᾳ,
1090 2700 1514 2766 μεταμορφοῦσθαι
1553 2695 1601 2747 δὲ
1645 2701 1834 2759 μᾶλλον
1873 2698 1935 2748 εἱς

350 2782 601 2846 καινότητα
639 2785 902 2847 λογισμῶν,
930 2783 1005 2830 καὶ
1044 2779 1103 2830 τὰ
1136 2781 1190 2831 δι’
1219 2778 1283 2830 ὧν
1308 2779 1461 2831 ε”νεστι
1499 2778 1553 2829 τὸ
1592 2781 1675 2842 τῆς
1713 2776 1934 2842 ἀληθείας

396 2903 429 2935 9.
456 2891 617 2934 ὑμέτερον
636 2891 719 2925 E.F.
739 2890 804 2925 Ed.
824 2902 896 2935 mg.
915 2889 1078 2933 ἡμέτερον
1098 2889 1162 2923 Ed.
1483 2899 1539 2933 31.
1564 2886 1870 2933 μεταμορφοῦσθαι
1889 2885 1931 2921 Ε.

348 2938 616 2984 μετιιμορφούσῃ
637 2937 702 2971 Ed.

1960 1000 2009 1027 10

1960 1412 2006 1449 15

1958 1826 2008 1851 20

1955 2639 2005 2676 30
