2001 3231
268 110 325 149 54
674 112 722 153 B.
757 112 1034 154 CYRILLI
1075 114 1459 157 ALEXANDR.
1691 113 1862 169 viii.30.

270 224 298 247 ‘⁶
325 218 431 270 οὐδὲ
466 219 628 286 εὑρέθη
666 220 809 275 δόλος
845 223 893 272 ἐν
924 226 991 291 τῷ
1025 221 1231 286 στόματι
1269 225 1459 274 αὐτοῦ·”
1503 221 1625 277 Θεὸς
1660 223 1742 274 οῦν
1773 222 1866 289 ἄρα

269 303 345 351 καὶ
377 302 427 352 ἐκ
454 305 580 352 Θεοῦ
617 302 736 353 κατὰ
773 303 923 371 φύσιν
951 305 975 354 ὁ
1003 304 1118 357 Υἱὸς
1154 309 1237 355 τοῦ
1273 304 1557 371 ἁμαρτάνειν
1583 307 1658 356 καὶ
1694 305 1858 371 τρέπε-

269 386 386 433 σθαι
411 382 476 447 μὴ
503 382 692 446 εἰδότος,
713 387 789 435 καὶ
814 384 868 435 τὸ
894 384 1073 451 πρέπον
1099 390 1156 453 τῇ
1184 386 1276 454 ἰδίᾳ
1304 387 1446 454 φύσει
1473 386 1538 450 μὴ
1566 385 1864 454 ἐκτρέχοντός

268 487 398 517 ποτε.
458 465 571 516 ὅταν
606 467 688 517 οὖν
715 466 774 517 r&
808 466 974 535 ἀρεστὰ
1010 470 1076 535 τῷ
1112 470 1267 533 Πατρῖ
1307 473 1454 519 ποιεῖν
1487 470 1703 536 ὁμολογῇ
1741 469 1861 519 πάν-

229 564 376 610 Θτοτε,
416 548 811 614 σκανδαλιζέσθω
861 550 1033 612 μηδεὶς,
1075 548 1193 612 μηδὲ
1245 551 1293 599 ἐν
1335 549 1589 601 ἐλάττοσιν
1630 549 1659 614 ἦ
1704 552 1753 600 ἐν
1798 548 1905 605 οἷ95

267 629 399 679 ε’στιν
425 630 450 679 ὁ
480 628 665 694 Πατὴρ,
694 630 920 697 ὑπάρχειν
947 630 1120 680 οἰέσθω
1156 629 1239 680 τὸν
1270 631 1328 699 ἐξ
1359 632 1516 694 αὐτοῦ,
1544 632 1775 699 φρονείτω
1813 631 1863 683 δὲ

265 715 459 774 μᾶλλον
505 712 729 773 εὐσεβῶς,
782 714 844 764 ὡς
895 710 944 761 δὲ
990 711 1113 765 Θεὸς
1164 714 1214 762 ἐκ
1265 716 1391 763 Θεοῦ
1436 713 1555 763 κατὰ
1606 713 1756 781 φύσιν
1799 718 1862 767 εἷς

266 794 614 854 ταυτοβουλίαν
641 795 730 856 καὶ,
758 794 812 844 ἵν’
843 795 990 847 οὕτως
1025 793 1154 857 ε’ίπω,
1182 795 1488 861 ταυτοεργίαν
1515 796 1758 855 ἀναβαίνει
1794 800 1861 865 τῷ

267 873 496 943 φύσαντι.

197 1045 248 1081 30
384 1029 530 1071 Ταῦτα
569 1031 699 1072 αὐτοῦ
739 1035 976 1074 »καλοῦντος
1014 1032 1170 1073 Πολλοὶ
1208 1032 1462 1075 ἐπίστευσαν
1501 1031 1560 1073 εἰς
1599 1033 1742 1075 αὐτόν.
1883 1050 1930 1075 10

341 1143 411 1193 Τὸ
439 1144 790 1211 σμικροπρεπές
816 1147 862 1195 ἐν
890 1149 956 1214 τῷ
985 1144 1119 1214 λόγῳ
1144 1145 1383 1199 πολλάκις
1410 1145 1743 1209 ἐπιτηδεύοντα
1777 1144 1860 1196 τὸν

264 1223 495 1290 Χριστὸν,
530 1225 606 1276 διὰ
647 1226 733 1290 τὴν
767 1231 861 1277 τῶν
897 1227 1208 1292 ἀκροωμένων
1244 1227 1503 1289 ἀσθένειαν,
1540 1230 1615 1278 καὶ
1653 1228 1777 1292 με’γα
1814 1251 1859 1279 τι

40 1320 125 1355 532
140 1320 191 1355 Α.
221 1304 316 1357 arb
355 1309 565 1358 ἐντεῦθεν
605 1313 866 1374 κατορθοῦν
905 1308 1101 1359 εἰωθότα
1140 1308 1361 1374 θαυμάζει
1400 1308 1547 1360 πάλιν
1585 1311 1793 1360 ἐντεῦθεν
1832 1311 1857 1360 ὁ

262 1389 420 1458 σοφὸς
451 1390 835 1456 Εὐαγγελιστής·
881 1390 1036 1458 παρὸν
1063 1390 1156 1457 γὰρ
1184 1394 1246 1445 ὡς
1274 1395 1381 1459 Θεῷ
1408 1390 1467 1441 τὰ
1493 1391 1649 1442 πάντα
1676 1397 1856 1454 λαλεῖν,

261 1471 513 1537 ἐλευθέραν
547 1495 595 1522 τε
632 1475 709 1522 καὶ
747 1472 1009 1537 βασιλικὴν
1045 1473 1251 1540 ἔχουσαν
1283 1471 1369 1536 τὴν
1404 1473 1476 1540 ἐφ’
1504 1471 1685 1523 ἅπασιν
1716 1474 1851 1541 ἐξου-
1880 1492 1928 1530 15

263 1553 375 1603 σίαν
401 1558 639 1604 ποιεῖσθαι
675 1554 761 1618 τὴν
788 1554 1015 1623 διάλεξιν,
1043 1553 1405 1621 συμμετριάσας
1433 1558 1733 1618 οἰκονομικῶς
1764 1555 1857 1623 ἕξει

261 1633 344 1685 τὸν
389 1634 550 1702 λόγον,
599 1636 850 1702 σαγηνεύει
895 1637 980 1700 μὲν
1025 1640 1087 1690 εἱς
1133 1638 1389 1688 εὐπείθειαν
1431 1635 1660 1699 πολλοὺς,
1701 1660 1856 1704 προσ-

262 1717 462 1782 εδρεύειν
496 1741 545 1768 τε
584 1716 755 1769 λοιπὸν
785 1717 1000 1771 πολλοὺς
1040 1719 1276 1769 ὑποπείθει
1315 1718 1685 1784 σπουδαιότερον
1711 1720 1851 1788 αὐτῷ.

261 1799 429 1849 οὐκοῦν
465 1801 547 1850 οὐκ
588 1804 760 1850 εἰκαῖον
795 1804 862 1869 τῷ
903 1803 1088 1865 Σωτῆρι
1127 1799 1182 1850 τὸ
1221 1799 1515 1864 ἐπιτήδευμα,
1552 1802 1673 1868 φημὶ
1715 1801 1763 1851 δὲ
1801 1800 1854 1852 τὸ

260 1887 429 1933 λαλεῖν
479 1887 574 1935 τοῖς
624 1881 786 1949 ὄχλοις
836 1882 1403 1948 ἀνθρωποπρεπέστερον·
1466 1882 1855 1947 ἀπεθρασύνοντο
1876 1906 1925 1930 20

38 1960 87 1991 Of.
101 1972 199 2002 supra

35 2005 80 2036 vi.
99 2004 151 2045 67·
261 1962 355 2028 γὰρ
394 1964 448 2013 οὐ
485 1967 675 2028 μικρῶς,
703 1966 779 2014 καὶ
813 1964 1085 2032 ἀπεφοίτων
1119 1963 1324 2017 εὐκόλως
1363 1964 1504 2014 αὐτοῦ
1544 1967 1638 2014 τῶν
1673 1965 1849 2027 ἀμαθε-

214 2043 444 2110 ὒστέρων
482 2043 615 2107 τινὲς,
656 2045 908 2110 ἄνθρωπον
953 2046 1228 2107 βλέποντες,
1269 2047 1344 2095 καὶ
1390 2048 1664 2111 θεοπρεπῶν
1708 2045 1852 2096 ἀκού-

262 2149 391 2179 οντες
430 2125 604 2192 λόγων.
657 2124 813 2189 ἐπειδὴ
853 2127 901 2177 δὲ
940 2125 998 2189 ἧν
1034 2128 1083 2177 ἐν
1118 2127 1273 2194 ταύτῷ
1309 2126 1431 2180 Θεὸς
1470 2127 1546 2176 καὶ
1586 2126 1852 2192 ἅνθρωπος,

262 2207 618 2273 ἀκατηγόρητον
644 2208 764 2274 ἔχων
790 2209 858 2258 ἐπ’
890 2208 1036 2276 ἄμφω
1064 2207 1149 2271 τὴν
1175 2208 1412 2275 ἐξουσίαν,
1440 2209 1515 2257 καὶ
1551 2208 1854 2273 ἀνεγκλήτως

262 2290 370 2340 καθ’
404 2290 546 2355 ὅνπερ
574 2289 630 2339 ἂν
656 2289 883 2350 βούλοιτο
910 2289 1087 2354 τρόπον
1114 2289 1419 2354 διαλέγεσθαι
1455 2289 1724 2350 δυνάμενος,
1752 2296 1853 2345 ταῖς
1874 2309 1922 2348 25

261 2374 357 2420 τῶν
383 2371 690 2437 ἀκροωμένων
716 2371 965 2440 ἐλαφρίαις
992 2370 1041 2420 εὖ
1066 2368 1200 2433 μάλα
1225 2375 1374 2420 ποιῶν
1399 2370 1766 2434 συνεπλάττετο,
1794 2372 1853 2423 τὰ

261 2452 498 2521 ἀνθρώπῳ
523 2452 767 2518 πρέποντα
792 2450 1031 2504 πολλάκις
1065 2453 1172 2516 περὶ
1207 2452 1372 2502 ἑαυτοῦ
1398 2453 1623 2506 ποικίλως
1649 2453 1847 2521 ἐξηγού-

35 2532 142 2574 Supra
258 2555 410 2596 μενος,
447 2533 545 2584 οἷον
580 2534 636 2584 δέ
665 2556 710 2583 τι
746 2537 867 2601 φημὶ
904 2532 959 2584 τό
984 2532 1094 2584 Ἀπ’
1123 2535 1325 2596 ἐμαυτοῦ
1361 2532 1492 2583 οὐδὲν
1522 2538 1657 2597 ποιῶ,
1683 2537 1759 2585 καὶ
1794 2533 1853 2585 τὰ

34 2586 101 2608 ver.
122 2576 172 2608 28.

218 2634 240 2660 c
260 2614 441 2669 τούτοις
467 2613 668 2684 ἀδελφά·
709 2614 944 2668 συνιέντες
977 2613 1070 2681 γὰρ
1105 2613 1229 2667 ὅλως
1262 2613 1408 2677 οὐδὲν,
1435 2616 1778 2676 ἀβασανίστως
1804 2615 1853 2666 δὲ

307 2785 340 2817 5.
368 2775 403 2809 ἐν
419 2775 603 2811 ἐλάττοσιν
623 2777 734 2821 (ἐστιν
751 2776 769 2819 ἢ
790 2776 835 2820 a.)
856 2775 874 2820 ἢ
893 2788 923 2811 a.
943 2775 1037 2810 Aub.
1057 2775 1092 2810 ἐν
1110 2775 1299 2810 ἐλαττώσει
1316 2775 1400 2820 μηδὲ
1420 2775 1462 2809 Β.
1664 2775 1697 2810 6.
1723 2775 1850 2811 οἷέσθω

258 2821 457 2855 emendavit
478 2823 595 2857 Holst.
613 2823 747 2858 οἴεσθαι
770 2823 810 2857 Β.
862 2824 1003 2857 Desunt
1023 2822 1128 2856 verba
1145 2834 1256 2867 pauca
1275 2822 1310 2854 in
1328 2834 1358 2855 a.
1539 2832 1592 2867 13.
1619 2822 1772 2856 ἐντεῦθεν
1789 2824 1848 2858 alt.

257 2866 363 2900 habet
382 2868 425 2900 B.
618 2871 672 2904 16.
699 2869 934 2914 συμμετρίσας
953 2869 994 2903 Β.
1062 2869 1131 2913 ἕξει
1151 2867 1253 2913 [ἕξει]
1275 2867 1317 2902 Β.
1336 2868 1458 2911 ἐξίεισι
1478 2868 1541 2903 Ht.
1560 2867 1655 2902 unde
1673 2868 1767 2903 Aub.
1788 2870 1848 2914 qui

258 2915 282 2930 “
295 2914 489 2957 corrupte''
508 2914 663 2949 adnotat.
809 2926 865 2960 ²9·
891 2915 980 2951 ὅλως
997 2921 1225 2960 assumptum
1242 2925 1283 2948 ex
1305 2914 1346 2948 B.
