2037 3266
297 134 382 176 316
700 131 750 172 Β.
784 128 1059 171 CYRILLI
1100 126 1479 168 ALEXANDR.
1641 125 1710 165 xii.
1731 135 1799 177 27,
1819 122 1886 166 28.

299 243 482 294 ἅπασιν
509 239 711 309 ἀῤῥαγές
737 262 786 291 τε
814 242 890 290 καὶ
917 239 1189 305 ἄθραυστον
1215 240 1291 289 καὶ
1325 241 1389 291 εἰς
1421 235 1570 300 μόνην
1596 233 1780 296 βλέπον
1804 232 1890 296 τὴν

301 326 420 392 αὐτῇ
451 322 731 391 πρέπουσαν
762 322 993 387 ἀνδρείαν.
1051 321 1078 385 ἡ
1115 319 1199 383 μὲν
1224 319 1317 386 γὰρ
1352 318 1555 371 θανάτου
1589 314 1893 383 παρεισδύσα

300 406 459 471 μνήμη
499 403 745 471 ταράττειν
784 407 999 469 πειρᾶται
1037 402 1120 452 τὸν
1152 402 1358 466 Ἰησοῦν,
1399 402 1427 466 ἡ
1467 401 1514 451 δὲ
1553 402 1635 464 τῆς
1674 398 1893 461 θεότητος

301 489 495 551 δύναμις
536 485 834 550 κεκινημένον
876 484 1010 538 εὐθὺς
1051 489 1287 552 χειροῦται
1330 485 1384 535 τὸ
1428 482 1579 535 πάθος
1624 482 1700 532 καὶ
1744 502 1890 543 μετα-

302 575 486 639 μορφοῖ
525 571 820 635 παραχρῆμα
861 566 980 632 πρὸς
1025 567 1315 632 ἀσύγκριτον
1354 565 1607 627 εὐτολμίαν
1644 562 1698 614 τὸ
1743 562 1934 630 δειλίᾳ5

304 652 614 716 νενικημένον.
658 648 918 713 οἰησόμεθα
944 648 1039 714 γὰρ
1067 650 1142 699 καὶ
1168 651 1217 698 ἐν
1244 649 1369 717 αὐτῷ
1395 651 1461 716 τῷ
1484 649 1669 712 Σωτῆρι
1689 648 1891 713 Χριστῷ

266 737 577 799 οκεκινῆσθαι
615 732 675 784 τὰ
713 731 986 798 ἀνθρώπινα
1026 730 1101 781 διὰ
1140 730 1222 781 δύο
1260 753 1309 782 τε
1348 733 1424 781 καὶ
1463 728 1745 794 ἀναγκαίους
1776 726 1886 793 τρό-

302 840 436 871 πους.
492 817 581 867 ἔδει
618 814 712 881 γὰρ
752 814 841 865 ε”δει
880 816 955 864 καὶ
996 812 1072 863 διὰ
1109 813 1288 864 τούτων
1322 812 1465 863 αὐτὸν
1499 813 1552 862 οὐ
1593 810 1785 874 δοκήσει
1818 810 1895 860 καὶ

305 900 517 968 ὑπονοίᾳ,
567 902 782 967 φυσικῶς
834 896 882 947 δὲ
933 901 1127 960 μᾶλλον
1178 899 1253 946 καὶ
1304 897 1495 959 ἀληθῶς
1544 894 1795 960 ἄνθρωπον
1845 893 1895 943 ἐκ

303 981 525 1047 γυναικὸς
551 978 782 1047 γεγονότα
813 980 1084 1047 φαίνεσθαι,
1110 977 1267 1029 πάντα
1294 976 1496 1046 φέροντα
1523 976 1582 1027 τὰ
1608 974 1894 1041 ἀνθρώπινα,
1918 992 1966 1017 10

304 1065 414 1132 δίχα
453 1062 600 1128 μόνης
639 1061 886 1128 ἁμαρτίας.
952 1059 1107 1129 φόβος
1149 1059 1196 1110 δὲ
1239 1062 1314 1110 καὶ
1356 1060 1518 1121 δειλία,
1557 1057 1687 1122 πάθη
1725 1055 1810 1121 μὲν
1847 1057 1896 1107 ἐν

303 1147 413 1210 ἡμῖν
453 1144 650 1214 φυσικὰ,
690 1143 745 1195 τὸ
788 1142 938 1209 γεμὴν
984 1145 1032 1194 ε’ν
1072 1142 1321 1208 ἁμαρτίαις
1368 1142 1591 1209 τετάχθαι
1638 1143 1890 1208 διαπεφευ-

303 1227 438 1294 γότα.
510 1229 585 1278 καὶ
630 1225 752 1293 πρὸς
796 1224 979 1278 τούτοις
1031 1224 1097 1276 ἔτι
1142 1225 1389 1292 χρησίμως
1436 1225 1691 1275 ὑπεκινεῖτο
1733 1223 1808 1272 καὶ
1846 1221 1896 1271 ἐν

305 1313 507 1379 Χριστῷ
545 1308 605 1359 τὰ
643 1308 932 1375 ἀνθρώπινα,
975 1308 1062 1374 οὐχ
1098 1307 1174 1357 ἵνα
1215 1306 1460 1370 κινηθέντα
1497 1304 1780 1372 κρατύνηται
1819 1304 1897 1354 καὶ

1156 1391 1168 1406 N
1211 1392 1219 1404 θ
1260 1389 1270 1404 9
1313 1389 1323 1402 f

85 1407 174 1441 704
187 1407 237 1440 A.
268 1396 368 1445 ιιεῖς
394 1391 453 1442 τὰ
479 1393 650 1457 πρόσω
677 1395 825 1458 χωρῇ,
854 1389 1067 1456 καθάπερ
1096 1412 1168 1439 και
1197 1393 1257 1457 εφ
1298 1393 1446 1452 ημῶν,
1472 1388 1582 1438 ἀλλ’
1609 1387 1684 1438 ἵνα
1710 1409 1890 1451 κεκινη-
1918 1403 1966 1442 15

307 1473 423 1537 μένα
456 1477 514 1542 τῇ
547 1473 739 1537 δυνάμει
775 1477 858 1522 τοῦ
888 1471 1051 1537 Λόγου
1085 1470 1406 1535 διακόπτηται,
1432 1469 1551 1536 πρὸς
1585 1469 1758 1532 ἀμείνω
1793 1467 1898 1519 τινὰ

307 1559 382 1607 καὶ
424 1556 662 1622 θειοτέραν
703 1553 1006 1605 κατάστασιν
1044 1553 1545 1620 μεταστοιχειουμὲνης
1582 1554 1665 1616 τῆς
1706 1550 1898 1620 φύσεως

306 1640 355 1689 ἐν
392 1638 566 1706 πρώτῳ
606 1640 823 1705 Χριστῷ.
895 1635 953 1700 ἦν
991 1634 1084 1701 γὰρ
1123 1637 1246 1686 οὕτω
1285 1637 1361 1685 καὶ
1396 1635 1484 1702 οὐχ
1521 1635 1685 1701 ἑτέρως
1723 1635 1798 1683 καὶ
1837 1636 1898 1686 εἷς

307 1722 429 1785 ἡμᾶς
481 1719 650 1774 αὐτοὺς
698 1718 782 1770 τὸν
822 1721 905 1782 τῆς
958 1717 1128 1772 ἰάσεως
1179 1720 1397 1781 διαβῆναι
1447 1716 1637 1782 τρόπον.
1713 1717 1761 1767 ἐν
1804 1714 1898 1781 γὰρ

309 1806 500 1870 ἀπαρχῇ
546 1805 750 1870 Χριστῷ
802 1804 865 1854 εἷς
918 1799 1172 1864 καινότητα
1216 1798 1332 1865 ζωῆς
1377 1800 1404 1864 ἡ
1454 1799 1708 1864 ἀνθρώπου
1751 1797 1899 1866 φύσις
1921 1821 1972 1846 20

360 1971 389 1993 1.
416 1959 611 2004 ἄθραυστον
629 1965 661 1993 et
679 1958 824 2004 ἀρραγὲς
842 1958 931 1992 inter
950 1970 985 1992 se
1003 1958 1202 2003 transponit
1219 1964 1243 1992 t.
1390 1969 1421 1992 2.
1446 1959 1534 2003 αὐτῷ
1555 1956 1643 1991 Cod.
1664 1957 1749 1991 Roe.
1814 1955 1897 2003 γὰρ]

315 2011 351 2047 -ιΙ-
373 2009 432 2040 τοῦ
451 2012 475 2040 t.
494 2012 527 2040 et
547 2005 656 2040 Cone.
755 2005 1023 2050 παρεισδύσασα
1043 2005 1152 2039 Cone.
1343 2005 1375 2038 6.
1402 2003 1611 2048 νενικημένον
1630 2003 1739 2038 Cone.
1759 2003 1856 2049 Syrr.
1875 2011 1900 2039 t.

310 2052 521 2097 κεκινημένον
540 2052 654 2086 Chon.
682 2052 726 2086 cf.
752 2052 837 2086 Nik.
898 2052 965 2086 Pro
991 2052 1046 2085 his
1074 2053 1109 2095 (a
1134 2060 1214 2097 315,
1245 2051 1315 2095 18),
1343 2052 1442 2095 Πλὴν
1467 2051 1496 2084 εἷ
1525 2052 1578 2084 καὶ
1607 2051 1651 2086 ὡς
1679 2050 1856 2096 ἅνθρωπος
1883 2052 1901 2085 ὁ

310 2101 460 2145 Χριστὸς
485 2100 679 2143 θορυβεῖται
704 2101 743 2143 τῇ
770 2101 830 2132 τοῦ
849 2099 994 2132 θανάτου
1018 2098 1140 2142 μνήμῃ,
1159 2097 1238 2132 ἀλλ’
1256 2099 1300 2133 ὡς
1324 2100 1420 2138 Θεὸς,
1442 2097 1654 2141 κεκινημένου
1676 2100 1736 2132 τοῦ
1760 2097 1901 2138 πάθους,

310 2148 395 2190 πρὸς
421 2147 549 2191 θάρσος
569 2145 671 2191 [πρὸς
696 2147 825 2190 θάρσος
847 2158 916 2180 om.
935 2146 1004 2179 a.k.
1024 2145 1165 2179 exhibet
1184 2146 1261 2179 Cat.
1282 2145 1381 2179 Harl.
1400 2146 1437 2179 in
1455 2144 1545 2190 mg]
1565 2144 1663 2179 εὐθὺς
1681 2144 1903 2189 παραγίνεται

315 2193 536 2239 [περιγίνεται
563 2191 652 2238 a.1<.]
676 2194 729 2226 καὶ
755 2194 840 2235 πρὸς
865 2192 1045 2235 εὐτολμίαν
1064 2194 1278 2237 μεταμορφοῖ
1302 2192 1340 2225 τὸ
1363 2194 1401 2234 τῇ
1423 2192 1529 2235 δειλίᾳ
1548 2191 1678 2234 νικηθέν
1695 2191 1902 2225 abbrevians

314 2240 398 2274 Nik.
419 2239 513 2273 unde
530 2239 596 2273 Ed.
665 2239 738 2272 Ine.
757 2238 944 2282 οἰησόμεθα
962 2238 1032 2272 b.c.
1047 2238 1152 2272 Cord.
1217 2238 1410 2281 οἶησώμεθα
1428 2244 1452 2271 t.
1467 2238 1576 2271 Cone.
1591 2237 1657 2271 Ed.
1674 2237 1750 2271 Col.
1811 2238 1900 2283 αὐτῷ

314 2298 384 2320 om.
400 2286 508 2319 Cone.
525 2291 557 2319 et
573 2285 775 2319 Choniates.
837 2286 966 2329 σωτῆρι
983 2287 1122 2330 Χριστῷ
1140 2284 1306 2319 a.b.c.k.t.
1328 2284 1433 2318 Cord.
1448 2283 1557 2318 Cone.
1574 2284 1668 2329 Syrr.
1684 2285 1812 2328 σωτῆρι
1830 2296 1901 2320 om.

317 2332 432 2366 Chon.
451 2334 590 2377 Χριστῷ
609 2333 661 2365 καὶ
680 2332 808 2376 σωτῆρι
829 2331 907 2365 Cat.
930 2331 1029 2364 Harl.
1044 2330 1111 2365 Ed.
1209 2340 1241 2376 7.
1267 2331 1455 2376 ἀνθρώπεια
1467 2330 1561 2364 Aub.
1622 2345 1658 2364 τε
1677 2334 1903 2376 assumptum

315 2391 357 2413 ex
378 2379 492 2412 Chon.
511 2385 536 2412 t.
557 2379 593 2412 δὲ
619 2390 648 2412 c.
669 2378 776 2413 Cord.
795 2378 835 2412 τὰ
855 2378 934 2422 (sio)
954 2377 1043 2412 cod.
1061 2377 1189 2411 Vienn.
1440 2378 1473 2411 8.
1501 2376 1542 2410 δι’
1561 2377 1663 2412 αὐτοῦ
1680 2377 1739 2411 τὸν
1756 2378 1857 2412 αὐτὸν
1872 2381 1900 2412 t.

316 2426 418 2460 αὐτὸν
435 2437 465 2459 c.
485 2425 570 2459 Nik.
591 2425 658 2459 Ed.
675 2426 785 2459 αὐτῶν
799 2424 913 2458 Chon.
928 2424 1037 2458 Cone.
1102 2423 1256 2470 δοκήσει]
1275 2428 1312 2464 ⁷}-
1326 2439 1362 2458 τε
1377 2423 1466 2458 Cod.
1480 2422 1564 2458 Roe.
1660 2436 1694 2470 9.
1712 2424 1853 2469 ἀπονοίᾳ
1867 2424 1902 2459 b.

316 2473 351 2506 ἐκ
369 2473 525 2518 γυναικὸς
542 2483 612 2505 om.
633 2471 721 2506 Cod.
736 2471 837 2506 Vien.
856 2471 971 2505 Chon.
990 2470 1121 2505 habent
1140 2470 1236 2516 Syrr.
1251 2476 1275 2506 t.
1422 2482 1435 2505 1
1448 2482 1475 2504 1.
1501 2472 1603 2514 μόνης
1620 2476 1843 2515 assumptum
1861 2483 1904 2505 ex

317 2519 484 2554 a.b.e.k.t.
505 2518 614 2553 Cone.
634 2518 748 2553 Chon.
769 2517 876 2553 Cord.
897 2517 992 2563 Syl-r.
1013 2517 1109 2552 deest
1126 2518 1162 2551 in
1182 2517 1258 2552 Cat.
1280 2517 1380 2552 Harl.
1451 2516 1505 2563 δὲ]
1524 2520 1590 2563 γὰρ
1609 2517 1643 2552 b.
1664 2517 1771 2552 Cord.
1789 2517 1849 2552 sed
1867 2517 1904 2552 δὲ

317 2566 422 2600 habet
440 2577 469 2599 c.
536 2566 570 2600 ἐν
587 2571 812 2610 assumptum
832 2577 872 2598 ex
894 2564 1004 2599 Cone.
1025 2564 1140 2599 Chon.
1159 2570 1184 2598 t.
1205 2565 1302 2610 Syrr.
1475 2576 1527 2610 13.
1553 2565 1606 2598 καὶ
1624 2565 1682 2599 alt.
1701 2576 1771 2599 om.
1792 2564 1904 2599 Cone.

320 2613 415 2657 Syrr.
435 2612 549 2646 Chon.
616 2612 667 2657 ε’ν]
693 2619 727 2651 -1-
749 2614 796 2658 τῷ
817 2611 932 2646 Chon.
1056 2622 1110 2654 14.
1136 2610 1345 2656 ἀνθρώπινα]
1369 2615 1406 2652 -Ι-
1428 2611 1507 2656 δίχα
1524 2611 1687 2656 ἁμαρτίας
1706 2610 1783 2646 Cat.
1804 2611 1905 2645 Harl.

320 2660 387 2694 Ed.
408 2659 686 2703 repugnantibus
711 2658 866 2704 reliquis.
949 2657 1018 2704 ἵνα]
1042 2662 1080 2699 -1-
1101 2659 1141 2692 τὰ
1162 2658 1245 2692 Nik.
1265 2670 1295 2692 c.
1314 2657 1421 2692 Cord.
1446 2658 1513 2692 Ed.
1533 2658 1651 2693 invitis
1676 2657 1787 2692 Cone.
1809 2658 1906 2702 Syrr.

321 2706 436 2739 Chon.
455 2712 479 2740 t„
604 2715 657 2751 15.
683 2706 724 2740 τὰ
743 2704 853 2740 Cone.
873 2704 987 2739 Chon.
1007 2706 1045 2739 τὸ
1063 2711 1088 2738 t.
1110 2704 1201 2739 Catt.
1222 2704 1289 2739 Ed.
1363 2706 1417 2738 καὶ
1435 2717 1504 2739 om.
1525 2705 1640 2739 Chon.
1658 2704 1789 2738 habent
1808 2704 1904 2749 Syrr.

318 2752 396 2796 ἡμῖν
415 2752 529 2787 Chon.
746 2751 798 2786 16.
826 2752 961 2795 δυνάμει
979 2754 1038 2786 τοῦ
1056 2753 1167 2796 Λόγου
1186 2751 1253 2786 hoc
1271 2750 1393 2786 ordine
1413 2751 1523 2786 Cone.
1541 2751 1640 2786 b.c.t.
1662 2751 1776 2785 Chon.
1797 2749 1905 2785 Cord.

323 2808 374 2843 17⁶
401 2800 612 2841 μετάστασιν
631 2798 707 2834 Cat.
728 2798 828 2832 Harl.
848 2799 913 2832 Ed.
933 2799 1050 2832 invitis
1069 2799 1222 2844 reliquis.
1510 2799 1563 2833 18.
1589 2800 1635 2844 τῷ
1654 2809 1716 2842 pro
1733 2798 1855 2844 πρώτῳ
1873 2808 1904 2830 c.

324 2857 376 2889 19.
402 2845 540 2891 ἰάσεως]
560 2847 690 2882 τάσεως
710 2846 791 2889 (sic)
814 2844 928 2879 Chon.
950 2844 1057 2890 [Cod.
1077 2844 1256 2890 uterque}
1322 2845 1449 2879 Statim
1467 2845 1622 2888 διαβῆναι
1640 2849 1777 2888 ponunt
1796 2843 1904 2877 Cone.

321 2891 436 2926 Chon.
462 2898 518 2926 c.t.
547 2892 655 2927 Cord.
681 2898 760 2926 ante
786 2893 844 2926 τὸν
868 2893 924 2935 τῆς
949 2896 994 2925 tr.
1019 2891 1105 2925 Nik.
1125 2892 1191 2925 Ed.
1264 2893 1390 2937 τρόπον
1408 2891 1479 2926 des.
1501 2891 1610 2926 Cone.
1631 2890 1727 2936 Syrr.
1747 2889 1861 2925 Chon.
1879 2896 1904 2925 t.

323 2950 447 2982 19—-p.
463 2947 544 2983 317,
568 2951 596 2973 1.
624 2939 930 2983 ε’ν-ἐκερδάνομεν
947 2950 1017 2973 om,
1035 2950 1065 2973 c.
1086 2937 1192 2972 Cord.
