1971 3272
91 106 144 147 ix.
164 120 231 163 30.
334 108 406 149 IN
449 109 492 148 S.
526 109 861 149 JOANNEM.
926 110 1050 151 LIB.
1077 110 1153 150 Vl.
1217 112 1351 151 (JAP.
1388 112 1420 151 I.
1601 112 1680 150 189

89 216 374 279 λεληθότως,
409 217 478 268 ὅτι
518 224 749 269 τοσοῦτον
786 220 1060 287 ἀφεστᾶσιν
1096 221 1353 285 ἀγιασμοῦ,
1381 222 1457 270 καὶ
1495 222 1578 283 τῆς
1617 223 1720 273 elsa
1750 236 1900 271 624A.

89 300 330 359 εὐσέβειαν
375 301 627 362 ἐπιεικείας,
672 303 732 354 ὡς
779 304 853 351 καὶ
898 302 1223 369 ἀναισχύντως
1270 304 1524 367 ὁμολογεῖν
1565 300 1679 365 μηδὲ

89 382 254 431 εἰδέναι
277 386 522 435 παντελῶς
549 381 631 433 τὸν
659 386 852 446 ἀληθῶς
878 382 1028 449 ἅγιον,
1055 383 1270 434 τουτέστι
1299 383 1529 449 Χριστόν.

155 462 261 513 Ἵνα
300 463 392 529 γὰρ
431 464 514 514 τὸν
554 466 662 515 καθ’
699 465 819 528 ἡμᾶς
858 465 1179 531 γυμνάσωμεν
1219 467 1387 532 λόγον·
1431 469 1468 516 εἷ
1508 464 1681 528 ἀληθὲς

48 559 70 597 5
90 545 229 596 τοῦτό
255 569 347 597 που
374 551 531 600 καλῶς
559 548 811 612 εἰρημένον,
834 547 902 598 ὅτι
926 555 950 576 “
971 551 1079 598 Πᾶν
1107 549 1223 616 ζῶον
1249 551 1414 617 ἀγαπᾷ
1439 547 1492 598 τὸ
1521 547 1681 608 ὅμοιον
1744 552 1890 625 {2255—

91 635 117 657 ‘⁶
143 630 282 697 αὐτῷ,
310 631 384 679 καὶ
416 633 482 698 τῷ
517 630 662 698 ὁμοίῳ
689 630 831 680 αὐτοῦ
858 630 1347 694 προσκολληθήσεται
1374 630 1538 696 ἀνήρ·”
1580 633 1681 683 πῶς
1765 613 1793 634 Ο,
1853 620 1859 626 η

91 711 216 777 ε’ίπερ
251 710 378 775 ἦσαν
405 711 534 776 ἅγιοί
566 734 614 762 τε
650 713 725 761 καὶ
761 713 945 777 ἀγαθοὶ,
975 711 1028 762 τὸ
1065 718 1338 763 κολλᾶσθαι
1376 717 1533 780 φιλεῖν
1559 713 1678 762 ἀπε-

91 793 317 858 τρέποντο
357 797 423 862 τῷ
462 794 581 862 ἁγίῳ
620 795 695 844 καὶ
735 796 930 862 ἀγαθιιῖη
982 793 1181 861 ἔλεγχον
1214 795 1295 844 οῦν
1335 795 1426 861 ἄρα
1465 798 1548 857 τῆς
1587 799 1682 844 τῶν

93 877 369 941 Φαρισαίων
417 877 611 941 ἐναγοῦς
661 877 918 939 πολιτείας,
968 877 1071 940 ἤτοι
1122 879 1377 942 διαγωγῆς,
1426 877 1575 927 ὠδίνει
1626 875 1681 926 τὸ

27 977 72 1001 10
92 957 346 1022 εἰρημένον.
403 955 530 1019 οἶμαι
569 958 625 1008 δέ
656 981 699 1008 τι
739 961 814 1009 καὶ
854 959 1010 1024 ἕτερον
1049 960 1123 1009 ἐπὶ
1163 959 1314 1028 τούτῳ
1352 961 1678 1024 παραδηλοῦν.

92 1043 187 1090 δεῖν
232 1038 325 1106 γὰρ
376 1037 504 1103 οἶμαι
555 1044 650 1093 τοῖς
702 1040 977 1107 θεωρήμασι
1029 1041 1261 1110 φιλεργὸν
1308 1040 1547 1106 ἐπάγοντα
1598 1040 1683 1105 τὴν
1701 1051 1727 1091 b

93 1121 312 1184 διάνοιαν,
356 1121 409 1172 τὸ
459 1124 506 1172 ἐν
556 1122 742 1192 ἑκάστῳ
794 1123 1051 1190 κεκρύφθαι
1103 1127 1271 1174 δοκοῦν
1323 1124 1684 1192 ὀξυωπέστερον

93 1209 317 1269 καθορᾶν,
384 1205 433 1254 τί
472 1205 628 1254 τοίνυν
667 1207 769 1255 ἐστὶ
814 1211 988 1267 τοῦτο;
1047 1205 1200 1259 πολὺς
1238 1207 1323 1269 μὲν
1363 1206 1560 1256 ἅπασαν
1599 1205 1685 1269 τὴν

90 1287 322 1338 Ἰουδαίαν
344 1291 608 1354 περιηχεῖτο
636 1286 782 1352 λόγος
807 1290 913 1352 περὶ
941 1293 1023 1338 τοῦ
1052 1291 1272 1353 Σωτῆρος
1299 1289 1430 1351 ἡμῶν
1449 1292 1681 1354 Χριστοῦ,

29 1384 74 1422 15
92 1368 223 1433 πλὴν
262 1372 323 1422 ὡς
363 1370 467 1435 περὶ
505 1369 770 1437 προφήτου
835 1372 956 1420 οὕτω
996 1370 1089 1436 γὰρ
1129 1371 1152 1420 ὁ
1193 1370 1334 1433 νόμος
1374 1369 1516 1420 αὐτὸν
1555 1370 1685 1438 ἥξειν

93 1450 538 1520 προεχρησμωδησε
577 1458 603 1480 “
627 1450 894 1520 Προφήτην
939 1451 1093 1517 λεγων
1138 1450 1402 1516 ἀναστήσει
1446 1452 1619 1518 Κύριος
1659 1453 1683 1503 ὁ
1745 1454 1905 1537 Ξῗξιὲ.

94 1541 122 1563 “
149 1535 319 1587 Θεὸς
296 1539 426 1597 ημῶν
453 1535 502 1584 ἐκ
526 1537 620 1584 τῶν
641 1535 908 1601 ἀδελφῶν
887 1535 1042 1596 υμῶν·’
1089 1533 1215 1602 εἶχον
1242 1557 1389 1600 γεμην
1417 1536 1464 1585 ἐν
1490 1535 1685 1586 ε’λπισιν

97 1618 159 1669 ὡς
194 1617 482 1683 ἀναδειχθεὶς
518 1616 637 1666 κατὰ
674 1615 837 1682 καιρὸν
867 1615 949 1666 τὸν
982 1620 1148 1667 οἰκεῖον
1181 1616 1240 1667 τὰ
1274 1615 1389 1683 ὑπὲρ
1424 1616 1507 1667 τὸν
1541 1616 1686 1679 νόμον

97 1700 253 1752 αὐτοῖς
291 1697 672 1766 διαλεχθήσεται,
705 1700 780 1748 καὶ
819 1698 905 1762 τὴν
943 1698 1273 1765 ἀληθεστέραν
1312 1704 1395 1749 τοῦ
1435 1697 1726 1762 νομοθέτουο

30 1797 78 1822 20
97 1779 334 1844 βούλησιν
360 1781 408 1830 εὖ
438 1780 572 1844 μάλα
606 1779 788 1849 διεξιὼν
812 1780 1174 1844 μεταπαιδεύσει
1209 1780 1267 1831 τὰ
1301 1780 1683 1847 πρεπωδέστερα.

99 1864 173 1912 καὶ
196 1862 261 1927 μὴ
289 1862 539 1931 θαυμάσῃς
573 1867 612 1914 εἰ
647 1863 776 1929 παρὰ
803 1868 899 1917 τοῖς
925 1863 1167 1916 Ἰουδαίοις
1194 1865 1330 1916 ε’λπῖς
1357 1861 1414 1927 ἦν
1441 1865 1515 1913 καὶ
1542 1861 1688 1929 λόγος

98 1950 320 2005 τοιοῦτος,
360 1945 478 1995 ὅπου
517 1947 592 1996 καὶ
631 1945 762 2011 παρὰ
800 1949 897 1998 τοῖς
935 1944 1219 2010 ἀλλογενέσι
1260 1945 1547 2011 ταὺτόθρους
1589 1946 1684 1996 διέ-

99 2049 289 2092 σπαρτο
315 2027 473 2092 λόγος.
515 2029 589 2077 καὶ
616 2032 732 2093 γοῦν
760 2027 786 2090 ἡ
815 2030 1093 2091 Σαμαρεῖτις
1119 2027 1268 2090 ε’κείνη
1296 2025 1413 2092 γυνή
1432 2035 1458 2055 “
1477 2020 1689 2090 Οἴδαμεν
1751 2032 1913 2107 {qnam

100 2117 126 2137 ιι
158 2109 178 2125 U
1774 2099 1803 2114 ”⁸

155 2132 225 2159 οτι
272 2110 462 2162 Μεσιάς
512 2109 710 2176 ἔρχεται,
755 2110 780 2160 ὁ
831 2108 1086 2174 λεγόμενος
1132 2108 1360 2175 Χριστὸς,
1407 2108 1521 2159 ὅταν
1568 2107 1688 2177 ἐ’λθῃ

1025 2190 1049 2206 9>

32 2198 128 2239 25⁶⁶
153 2193 334 2253 ἐκεῖνος,
387 2193 644 2257 ἀναγγελεῖ
687 2191 797 2255 ἡμῖν
846 2190 1016 2242 πάντα.
1113 2190 1295 2259 ᾔδεσαν
1345 2197 1597 2257 τοιγαροῦν
1648 2195 1690 2242 οἱ

99 2273 328 2336 Ἰουδαῖοι,
356 2275 430 2324 καὶ
456 2274 589 2337 μάλα
615 2277 802 2342 σαφῶς,
830 2274 901 2324 ὅτι
931 2275 1007 2324 καὶ
1038 2273 1138 2341 ἥξει
1166 2273 1393 2339 Χριστός·
1434 2279 1572 2324 τοῦτο
1598 2272 1691 2339 γὰρ

102 2356 129 2404 ὅ
161 2357 351 2409 Μεσιάς
389 2359 550 2420 δηλοῖ·
595 2357 670 2406 καὶ
705 2354 946 2419 βούλησιν
980 2357 1134 2408 αὐτοῖς
1168 2355 1253 2419 τὴν
1289 2356 1460 2417 ἀμείνω
1497 2358 1686 2421 διερμη-

103 2437 256 2488 νεύσει
283 2442 427 2500 Θεοῦ,
455 2437 575 2504 πρὸς
609 2438 667 2488 δέ
693 2460 748 2503 γε
784 2437 964 2491 τούτοις
1001 2437 1070 2488 ὅτι
1107 2439 1182 2488 καὶ
1210 2436 1492 2506 ὀφθαλμοὺς
1518 2437 1690 2504 ἀνοίξει
1710 2447 1737 2488 (1

103 2525 299 2588 τυφλῶν
322 2519 648 2586 διωμολόγητο
673 2519 803 2586 παρὰ
829 2526 911 2570 τοῦ
931 2519 1141 2570 Ἠσαίου
1169 2518 1443 2587 φάσκοντος
1469 2520 1691 2583 ἐναργῶς,

153 2697 184 2721 2.
209 2687 367 2731 μηδενεδε
387 2686 467 2729 (sic)
484 2686 524 2720 B.
544 2686 628 2729 μηδὲ
646 2685 768 2720 εἰδέναι
786 2685 986 2720 emendavit
1006 2686 1125 2719 Holst.
1144 2692 1177 2719 et
1194 2685 1242 2718 ita
1260 2697 1290 2718 a.
1463 2698 1495 2726 4.
1523 2685 1551 2718 εἷ
1570 2684 1613 2718 Β.
1631 2685 1692 2725 ἔτι,

107 2733 170 2767 Ht.
184 2733 251 2767 Ed.
302 2733 411 2766 Deest
429 2733 587 2766 clausula
603 2733 639 2766 in
657 2744 688 2766 a.
831 2732 864 2765 6.
891 2733 979 2778 αἰτῷ
1000 2732 1042 2765 Β.
1065 2732 1126 2766 Ht.
1145 2733 1246 2765 αὐτοῦ
1265 2731 1360 2765 Aub.
1497 2740 1527 2776 7.
1555 2732 1585 2764 οἶ
1603 2732 1694 2776 ἅγιοι

107 2779 149 2813 Β.
168 2779 366 2814 emendavit
387 2780 449 2813 Ht.
709 2790 742 2823 9.
769 2779 906 2823 ἐναγοῦς
926 2779 967 2812 B.
990 2779 1051 2812 Ht.
1072 2778 1233 2822 ἐναργοῦς
1251 2778 1335 2822 preli
1354 2777 1548 2822 sphalmate
1565 2785 1605 2812 ut
1622 2777 1693 2812 vid.

108 2826 200 2860 Aub.
340 2837 392 2861 10.
419 2823 510 2870 οἶμαι
528 2824 566 2859 δέ
581 2840 613 2859 τι
631 2840 683 2859 και
700 2826 815 2870 ἕτερον
833 2831 1056 2869 assumptum
1075 2836 1115 2858 ex
1136 2824 1178 2858 Β.
1231 2824 1373 2858 Lacuna
1390 2836 1425 2858 ln
1446 2824 1512 2858 Ed.
1593 2827 1695 2858 τοῦτο

109 2872 150 2906 B.
168 2873 365 2907 emendavit
386 2873 448 2906 Ht.
612 2883 666 2915 14.
691 2874 881 2916 περιεχεῖτο
899 2870 1211 2905 Aub.emendav1t
1230 2870 1364 2915 Migne.
1528 2871 1580 2905 18.
1607 2871 1691 2905 κατὰ

108 2921 223 2963 καιρὸν
239 2919 306 2954 hoc
323 2919 446 2953 ordine
467 2919 509 2953 B.
530 2918 593 2953 Ht.
720 2929 774 2963 29.
802 2919 1038 2963 διωμολόγητο
1059 2917 1099 2951 Β.
1119 2918 1368 2963 διωμολόγηται
1389 2917 1451 2951 Ht.
1472 2917 1538 2952 Ed.
