1971 3272
94 145 267 189 fflstza
332 148 402 188 IN
449 146 862 188 S-HLMNNENL
927 145 1126 186 Llan
1188 145 1433 184 CAP.1M
1625 147 1676 182 23

93 255 299 324 εὐτελείᾳ
324 261 406 306 τοῦ
432 255 550 306 κατὰ
577 254 735 321 σάρκα
761 255 923 321 γε’νους
949 253 1346 322 ἐξωφρυωμένων,
1369 253 1442 302 διά
1469 275 1517 302 τε
1544 257 1680 301 τοῦτο

93 335 148 386 τὸ
173 336 317 401 μηδὲν
343 336 455 388 εἶναι
488 337 725 403 λεγόντων
752 336 908 397 αὐτὸν,
935 335 1165 386 ἐδυσώπει
1199 333 1374 400 πράως,
1402 336 1475 384 καὶ
1512 335 1559 383 ἐν
1585 338 1680 385 τοῖς

748 419 760 435 Ι

94 418 311 485 ἀνωτέρω
337 419 624 486 γυμνότερον
650 423 792 470 εὶπων
820 426 845 448 “
865 420 1025 481 “Υμεῖς
1051 416 1169 467 κατὰ
1196 417 1282 480 τὴν
1309 416 1467 481 σάρκα
1493 417 1678 482 κρίνετε,
1702 432 1724 471 (l
1745 415 1851 451 ⁵¹¹¹'ffl

1747 467 1809 485 vor.
1834 464 1879 493 ¹5-

96 505 123 529 “
147 499 239 565 ἐγὼ
277 502 418 566 κρίνω
457 501 663 553 οὐδε’να.”
718 500 771 552 τὸ
812 499 860 551 δὲ
901 499 1069 566 κρίνειν
1105 499 1224 550 κατὰ
1262 498 1348 563 τὴν
1383 497 1555 563 σάρκα,
1583 521 1679 547 τοι-

53 580 241 646 5αύτην
278 581 337 633 ἂν
375 584 471 651 ε”χοι
508 584 595 647 τὴν
634 582 840 634 διάνοιαν
875 581 1078 635 εἰκότως·
1122 585 1163 631 οἱ
1203 581 1296 647 γὰρ
1334 580 1456 644 μόνα
1496 579 1677 642 θαυμά-

95 662 249 729 ζοντες
283 664 343 715 τὰ
377 666 569 732 ἐπίγεια,
596 670 690 716 τῶν
719 665 803 729 μὲν
838 665 1065 730 οὐρανίων
1097 665 1292 728 ἀγαθῶν
1325 665 1501 728 ὁρῶσιν
1529 662 1678 723 οὐδὲν,

95 748 157 798 εἰς
191 745 339 811 μόνην
366 747 413 798 δὲ
449 747 534 808 τὴν
565 751 681 816 τῷδε
717 751 783 816 τῷ
821 747 910 815 βίῳ
946 745 1260 811 λαμπρότητα
1294 744 1571 806 βλέποντες,
1601 743 1684 794 τὸν

94 832 394 879 πλουτοῦντα
438 829 770 896 θαυμάζουσιν,
816 828 919 892 ἤτοι
964 826 1047 878 τὸν
1094 827 1263 893 ἑτέροις
1307 829 1404 878 τισὶ
1450 827 1684 895 δοξαρίοις

96 909 487 976 ἐπικομπάζοντα·
543 913 653 963 ἀλλ’
683 912 730 962 οἵ
763 934 817 977 γε
857 910 976 961 κατὰ
1015 909 1097 960 τὸν
1135 915 1217 960 τοῦ
1256 912 1380 960 Θεοῦ
1420 908 1563 972 νόμον
1601 908 1685 961 τὰς

28 999 77 1036 10
97 995 191 1042 τῶν
243 993 539 1059 πραγμάτων
595 992 949 1059 διευκρινόμενοι
1008 991 1191 1061 φύσεις,
1243 995 1337 1042 τῶν
1390 988 1686 1059 ἀξιεράστων

97 1071 242 1127 ὅντως
284 1078 359 1126 καὶ
403 1076 735 1144 ἀξιοζηλώτων
774 1074 1038 1141 ἀνθρώπων
1076 1076 1247 1125 ἐκεῖνον
1286 1071 1405 1124 εἶναι’
1441 1077 1607 1141 φασιν,
1647 1070 1684 1141 ᾧ

96 1154 150 1205 τὸ
191 1156 457 1217 βούλεσθαι
497 1163 633 1219 βιοῦν
672 1155 918 1224 ἐνυπάρχει
963 1155 1082 1207 κατὰ
1126 1155 1212 1220 τὴν
1252 1161 1334 1206 τοῦ
1376 1153 1723 1218 πεποιηκότοςο

96 1236 281 1302 βουλήν
304 1262 354 1290 τε
380 1241 455 1290 καὶ
482 1238 699 1304 θέλησιν.
755 1238 969 1302 ἀδικήσει
996 1238 1090 1304 γὰρ
1118 1237 1250 1288 οὐδὲν
1275 1237 1360 1302 τὴν
1387 1243 1469 1288 τοῦ
1496 1236 1678 1302 ἀνθρώ-

97 1343 190 1371 που
220 1321 384 1389 ψυχὴν
411 1324 721 1387 ἀγαθουργεῖν
747 1320 1014 1385 εἰθισμένην
1041 1321 1095 1371 τὸ
1130 1319 1250 1370 κατὰ
1283 1318 1442 1385 σάρκα
1478 1342 1682 1383 σμικρο-

32 1416 78 1455 15
98 1401 283 1467 πρεπὲς,
311 1403 552 1473 ὠφελήσει
580 1403 628 1454 δὲ
664 1406 740 1454 καὶ
773 1406 822 1454 ἐκ
855 1407 950 1453 τῶν
976 1403 1196 1453 ἐναντίων
1223 1401 1353 1452 οὐδὲν
1380 1401 1487 1454 τοῦς
1523 1400 1688 1465 διαζῆν

97 1483 299 1547 ἐννόμως
336 1484 732 1550 παραιτουμένους
771 1486 798 1550 ἡ
838 1486 885 1536 ἐν
918 1487 1034 1554 τῷδε
1071 1487 1137 1553 τῷ
1171 1485 1262 1554 βίω
1299 1482 1577 1550 λαμπρότης
1612 1486 1688 1534 καὶ

99 1565 153 1616 τὸ
197 1568 248 1617 ἐκ
294 1568 504 1619 πλούτου
549 1568 816 1636 περιφανές.
887 1568 1100 1634 κρίνουσι
1144 1572 1396 1632 τοιγαροῦν
1440 1565 1559 1616 κατὰ
1603 1565 1689 1629 τὴν

100 1648 272 1714 σάρκα,
300 1649 510 1718 καθάπερ
550 1651 631 1701 οὖν
664 1650 833 1716 ἀρτίως
872 1648 1111 1715 ἐλέγομεν,
1146 1651 1189 1699 οἱ
1227 1647 1291 1712 μὴ
1329 1647 1590 1708 βλέποντες
1628 1652 1689 1701 εἷς·

101 1729 340 1795 ἁγιότητα,
383 1731 447 1796 μὴ
490 1733 747 1795 πολιτείαν,
789 1730 854 1796 μὴ
900 1729 1103 1797 τρόπους
1149 1729 1360 1783 εἰωθότες
1406 1729 1685 1797 δοκιμάζειν,

33 1832 82 1858 20
101 1812 211 1862 ἀλλ’
245 1817 308 1867 εἷς
344 1813 466 1878 μόνα
505 1814 564 1865 τὰ
601 1815 782 1880 ἐπίγεια
820 1813 902 1865 τὸν
937 1817 1104 1864 οἰκεῖον
1141 1812 1520 1878 παρατρέποντες
1558 1818 1686 1874 νοῦν,

101 1895 177 1945 καὶ
214 1895 391 1950 παντὸς
430 1897 669 1966 ἀξιοῦντες
707 1896 945 1958 θαύματος
984 1894 1068 1946 τὸν
1100 1896 1149 1946 ἐν
1184 1894 1376 1964 πλούτῳ
1419 1896 1492 1944 καὶ
1532 1898 1690 1962 τρυφῇ

100 1978 436 2042 τεθραμμένον.
492 1980 618 2043 ὑμεῖς
654 1979 748 2040 οὖν,
777 1976 813 2028 ὦ
847 1976 1296 2044 παραφρονέστατοι
1334 1980 1427 2026 τῶν
1453 1975 1729 2025 Ἰουδαίωνᾶ
1770 1987 1846 2021 513
1861 1985 1911 2020 Α.

101 2062 380 2124 καθηγηταὶ,
406 2060 554 2112 καίτοι
593 2060 720 2130 νόμῳ
759 2064 825 2129 τῷ
863 2058 940 2110 διὰ
974 2057 1223 2111 Μωυσέως
1258 2056 1376 2123 πρὸς
1411 2056 1496 2122 τὴν
1525 2059 1600 2108 ἐπὶ
1635 2057 1689 2108 τὸ

103 2142 299 2209 δικάζειν
324 2144 565 2210 ἀκρίβειαν
589 2141 1042 2210 παιδαγωγούμενοι,
1070 2138 1409 2206 κατεγνωκότες
1445 2140 1511 2190 ἐπ’
1541 2140 1690 2190 οὐδενὶ

35 2233 84 2273 25
104 2222 180 2273 διὰ
222 2223 371 2289 μόνην
409 2223 494 2289 τὴν
532 2229 615 2290 τῆς
654 2224 834 2291 σαρκὸς
876 2222 1112 2274 εὐτέλειαν
1151 2221 1449 2287 κατακρίνετε
1494 2219 1575 2271 τὸν
1616 2220 1690 2271 διὰ

102 2311 304 2365 πολλῶν
331 2308 436 2368 ὑμῖν
462 2306 748 2376 παραδόξων
774 2304 980 2375 ὀφθέντα
1010 2303 1149 2356 Θεόν.
1204 2302 1296 2369 ἐγὼ
1331 2301 1380 2352 δὲ
1412 2301 1496 2366 τὴν
1524 2304 1686 2366 ὑμετέ-

102 2410 192 2454 ραν
235 2389 544 2440 ἀπαιδευσίαν
585 2390 637 2439 οὑ
678 2386 962 2452 μιμήσομαι,
1006 2385 1109 2437 οὐδὲ
1153 2384 1373 2448 τοιαύτην
1414 2386 1520 2450 περὶ
1562 2385 1690 2446 ὑμῶν

104 2469 278 2538 ἐξοίσω
311 2469 396 2535 τὴν
421 2473 608 2539 ψῆφον·
653 2469 785 2521 οὐδὲν
811 2469 896 2533 μὲν
921 2468 1014 2535 γὰρ
1042 2467 1165 2521 ὅλως
1192 2467 1219 2530 ἡ
1248 2466 1498 2532 ἀνθρώπου
1523 2466 1685 2534 φύσις.

104 2552 153 2602 τί
174 2551 267 2618 γὰρ
293 2551 350 2602 ἂν
377 2552 444 2616 ε’ίη
471 2552 524 2603 τὸ
551 2553 770 2618 ἐπίκηρον
795 2553 922 2602 τουτὶ
949 2551 1024 2601 καὶ
1051 2549 1145 2600 ἀπὸ
1171 2551 1258 2613 γῆς
1285 2553 1427 2609 σῶμα
1449 2569 1461 2609 ;
1506 2547 1689 2612 σαπρία

37 2650 88 2686 30
107 2635 182 2684 καὶ
207 2634 414 2702 σκώληξ
437 2636 512 2684 καὶ
539 2634 695 2699 ἕτερον
722 2633 868 2684 οὐδέν.
924 2632 1034 2682 ἀλλ’
1064 2632 1117 2681 οὐ
1150 2630 1225 2680 διὰ
1260 2629 1434 2692 ταύτην
1461 2630 1578 2691 ὑμᾶς
1603 2627 1687 2690 τὴν
1706 2637 1734 2677 b

107 2714 260 2765 αἰτίαν
293 2719 568 2781 κατακρινεῖ),
595 2715 698 2765 οὐδὲ
736 2716 922 2780 ἐπείπερ
961 2714 1198 2779 ἄνθρωποι
1233 2710 1352 2761 κατὰ
1387 2709 1535 2778 φύσιν
1568 2708 1689 2772 ἐστὲ,

158 2863 188 2887 1.
216 2851 492 2897 ἐξωφρυωμένων
509 2852 652 2886 correxi.
671 2850 939 2896 ἐξωφρυομένων
957 2849 1023 2883 Ed.
1109 2864 1145 2883 τε
1162 2848 1325 2883 emendat
1344 2848 1473 2893 Heyse.
1492 2863 1544 2882 τοι
1564 2848 1605 2882 Β.
1626 2848 1692 2883 Ed.

111 2909 166 2943 13.
191 2898 323 2942 βουλήν
342 2899 383 2934 Β.
400 2898 571 2942 βούλησίν
590 2898 708 2932 HOlSt.
732 2897 796 2931 Ed.
861 2898 927 2942 γὰρ
948 2897 988 2930 Β.
1009 2896 1044 2930 δὲ
1066 2895 1127 2930 Ht.
1148 2895 1213 2930 Ed.
1356 2895 1409 2930 16.
1437 2895 1581 2937 ἐννόμως
1601 2896 1641 2930 Β.
1660 2898 1694 2929 ἐν

110 2947 199 2991 νόμῳ
219 2945 282 2980 Ht.
301 2946 368 2980 Ed.
466 2947 520 2980 26.
547 2946 638 2990 ὑμῶν
657 2944 698 2978 Β.
717 2945 793 2988 ὑμῖν
811 2943 1008 2978 emendavit
1029 2943 1090 2976 Ht.
1189 2943 1243 2977 28.
1270 2941 1306 2988 ἡ]
1332 2947 1367 2983 «Ι-
1389 2945 1448 2976 τοῦ
1470 2943 1531 2977 Ht.
1554 2942 1620 2976 Ed.

167 3012 259 3041 VOL.
282 3013 331 3041 11.
902 3011 926 3037 Ε
