<?xml version="1.0" encoding="UTF-8"?>
<!DOCTYPE html PUBLIC "-//W3C//DTD XHTML 1.0 Transitional//EN"
    "http://www.w3.org/TR/xhtml1/DTD/xhtml1-transitional.dtd">
<html xmlns="http://www.w3.org/1999/xhtml" xml:lang="en" lang="en">
 <head>
  <title>
</title>
<meta http-equiv="Content-Type" content="text/html;charset=utf-8" />
  <meta name='ocr-system' content='tesseract 3.04.00' />
  <meta name='ocr-capabilities' content='ocr_page ocr_carea ocr_par ocr_line ocrx_word'/>
</head>
<body>
  <div class='ocr_page' id='page_1' title='image "./operacyrilli04cyriuoft/operacyrilli04cyriuoft_0019.png"; bbox 0 0 1971 3272; ppageno 0'>
   <div class='ocr_carea' id='block_1_1' title="bbox 100 148 1686 193">
    <p class='ocr_par' dir='ltr' id='par_1_1' title="bbox 100 148 1686 193">
     <span class='ocr_line' id='line_1_1' title="bbox 100 148 1686 193; baseline 0.003 -5"><span class='ocrx_word' id='word_1_1' title='bbox 100 148 272 192; x_wconf 83' lang='lat' dir='ltr'>viii.21.</span> <span class='ocrx_word' id='word_1_2' title='bbox 336 150 408 190; x_wconf 94' lang='lat' dir='ltr'>IN</span> <span class='ocrx_word' id='word_1_3' title='bbox 453 151 494 190; x_wconf 85' lang='lat' dir='ltr'>S.</span> <span class='ocrx_word' id='word_1_4' title='bbox 529 149 864 191; x_wconf 67' lang='grc' dir='ltr'>ιῙΟΛΝΝΕΜ.</span> <span class='ocrx_word' id='word_1_5' title='bbox 930 150 1051 190; x_wconf 55' lang='lat'><em>12113.</em></span> <span class='ocrx_word' id='word_1_6' title='bbox 1081 150 1128 189; x_wconf 78' lang='lat' dir='ltr'>V.</span> <span class='ocrx_word' id='word_1_7' title='bbox 1192 151 1326 191; x_wconf 69' lang='lat' dir='ltr'>(JAP.</span> <span class='ocrx_word' id='word_1_8' title='bbox 1365 152 1446 191; x_wconf 90' lang='lat'><em>111.</em></span> <span class='ocrx_word' id='word_1_9' title='bbox 1664 157 1686 193; x_wconf 92' lang='grc'>7</span> 
     </span>
    </p>
   </div>
   <div class='ocr_carea' id='block_1_2' title="bbox 28 257 1688 2703">
    <p class='ocr_par' dir='ltr' id='par_1_2' title="bbox 28 257 1688 2703">
     <span class='ocr_line' id='line_1_2' title="bbox 100 257 1688 326; baseline 0.003 -19"><span class='ocrx_word' id='word_1_10' title='bbox 100 257 182 308; x_wconf 83' lang='grc' dir='ltr'>τὸν</span> <span class='ocrx_word' id='word_1_11' title='bbox 207 257 385 308; x_wconf 77' lang='grc' dir='ltr'>ἄνωθεν</span> <span class='ocrx_word' id='word_1_12' title='bbox 412 259 584 322; x_wconf 84' lang='grc' dir='ltr'>ἥκοντα</span> <span class='ocrx_word' id='word_1_13' title='bbox 619 257 683 321; x_wconf 88' lang='grc' dir='ltr'>μὴ</span> <span class='ocrx_word' id='word_1_14' title='bbox 719 257 1109 326; x_wconf 76' lang='grc' dir='ltr'>παραδεξάμενοι,</span> <span class='ocrx_word' id='word_1_15' title='bbox 1139 263 1238 312; x_wconf 88' lang='grc' dir='ltr'>πῶς</span> <span class='ocrx_word' id='word_1_16' title='bbox 1273 259 1329 309; x_wconf 76' lang='grc' dir='ltr'>ἂν</span> <span class='ocrx_word' id='word_1_17' title='bbox 1362 261 1436 309; x_wconf 78' lang='grc' dir='ltr'>καὶ</span> <span class='ocrx_word' id='word_1_18' title='bbox 1473 259 1688 311; x_wconf 78' lang='grc' dir='ltr'>δύναιντο</span> 
     </span>
     <span class='ocr_line' id='line_1_3' title="bbox 101 339 1687 407; baseline 0.001 -18"><span class='ocrx_word' id='word_1_19' title='bbox 101 344 463 390; x_wconf 84' lang='grc' dir='ltr'>κατακολουθεῖν</span> <span class='ocrx_word' id='word_1_20' title='bbox 492 339 610 405; x_wconf 83' lang='grc' dir='ltr'>πρὸς</span> <span class='ocrx_word' id='word_1_21' title='bbox 649 339 708 390; x_wconf 78' lang='grc' dir='ltr'>τὰ</span> <span class='ocrx_word' id='word_1_22' title='bbox 746 340 842 390; x_wconf 80' lang='grc' dir='ltr'>ἄνω</span> <span class='ocrx_word' id='word_1_23' title='bbox 880 340 1147 405; x_wconf 76' lang='grc' dir='ltr'>βαδίζοντις</span> <span class='ocrx_word' id='word_1_24' title='bbox 1190 344 1336 404; x_wconf 81' lang='grc' dir='ltr'>διπλῆ</span> <span class='ocrx_word' id='word_1_25' title='bbox 1375 364 1443 394; x_wconf 91' lang='grc' dir='ltr'>τις</span> <span class='ocrx_word' id='word_1_26' title='bbox 1483 342 1563 391; x_wconf 85' lang='grc' dir='ltr'>οῦν</span> <span class='ocrx_word' id='word_1_27' title='bbox 1597 343 1687 407; x_wconf 76' lang='grc' dir='ltr'>ἄρα</span> 
     </span>
     <span class='ocr_line' id='line_1_4' title="bbox 98 420 1688 487; baseline 0.004 -16"><span class='ocrx_word' id='word_1_28' title='bbox 98 422 202 471; x_wconf 75' lang='grc' dir='ltr'>ἐστὶ</span> <span class='ocrx_word' id='word_1_29' title='bbox 235 427 330 475; x_wconf 80' lang='grc' dir='ltr'>τοῖς</span> <span class='ocrx_word' id='word_1_30' title='bbox 364 424 639 473; x_wconf 76' lang='grc' dir='ltr'>ἀπειθοῦσιν</span> <span class='ocrx_word' id='word_1_31' title='bbox 665 422 692 485; x_wconf 83' lang='grc' dir='ltr'>ή</span> <span class='ocrx_word' id='word_1_32' title='bbox 721 420 936 483; x_wconf 89' lang='grc' dir='ltr'>κόλασις,</span> <span class='ocrx_word' id='word_1_33' title='bbox 962 424 1037 472; x_wconf 77' lang='grc' dir='ltr'>καὶ</span> <span class='ocrx_word' id='word_1_34' title='bbox 1073 422 1156 472; x_wconf 81' lang='grc' dir='ltr'>οὐκ</span> <span class='ocrx_word' id='word_1_35' title='bbox 1192 423 1239 472; x_wconf 85' lang='grc' dir='ltr'>ἐν</span> <span class='ocrx_word' id='word_1_36' title='bbox 1267 423 1439 476; x_wconf 79' lang='grc' dir='ltr'>ἁπλοῖς</span> <span class='ocrx_word' id='word_1_37' title='bbox 1473 446 1571 473; x_wconf 92' lang='grc' dir='ltr'>τισι</span> <span class='ocrx_word' id='word_1_38' title='bbox 1606 428 1688 487; x_wconf 81' lang='grc' dir='ltr'>τῆς</span> 
     </span>
     <span class='ocr_line' id='line_1_5' title="bbox 99 500 1687 573; baseline 0.002 -20"><span class='ocrx_word' id='word_1_39' title='bbox 99 500 263 567; x_wconf 72' lang='grc' dir='ltr'>ζημίας</span> <span class='ocrx_word' id='word_1_40' title='bbox 308 505 332 554; x_wconf 90' lang='grc' dir='ltr'>ὁ</span> <span class='ocrx_word' id='word_1_41' title='bbox 376 503 536 568; x_wconf 92' lang='grc' dir='ltr'>λόγος.</span> <span class='ocrx_word' id='word_1_42' title='bbox 604 503 746 569; x_wconf 81' lang='grc' dir='ltr'>ὅνπερ</span> <span class='ocrx_word' id='word_1_43' title='bbox 785 502 878 569; x_wconf 77' lang='grc' dir='ltr'>γὰρ</span> <span class='ocrx_word' id='word_1_44' title='bbox 917 503 1094 569; x_wconf 86' lang='grc' dir='ltr'>τρόπον</span> <span class='ocrx_word' id='word_1_45' title='bbox 1133 508 1228 557; x_wconf 80' lang='grc' dir='ltr'>τοῖς</span> <span class='ocrx_word' id='word_1_46' title='bbox 1274 506 1518 573; x_wconf 71' lang='grc' dir='ltr'>ἀῤῥωστία</span> <span class='ocrx_word' id='word_1_47' title='bbox 1558 529 1687 572; x_wconf 90' lang='grc' dir='ltr'>περι-</span> 
     </span>
     <span class='ocr_line' id='line_1_6' title="bbox 57 583 1687 653; baseline 0.002 -18"><span class='ocrx_word' id='word_1_48' title='bbox 57 591 304 636; x_wconf 87' lang='grc' dir='ltr'>5πεσοῦσι</span> <span class='ocrx_word' id='word_1_49' title='bbox 340 589 586 653; x_wconf 83' lang='grc' dir='ltr'>σωματικῇ</span> <span class='ocrx_word' id='word_1_50' title='bbox 625 590 885 649; x_wconf 83' lang='grc' dir='ltr'>τληπαθεῖν</span> <span class='ocrx_word' id='word_1_51' title='bbox 920 583 1102 651; x_wconf 79' lang='grc' dir='ltr'>ἀνάγκη</span> <span class='ocrx_word' id='word_1_52' title='bbox 1143 586 1314 636; x_wconf 82' lang='grc' dir='ltr'>λοιπὸν</span> <span class='ocrx_word' id='word_1_53' title='bbox 1350 590 1424 637; x_wconf 80' lang='grc' dir='ltr'>καὶ</span> <span class='ocrx_word' id='word_1_54' title='bbox 1464 586 1523 637; x_wconf 78' lang='grc' dir='ltr'>τὰ</span> <span class='ocrx_word' id='word_1_55' title='bbox 1562 588 1687 638; x_wconf 77' lang='grc' dir='ltr'>δεινὰ</span> 
     </span>
     <span class='ocr_line' id='line_1_7' title="bbox 99 666 1687 738; baseline 0.003 -21"><span class='ocrx_word' id='word_1_56' title='bbox 99 672 182 717; x_wconf 86' lang='grc' dir='ltr'>τοῦ</span> <span class='ocrx_word' id='word_1_57' title='bbox 219 666 398 721; x_wconf 87' lang='grc' dir='ltr'>πάθους</span> <span class='ocrx_word' id='word_1_58' title='bbox 432 666 679 736; x_wconf 76' lang='grc' dir='ltr'>ὑποφέρειν</span> <span class='ocrx_word' id='word_1_59' title='bbox 713 667 985 732; x_wconf 83' lang='grc' dir='ltr'>ἀλγήματα,</span> <span class='ocrx_word' id='word_1_60' title='bbox 1019 670 1095 718; x_wconf 78' lang='grc' dir='ltr'>καὶ</span> <span class='ocrx_word' id='word_1_61' title='bbox 1132 667 1251 733; x_wconf 77' lang='grc' dir='ltr'>πρὸς</span> <span class='ocrx_word' id='word_1_62' title='bbox 1290 669 1439 738; x_wconf 79' lang='grc' dir='ltr'>τούτῳ</span> <span class='ocrx_word' id='word_1_63' title='bbox 1478 672 1553 720; x_wconf 76' lang='grc' dir='ltr'>καὶ</span> <span class='ocrx_word' id='word_1_64' title='bbox 1593 675 1687 721; x_wconf 88' lang='grc' dir='ltr'>τῶν</span> 
     </span>
     <span class='ocr_line' id='line_1_8' title="bbox 98 748 1685 818; baseline 0.003 -20"><span class='ocrx_word' id='word_1_65' title='bbox 98 750 180 812; x_wconf 82' lang='grc' dir='ltr'>τῆς</span> <span class='ocrx_word' id='word_1_66' title='bbox 208 749 360 815; x_wconf 79' lang='grc' dir='ltr'>ὑγείας</span> <span class='ocrx_word' id='word_1_67' title='bbox 386 753 659 815; x_wconf 82' lang='grc' dir='ltr'>στερεῖσθαι</span> <span class='ocrx_word' id='word_1_68' title='bbox 695 753 872 799; x_wconf 90' lang='grc' dir='ltr'>καλῶν·</span> <span class='ocrx_word' id='word_1_69' title='bbox 922 750 1069 803; x_wconf 80' lang='grc' dir='ltr'>οὕτως</span> <span class='ocrx_word' id='word_1_70' title='bbox 1104 748 1244 812; x_wconf 77' lang='grc' dir='ltr'>οἶμαι,</span> <span class='ocrx_word' id='word_1_71' title='bbox 1272 753 1347 801; x_wconf 75' lang='grc' dir='ltr'>καὶ</span> <span class='ocrx_word' id='word_1_72' title='bbox 1385 752 1472 818; x_wconf 78' lang='grc' dir='ltr'>οὐχ</span> <span class='ocrx_word' id='word_1_73' title='bbox 1506 753 1685 818; x_wconf 73' lang='grc' dir='ltr'>ἑτέρως,</span> 
     </span>
     <span class='ocr_line' id='line_1_9' title="bbox 98 828 1685 900; baseline 0.004 -19"><span class='ocrx_word' id='word_1_74' title='bbox 98 828 205 884; x_wconf 78' lang='grc' dir='ltr'>τοῦς</span> <span class='ocrx_word' id='word_1_75' title='bbox 231 829 525 895; x_wconf 77' lang='grc' dir='ltr'>ἐληλακότας</span> <span class='ocrx_word' id='word_1_76' title='bbox 558 835 620 884; x_wconf 81' lang='grc' dir='ltr'>εἷς</span> <span class='ocrx_word' id='word_1_77' title='bbox 656 829 783 900; x_wconf 77' lang='grc' dir='ltr'>ᾅδου,</span> <span class='ocrx_word' id='word_1_78' title='bbox 812 832 886 881; x_wconf 75' lang='grc' dir='ltr'>καὶ</span> <span class='ocrx_word' id='word_1_79' title='bbox 924 831 1054 895; x_wconf 89' lang='grc' dir='ltr'>δίκην</span> <span class='ocrx_word' id='word_1_80' title='bbox 1080 833 1174 882; x_wconf 79' lang='grc' dir='ltr'>ἐκεῖ</span> <span class='ocrx_word' id='word_1_81' title='bbox 1203 833 1552 898; x_wconf 74' lang='grc' dir='ltr'>πραττομένους</span> <span class='ocrx_word' id='word_1_82' title='bbox 1586 840 1685 888; x_wconf 77' lang='grc' dir='ltr'>ταῖς</span> 
     </span>
     <span class='ocr_line' id='line_1_10' title="bbox 98 912 1686 979; baseline 0.002 -16"><span class='ocrx_word' id='word_1_83' title='bbox 98 913 345 978; x_wconf 82' lang='grc' dir='ltr'>ἁμαρτίαις</span> <span class='ocrx_word' id='word_1_84' title='bbox 384 912 649 979; x_wconf 81' lang='grc' dir='ltr'>ἱσόμετρον,</span> <span class='ocrx_word' id='word_1_85' title='bbox 691 914 766 963; x_wconf 74' lang='grc' dir='ltr'>καὶ</span> <span class='ocrx_word' id='word_1_86' title='bbox 811 912 896 977; x_wconf 86' lang='grc' dir='ltr'>τὴν</span> <span class='ocrx_word' id='word_1_87' title='bbox 934 915 983 964; x_wconf 87' lang='grc' dir='ltr'>ἐκ</span> <span class='ocrx_word' id='word_1_88' title='bbox 1028 917 1111 978; x_wconf 83' lang='grc' dir='ltr'>τῆς</span> <span class='ocrx_word' id='word_1_89' title='bbox 1155 913 1400 968; x_wconf 79' lang='grc' dir='ltr'>κολάσεως</span> <span class='ocrx_word' id='word_1_90' title='bbox 1446 915 1686 979; x_wconf 73' lang='grc' dir='ltr'>ὑπομένειν</span> 
     </span>
     <span class='ocr_line' id='line_1_11' title="bbox 33 994 1683 1064; baseline 0.002 -19"><span class='ocrx_word' id='word_1_91' title='bbox 33 1014 80 1039; x_wconf 93' lang='lat'>10</span> <span class='ocrx_word' id='word_1_92' title='bbox 98 994 369 1064; x_wconf 78' lang='grc' dir='ltr'>συμφορὰν,</span> <span class='ocrx_word' id='word_1_93' title='bbox 397 997 473 1045; x_wconf 77' lang='grc' dir='ltr'>καὶ</span> <span class='ocrx_word' id='word_1_94' title='bbox 508 998 590 1058; x_wconf 78' lang='grc' dir='ltr'>τῆς</span> <span class='ocrx_word' id='word_1_95' title='bbox 624 999 719 1045; x_wconf 87' lang='grc' dir='ltr'>τῶν</span> <span class='ocrx_word' id='word_1_96' title='bbox 745 995 893 1060; x_wconf 84' lang='grc' dir='ltr'>ἁγίων</span> <span class='ocrx_word' id='word_1_97' title='bbox 919 997 1111 1050; x_wconf 79' lang='grc' dir='ltr'>ἐλπίδος</span> <span class='ocrx_word' id='word_1_98' title='bbox 1144 997 1422 1063; x_wconf 73' lang='grc' dir='ltr'>ζημιοῦσθαι</span> <span class='ocrx_word' id='word_1_99' title='bbox 1449 997 1534 1061; x_wconf 86' lang='grc' dir='ltr'>τὴν</span> <span class='ocrx_word' id='word_1_100' title='bbox 1561 998 1683 1049; x_wconf 87' lang='grc' dir='ltr'>ἀπό-</span> 
     </span>
     <span class='ocr_line' id='line_1_12' title="bbox 98 1076 1683 1145; baseline 0.004 -19"><span class='ocrx_word' id='word_1_101' title='bbox 98 1083 287 1128; x_wconf 91' lang='grc' dir='ltr'>λαυσιν.</span> <span class='ocrx_word' id='word_1_102' title='bbox 339 1076 514 1143; x_wconf 76' lang='grc' dir='ltr'>α”ριστα</span> <span class='ocrx_word' id='word_1_103' title='bbox 549 1078 705 1128; x_wconf 84' lang='grc' dir='ltr'>τοίνυν</span> <span class='ocrx_word' id='word_1_104' title='bbox 737 1079 761 1128; x_wconf 88' lang='grc' dir='ltr'>ὁ</span> <span class='ocrx_word' id='word_1_105' title='bbox 797 1077 971 1144; x_wconf 82' lang='grc' dir='ltr'>Κύριος</span> <span class='ocrx_word' id='word_1_106' title='bbox 1005 1079 1136 1142; x_wconf 85' lang='grc' dir='ltr'>ἡμῶν</span> <span class='ocrx_word' id='word_1_107' title='bbox 1161 1080 1348 1143; x_wconf 85' lang='grc' dir='ltr'>Ἰησοῦς</span> <span class='ocrx_word' id='word_1_108' title='bbox 1387 1080 1411 1129; x_wconf 87' lang='grc' dir='ltr'><strong>ὁ</strong></span> <span class='ocrx_word' id='word_1_109' title='bbox 1450 1079 1683 1145; x_wconf 76' lang='grc' dir='ltr'>Χριστὸς,</span> 
     </span>
     <span class='ocr_line' id='line_1_13' title="bbox 98 1158 1683 1226; baseline 0.002 -17"><span class='ocrx_word' id='word_1_110' title='bbox 98 1159 185 1226; x_wconf 83' lang='grc' dir='ltr'>οὐχ</span> <span class='ocrx_word' id='word_1_111' title='bbox 222 1158 292 1209; x_wconf 81' lang='grc' dir='ltr'>ὅτι</span> <span class='ocrx_word' id='word_1_112' title='bbox 326 1163 428 1213; x_wconf 82' lang='grc' dir='ltr'>ταῖς</span> <span class='ocrx_word' id='word_1_113' title='bbox 463 1159 639 1209; x_wconf 81' lang='grc' dir='ltr'>ἑαυτῶν</span> <span class='ocrx_word' id='word_1_114' title='bbox 674 1160 920 1225; x_wconf 82' lang='grc' dir='ltr'>ἁμαρτίαις</span> <span class='ocrx_word' id='word_1_115' title='bbox 953 1162 1350 1212; x_wconf 88' lang='grc' dir='ltr'>ἐναποθανοῦνται</span> <span class='ocrx_word' id='word_1_116' title='bbox 1386 1160 1546 1225; x_wconf 85' lang='grc' dir='ltr'>μόνον,</span> <span class='ocrx_word' id='word_1_117' title='bbox 1573 1163 1683 1213; x_wconf 78' lang='grc' dir='ltr'>ἀλλ’</span> 
     </span>
     <span class='ocr_line' id='line_1_14' title="bbox 98 1239 1687 1312; baseline 0.001 -21"><span class='ocrx_word' id='word_1_118' title='bbox 98 1239 169 1291; x_wconf 81' lang='grc' dir='ltr'>ὅτι</span> <span class='ocrx_word' id='word_1_119' title='bbox 192 1239 412 1306; x_wconf 81' lang='grc' dir='ltr'>καὶπρὸς</span> <span class='ocrx_word' id='word_1_120' title='bbox 437 1239 520 1294; x_wconf 81' lang='grc' dir='ltr'>τὰς</span> <span class='ocrx_word' id='word_1_121' title='bbox 551 1240 648 1291; x_wconf 78' lang='grc' dir='ltr'>ἄνω</span> <span class='ocrx_word' id='word_1_122' title='bbox 683 1240 827 1304; x_wconf 79' lang='grc' dir='ltr'>μονὰς</span> <span class='ocrx_word' id='word_1_123' title='bbox 862 1242 942 1293; x_wconf 76' lang='grc' dir='ltr'>οὐκ</span> <span class='ocrx_word' id='word_1_124' title='bbox 983 1243 1313 1307; x_wconf 78' lang='grc' dir='ltr'>ἀναβήσονταί</span> <span class='ocrx_word' id='word_1_125' title='bbox 1345 1248 1484 1312; x_wconf 87' lang='grc' dir='ltr'>φησι·</span> <span class='ocrx_word' id='word_1_126' title='bbox 1532 1246 1687 1312; x_wconf 74' lang='grc' dir='ltr'>διπλῷ</span> 
     </span>
     <span class='ocr_line' id='line_1_15' title="bbox 97 1320 1680 1393; baseline 0.003 -21"><span class='ocrx_word' id='word_1_127' title='bbox 97 1321 190 1388; x_wconf 81' lang='grc' dir='ltr'>γὰρ</span> <span class='ocrx_word' id='word_1_128' title='bbox 216 1320 379 1389; x_wconf 80' lang='grc' dir='ltr'>ὥσπερ</span> <span class='ocrx_word' id='word_1_129' title='bbox 406 1321 571 1375; x_wconf 76' lang='grc' dir='ltr'>αὐτοὺς</span> <span class='ocrx_word' id='word_1_130' title='bbox 597 1322 870 1387; x_wconf 85' lang='grc' dir='ltr'>καταδήσας</span> <span class='ocrx_word' id='word_1_131' title='bbox 898 1325 1110 1393; x_wconf 77' lang='grc' dir='ltr'>σχοινίῳ,</span> <span class='ocrx_word' id='word_1_132' title='bbox 1136 1327 1219 1388; x_wconf 82' lang='grc' dir='ltr'>τῆς</span> <span class='ocrx_word' id='word_1_133' title='bbox 1246 1325 1442 1389; x_wconf 76' lang='grc' dir='ltr'>ἐνούσης</span> <span class='ocrx_word' id='word_1_134' title='bbox 1470 1328 1680 1386; x_wconf 79' lang='grc' dir='ltr'>δυσβου-</span> 
     </span>
     <span class='ocr_line' id='line_1_16' title="bbox 31 1403 1683 1472; baseline 0.002 -15"><span class='ocrx_word' id='word_1_135' title='bbox 31 1419 78 1457; x_wconf 89' lang='lat'>15</span> <span class='ocrx_word' id='word_1_136' title='bbox 98 1403 204 1458; x_wconf 86' lang='grc' dir='ltr'>λίας</span> <span class='ocrx_word' id='word_1_137' title='bbox 230 1403 438 1472; x_wconf 72' lang='grc' dir='ltr'>ἐξέλκειν</span> <span class='ocrx_word' id='word_1_138' title='bbox 457 1404 701 1469; x_wconf 85' lang='grc' dir='ltr'>ἐπείγεται.</span> <span class='ocrx_word' id='word_1_139' title='bbox 735 1404 1034 1472; x_wconf 86' lang='grc' dir='ltr'>πανταχόθεν</span> <span class='ocrx_word' id='word_1_140' title='bbox 1054 1406 1312 1472; x_wconf 72' lang='grc' dir='ltr'>ἀνασώζων</span> <span class='ocrx_word' id='word_1_141' title='bbox 1332 1405 1385 1457; x_wconf 81' lang='grc' dir='ltr'>τὸ</span> <span class='ocrx_word' id='word_1_142' title='bbox 1413 1407 1683 1466; x_wconf 77' lang='grc' dir='ltr'>ἀπολωλὸς,</span> 
     </span>
     <span class='ocr_line' id='line_1_17' title="bbox 97 1485 1683 1557; baseline 0.003 -22"><span class='ocrx_word' id='word_1_143' title='bbox 97 1486 174 1535; x_wconf 76' lang='grc' dir='ltr'>καὶ</span> <span class='ocrx_word' id='word_1_144' title='bbox 209 1489 521 1550; x_wconf 89' lang='grc' dir='ltr'>καταδεσμῶν</span> <span class='ocrx_word' id='word_1_145' title='bbox 552 1485 606 1537; x_wconf 82' lang='grc' dir='ltr'>τὸ</span> <span class='ocrx_word' id='word_1_146' title='bbox 642 1488 1051 1553; x_wconf 77' lang='grc' dir='ltr'>συντετριμμένον,</span> <span class='ocrx_word' id='word_1_147' title='bbox 1079 1490 1153 1538; x_wconf 75' lang='grc' dir='ltr'>καὶ</span> <span class='ocrx_word' id='word_1_148' title='bbox 1188 1490 1401 1554; x_wconf 81' lang='grc' dir='ltr'>ἀνορθῶν</span> <span class='ocrx_word' id='word_1_149' title='bbox 1427 1489 1480 1539; x_wconf 78' lang='grc' dir='ltr'>τὸ</span> <span class='ocrx_word' id='word_1_150' title='bbox 1516 1491 1683 1557; x_wconf 81' lang='grc' dir='ltr'>κατεῤ-</span> 
     </span>
     <span class='ocr_line' id='line_1_18' title="bbox 96 1566 1687 1639; baseline 0.004 -23"><span class='ocrx_word' id='word_1_151' title='bbox 96 1567 344 1633; x_wconf 81' lang='grc' dir='ltr'>ῥαγμένον·</span> <span class='ocrx_word' id='word_1_152' title='bbox 390 1573 539 1619; x_wconf 87' lang='grc' dir='ltr'>ταῦτα</span> <span class='ocrx_word' id='word_1_153' title='bbox 575 1566 669 1635; x_wconf 76' lang='grc' dir='ltr'>γὰρ</span> <span class='ocrx_word' id='word_1_154' title='bbox 708 1567 766 1633; x_wconf 82' lang='grc' dir='ltr'>ἧν</span> <span class='ocrx_word' id='word_1_155' title='bbox 800 1568 1019 1633; x_wconf 76' lang='grc' dir='ltr'>ποιμένος</span> <span class='ocrx_word' id='word_1_156' title='bbox 1058 1571 1252 1636; x_wconf 80' lang='grc' dir='ltr'>ἀγαθοῦ,</span> <span class='ocrx_word' id='word_1_157' title='bbox 1288 1572 1364 1621; x_wconf 76' lang='grc' dir='ltr'>καὶ</span> <span class='ocrx_word' id='word_1_158' title='bbox 1402 1570 1488 1635; x_wconf 86' lang='grc' dir='ltr'>τὴν</span> <span class='ocrx_word' id='word_1_159' title='bbox 1522 1571 1687 1639; x_wconf 78' lang='grc' dir='ltr'>ψυχὴν</span> 
     </span>
     <span class='ocr_line' id='line_1_19' title="bbox 98 1647 1685 1716; baseline 0.005 -17"><span class='ocrx_word' id='word_1_160' title='bbox 98 1647 212 1715; x_wconf 74' lang='grc' dir='ltr'>ὑπὲρ</span> <span class='ocrx_word' id='word_1_161' title='bbox 238 1652 320 1713; x_wconf 83' lang='grc' dir='ltr'>τῆς</span> <span class='ocrx_word' id='word_1_162' title='bbox 349 1654 441 1700; x_wconf 91' lang='grc' dir='ltr'>τῶν</span> <span class='ocrx_word' id='word_1_163' title='bbox 464 1649 721 1716; x_wconf 80' lang='grc' dir='ltr'>προβάτων</span> <span class='ocrx_word' id='word_1_164' title='bbox 749 1652 986 1716; x_wconf 84' lang='grc' dir='ltr'>σωτηρίας</span> <span class='ocrx_word' id='word_1_165' title='bbox 1014 1651 1328 1706; x_wconf 87' lang='grc' dir='ltr'>ἀντιδιδόντος</span> <span class='ocrx_word' id='word_1_166' title='bbox 1354 1653 1562 1715; x_wconf 87' lang='grc' dir='ltr'>ἑτοίμως·</span> <span class='ocrx_word' id='word_1_167' title='bbox 1590 1659 1685 1707; x_wconf 80' lang='grc' dir='ltr'>τοῖς</span> 
     </span>
     <span class='ocr_line' id='line_1_20' title="bbox 96 1729 1685 1801; baseline 0.003 -20"><span class='ocrx_word' id='word_1_168' title='bbox 96 1729 182 1793; x_wconf 73' lang='grc' dir='ltr'>μὲν</span> <span class='ocrx_word' id='word_1_169' title='bbox 216 1732 358 1782; x_wconf 84' lang='grc' dir='ltr'>αὑτοῦ</span> <span class='ocrx_word' id='word_1_170' title='bbox 393 1736 625 1796; x_wconf 83' lang='grc' dir='ltr'>μαθηταῖς</span> <span class='ocrx_word' id='word_1_171' title='bbox 665 1733 983 1799; x_wconf 81' lang='grc' dir='ltr'>ἐπηγγείλατο</span> <span class='ocrx_word' id='word_1_172' title='bbox 1021 1733 1176 1799; x_wconf 77' lang='grc' dir='ltr'>λέγων</span> <span class='ocrx_word' id='word_1_173' title='bbox 1203 1741 1230 1763; x_wconf 80' lang='grc'><strong>“</strong></span> <span class='ocrx_word' id='word_1_174' title='bbox 1253 1734 1578 1801; x_wconf 84' lang='grc' dir='ltr'>Πορεύσομαι,</span> <span class='ocrx_word' id='word_1_175' title='bbox 1609 1737 1685 1786; x_wconf 82' lang='grc' dir='ltr'>καὶ</span> 
     </span>
     <span class='ocr_line' id='line_1_21' title="bbox 28 1813 1685 1886; baseline 0.004 -24"><span class='ocrx_word' id='word_1_176' title='bbox 28 1835 78 1861; x_wconf 90' lang='lat'>20</span> <span class='ocrx_word' id='word_1_177' title='bbox 97 1820 125 1844; x_wconf 75' lang='lat'>‘⁶</span> <span class='ocrx_word' id='word_1_178' title='bbox 151 1813 387 1877; x_wconf 86' lang='grc' dir='ltr'>ἑτοιμάσω</span> <span class='ocrx_word' id='word_1_179' title='bbox 428 1815 574 1866; x_wconf 87' lang='grc' dir='ltr'>τόπον</span> <span class='ocrx_word' id='word_1_180' title='bbox 613 1817 733 1878; x_wconf 80' lang='grc' dir='ltr'>ὑμῖν,</span> <span class='ocrx_word' id='word_1_181' title='bbox 772 1817 848 1866; x_wconf 75' lang='grc' dir='ltr'>καὶ</span> <span class='ocrx_word' id='word_1_182' title='bbox 888 1815 1037 1866; x_wconf 87' lang='grc' dir='ltr'>πάλιν</span> <span class='ocrx_word' id='word_1_183' title='bbox 1075 1816 1177 1885; x_wconf 72' lang='grc' dir='ltr'>ἥξω</span> <span class='ocrx_word' id='word_1_184' title='bbox 1216 1819 1292 1867; x_wconf 81' lang='grc' dir='ltr'>καὶ</span> <span class='ocrx_word' id='word_1_185' title='bbox 1331 1819 1685 1886; x_wconf 80' lang='grc' dir='ltr'>παραλήψομαι</span> 
     </span>
     <span class='ocr_line' id='line_1_22' title="bbox 97 1896 1685 1960; baseline 0.003 -13"><span class='ocrx_word' id='word_1_186' title='bbox 97 1902 125 1926; x_wconf 84' lang='grc'><strong>“</strong></span> <span class='ocrx_word' id='word_1_187' title='bbox 152 1897 269 1960; x_wconf 83' lang='grc' dir='ltr'>ὑμᾶς</span> <span class='ocrx_word' id='word_1_188' title='bbox 307 1897 404 1960; x_wconf 89' lang='grc' dir='ltr'>μετ’</span> <span class='ocrx_word' id='word_1_189' title='bbox 444 1898 684 1959; x_wconf 86' lang='grc' dir='ltr'>ἐμαυτοῦ,”</span> <span class='ocrx_word' id='word_1_190' title='bbox 721 1896 933 1960; x_wconf 79' lang='grc' dir='ltr'>βάσιμον</span> <span class='ocrx_word' id='word_1_191' title='bbox 972 1898 1166 1948; x_wconf 72' lang='grc' dir='ltr'>ἔσεσθαι</span> <span class='ocrx_word' id='word_1_192' title='bbox 1211 1898 1385 1952; x_wconf 77' lang='grc' dir='ltr'>δεικνὺς</span> <span class='ocrx_word' id='word_1_193' title='bbox 1427 1902 1502 1950; x_wconf 72' lang='grc' dir='ltr'>καὶ</span> <span class='ocrx_word' id='word_1_194' title='bbox 1543 1899 1685 1951; x_wconf 77' lang='grc' dir='ltr'>αὐτὸν</span> 
     </span>
     <span class='ocr_line' id='line_1_23' title="bbox 97 1978 1686 2046; baseline 0.003 -18"><span class='ocrx_word' id='word_1_195' title='bbox 97 1982 193 2031; x_wconf 80' lang='grc' dir='ltr'>τοῖς</span> <span class='ocrx_word' id='word_1_196' title='bbox 234 1978 383 2044; x_wconf 83' lang='grc' dir='ltr'>ἁγίοις</span> <span class='ocrx_word' id='word_1_197' title='bbox 423 1978 505 2029; x_wconf 78' lang='grc' dir='ltr'>τὸν</span> <span class='ocrx_word' id='word_1_198' title='bbox 548 1978 760 2045; x_wconf 79' lang='grc' dir='ltr'>οὐρανὸν,</span> <span class='ocrx_word' id='word_1_199' title='bbox 799 1981 875 2029; x_wconf 80' lang='grc' dir='ltr'>καὶ</span> <span class='ocrx_word' id='word_1_200' title='bbox 920 1978 1003 2033; x_wconf 79' lang='grc' dir='ltr'>τὰς</span> <span class='ocrx_word' id='word_1_201' title='bbox 1049 1979 1145 2030; x_wconf 79' lang='grc' dir='ltr'>ἅνω</span> <span class='ocrx_word' id='word_1_202' title='bbox 1188 1980 1335 2042; x_wconf 80' lang='grc' dir='ltr'>μονὰς</span> <span class='ocrx_word' id='word_1_203' title='bbox 1376 1981 1686 2046; x_wconf 81' lang='grc' dir='ltr'>ηὐτρεπίσθαι</span> 
     </span>
     <span class='ocr_line' id='line_1_24' title="bbox 97 2057 1681 2127; baseline 0.003 -18"><span class='ocrx_word' id='word_1_204' title='bbox 97 2057 336 2111; x_wconf 85' lang='grc' dir='ltr'>διδάσκων</span> <span class='ocrx_word' id='word_1_205' title='bbox 361 2065 458 2114; x_wconf 79' lang='grc' dir='ltr'>τοῖς</span> <span class='ocrx_word' id='word_1_206' title='bbox 493 2061 746 2126; x_wconf 82' lang='grc' dir='ltr'>ἀγαπῶσιν</span> <span class='ocrx_word' id='word_1_207' title='bbox 772 2059 929 2111; x_wconf 79' lang='grc' dir='ltr'>αὐτόν·</span> <span class='ocrx_word' id='word_1_208' title='bbox 973 2066 1068 2115; x_wconf 77' lang='grc' dir='ltr'>τοῖς</span> <span class='ocrx_word' id='word_1_209' title='bbox 1105 2061 1255 2127; x_wconf 85' lang='grc' dir='ltr'>γεμὴν</span> <span class='ocrx_word' id='word_1_210' title='bbox 1281 2064 1485 2113; x_wconf 81' lang='grc' dir='ltr'>ἀπειθεῖν</span> <span class='ocrx_word' id='word_1_211' title='bbox 1517 2062 1681 2126; x_wconf 78' lang='grc' dir='ltr'>ἑλομέ-</span> 
     </span>
     <span class='ocr_line' id='line_1_25' title="bbox 98 2142 1687 2211; baseline 0.003 -19"><span class='ocrx_word' id='word_1_212' title='bbox 98 2164 194 2196; x_wconf 84' lang='grc' dir='ltr'>νοις</span> <span class='ocrx_word' id='word_1_213' title='bbox 232 2142 371 2210; x_wconf 75' lang='grc' dir='ltr'>αὐτῲ,</span> <span class='ocrx_word' id='word_1_214' title='bbox 407 2143 592 2195; x_wconf 87' lang='grc' dir='ltr'>δικαίως</span> <span class='ocrx_word' id='word_1_215' title='bbox 630 2165 681 2192; x_wconf 90' lang='grc' dir='ltr'>τε</span> <span class='ocrx_word' id='word_1_216' title='bbox 720 2144 795 2192; x_wconf 79' lang='grc' dir='ltr'>καὶ</span> <span class='ocrx_word' id='word_1_217' title='bbox 834 2143 1100 2208; x_wconf 87' lang='grc' dir='ltr'>ἀναγκαίως</span> <span class='ocrx_word' id='word_1_218' title='bbox 1140 2146 1305 2211; x_wconf 72' lang='grc' dir='ltr'>φησὶν,</span> <span class='ocrx_word' id='word_1_219' title='bbox 1343 2143 1413 2194; x_wconf 80' lang='grc' dir='ltr'>ὅτι</span> <span class='ocrx_word' id='word_1_220' title='bbox 1452 2144 1558 2196; x_wconf 69' lang='grc' dir='ltr'>ἕπου</span> <span class='ocrx_word' id='word_1_221' title='bbox 1599 2143 1687 2210; x_wconf 62' lang='grc' dir='ltr'>ἐγὼ</span> 
     </span>
     <span class='ocr_line' id='line_1_26' title="bbox 29 2221 1686 2292; baseline 0.002 -18"><span class='ocrx_word' id='word_1_222' title='bbox 29 2237 77 2275; x_wconf 82' lang='grc'>25</span> <span class='ocrx_word' id='word_1_223' title='bbox 98 2221 265 2289; x_wconf 72' lang='grc' dir='ltr'>ὑπάγω</span> <span class='ocrx_word' id='word_1_224' title='bbox 292 2227 414 2291; x_wconf 70' lang='grc' dir='ltr'>ὑμεῖς</span> <span class='ocrx_word' id='word_1_225' title='bbox 442 2228 485 2275; x_wconf 77' lang='grc' dir='ltr'>οὐ</span> <span class='ocrx_word' id='word_1_226' title='bbox 511 2221 688 2275; x_wconf 56' lang='grc' dir='ltr'>δύναισθε</span> <span class='ocrx_word' id='word_1_227' title='bbox 714 2223 858 2276; x_wconf 69' lang='grc' dir='ltr'>ἐλθεῖν.</span> <span class='ocrx_word' id='word_1_228' title='bbox 910 2225 978 2279; x_wconf 89' lang='grc' dir='ltr'>τίς</span> <span class='ocrx_word' id='word_1_229' title='bbox 1005 2225 1098 2292; x_wconf 77' lang='grc' dir='ltr'>γὰρ</span> <span class='ocrx_word' id='word_1_230' title='bbox 1125 2225 1181 2276; x_wconf 80' lang='grc' dir='ltr'>ἂν</span> <span class='ocrx_word' id='word_1_231' title='bbox 1209 2226 1333 2280; x_wconf 78' lang='grc' dir='ltr'>ὅλως</span> <span class='ocrx_word' id='word_1_232' title='bbox 1360 2226 1686 2290; x_wconf 85' lang='grc' dir='ltr'>ἀκολουθήσαι</span> 
     </span>
     <span class='ocr_line' id='line_1_27' title="bbox 97 2305 1687 2376; baseline 0.004 -20"><span class='ocrx_word' id='word_1_233' title='bbox 97 2305 210 2356; x_wconf 79' lang='grc' dir='ltr'>ποτὲ</span> <span class='ocrx_word' id='word_1_234' title='bbox 246 2309 314 2375; x_wconf 70' lang='grc' dir='ltr'>τῷ</span> <span class='ocrx_word' id='word_1_235' title='bbox 351 2306 568 2375; x_wconf 75' lang='grc' dir='ltr'>παναγίῳ</span> <span class='ocrx_word' id='word_1_236' title='bbox 599 2310 800 2376; x_wconf 75' lang='grc' dir='ltr'>Χριστῷ</span> <span class='ocrx_word' id='word_1_237' title='bbox 839 2305 920 2358; x_wconf 81' lang='grc' dir='ltr'>τὸν</span> <span class='ocrx_word' id='word_1_238' title='bbox 953 2306 1029 2358; x_wconf 79' lang='grc' dir='ltr'>διὰ</span> <span class='ocrx_word' id='word_1_239' title='bbox 1065 2308 1272 2361; x_wconf 88' lang='grc' dir='ltr'>πίστεως</span> <span class='ocrx_word' id='word_1_240' title='bbox 1309 2309 1392 2359; x_wconf 80' lang='grc' dir='ltr'>οὐκ</span> <span class='ocrx_word' id='word_1_241' title='bbox 1429 2307 1687 2374; x_wconf 86' lang='grc' dir='ltr'>ἀγαπήσας</span> 
     </span>
     <span class='ocr_line' id='line_1_28' title="bbox 97 2386 1686 2455; baseline 0.002 -17"><span class='ocrx_word' id='word_1_242' title='bbox 97 2386 425 2453; x_wconf 88' lang='grc' dir='ltr'>καθαρισμόν;</span> <span class='ocrx_word' id='word_1_243' title='bbox 473 2387 500 2452; x_wconf 78' lang='grc' dir='ltr'>ἢ</span> <span class='ocrx_word' id='word_1_244' title='bbox 539 2387 659 2439; x_wconf 79' lang='grc' dir='ltr'>κατὰ</span> <span class='ocrx_word' id='word_1_245' title='bbox 696 2389 800 2439; x_wconf 90' lang='grc' dir='ltr'>τίνα</span> <span class='ocrx_word' id='word_1_246' title='bbox 839 2388 1015 2455; x_wconf 88' lang='grc' dir='ltr'>τρόπον</span> <span class='ocrx_word' id='word_1_247' title='bbox 1050 2390 1075 2440; x_wconf 84' lang='grc' dir='ltr'>ὁ</span> <span class='ocrx_word' id='word_1_248' title='bbox 1110 2390 1470 2454; x_wconf 78' lang='grc' dir='ltr'>μεμολυσμένος</span> <span class='ocrx_word' id='word_1_249' title='bbox 1506 2390 1584 2452; x_wconf 67' lang='grc' dir='ltr'>ἔτι,</span> <span class='ocrx_word' id='word_1_250' title='bbox 1612 2392 1686 2441; x_wconf 75' lang='grc' dir='ltr'>καὶ</span> 
     </span>
     <span class='ocr_line' id='line_1_29' title="bbox 97 2469 1682 2539; baseline 0.001 -19"><span class='ocrx_word' id='word_1_251' title='bbox 97 2469 182 2520; x_wconf 78' lang='grc' dir='ltr'>τὸν</span> <span class='ocrx_word' id='word_1_252' title='bbox 219 2472 268 2520; x_wconf 90' lang='grc' dir='ltr'>ἐκ</span> <span class='ocrx_word' id='word_1_253' title='bbox 305 2474 401 2521; x_wconf 92' lang='grc' dir='ltr'>τῶν</span> <span class='ocrx_word' id='word_1_254' title='bbox 439 2470 566 2521; x_wconf 73' lang='grc' dir='ltr'>ἰδίων</span> <span class='ocrx_word' id='word_1_255' title='bbox 603 2474 770 2522; x_wconf 90' lang='grc' dir='ltr'>παθῶν</span> <span class='ocrx_word' id='word_1_256' title='bbox 809 2473 892 2522; x_wconf 81' lang='grc' dir='ltr'>οὐκ</span> <span class='ocrx_word' id='word_1_257' title='bbox 931 2471 1317 2539; x_wconf 80' lang='grc' dir='ltr'>ἀποτριψάμενος</span> <span class='ocrx_word' id='word_1_258' title='bbox 1358 2472 1521 2539; x_wconf 83' lang='grc' dir='ltr'>ῥύπον,</span> <span class='ocrx_word' id='word_1_259' title='bbox 1562 2495 1682 2522; x_wconf 92' lang='grc' dir='ltr'>συν-</span> 
     </span>
     <span class='ocr_line' id='line_1_30' title="bbox 99 2551 1686 2622; baseline 0.002 -21"><span class='ocrx_word' id='word_1_260' title='bbox 99 2551 232 2602; x_wconf 80' lang='grc' dir='ltr'>έσται</span> <span class='ocrx_word' id='word_1_261' title='bbox 258 2555 324 2622; x_wconf 73' lang='grc' dir='ltr'>τῷ</span> <span class='ocrx_word' id='word_1_262' title='bbox 351 2552 676 2622; x_wconf 74' lang='grc' dir='ltr'>φιλανθρώπῳ</span> <span class='ocrx_word' id='word_1_263' title='bbox 703 2551 932 2621; x_wconf 84' lang='grc' dir='ltr'>Δεσπότῃ</span> <span class='ocrx_word' id='word_1_264' title='bbox 954 2575 966 2616; x_wconf 83' lang='lat'>3</span> <span class='ocrx_word' id='word_1_265' title='bbox 1011 2561 1036 2583; x_wconf 75' lang='lat'>‘⁶</span> <span class='ocrx_word' id='word_1_266' title='bbox 1058 2553 1144 2607; x_wconf 86' lang='grc' dir='ltr'>Τίς</span> <span class='ocrx_word' id='word_1_267' title='bbox 1176 2554 1389 2604; x_wconf 86' lang='grc' dir='ltr'>κοινωνία</span> <span class='ocrx_word' id='word_1_268' title='bbox 1420 2556 1543 2621; x_wconf 81' lang='grc' dir='ltr'>φωτὶ</span> <span class='ocrx_word' id='word_1_269' title='bbox 1568 2553 1686 2618; x_wconf 81' lang='grc' dir='ltr'>πρὸς</span> 
     </span>
     <span class='ocr_line' id='line_1_31' title="bbox 30 2631 1686 2703; baseline 0.003 -21"><span class='ocrx_word' id='word_1_270' title='bbox 30 2652 80 2687; x_wconf 84' lang='grc' dir='ltr'>3ο</span> <span class='ocrx_word' id='word_1_271' title='bbox 101 2639 129 2662; x_wconf 79' lang='grc'><strong>“</strong></span> <span class='ocrx_word' id='word_1_272' title='bbox 155 2631 367 2695; x_wconf 87' lang='grc' dir='ltr'>σκότος,”</span> <span class='ocrx_word' id='word_1_273' title='bbox 397 2631 515 2684; x_wconf 72' lang='grc' dir='ltr'>κατὰ</span> <span class='ocrx_word' id='word_1_274' title='bbox 541 2632 628 2697; x_wconf 88' lang='grc' dir='ltr'>τὴν</span> <span class='ocrx_word' id='word_1_275' title='bbox 655 2639 738 2685; x_wconf 92' lang='grc' dir='ltr'>τοῦ</span> <span class='ocrx_word' id='word_1_276' title='bbox 766 2633 967 2685; x_wconf 79' lang='grc' dir='ltr'>Παύλου</span> <span class='ocrx_word' id='word_1_277' title='bbox 995 2634 1190 2703; x_wconf 62' lang='grc' dir='ltr'>φωνήν,</span> <span class='ocrx_word' id='word_1_278' title='bbox 1235 2632 1361 2697; x_wconf 75' lang='grc' dir='ltr'>οἶμαι</span> <span class='ocrx_word' id='word_1_279' title='bbox 1395 2633 1487 2700; x_wconf 77' lang='grc' dir='ltr'>γὰρ</span> <span class='ocrx_word' id='word_1_280' title='bbox 1526 2635 1686 2700; x_wconf 82' lang='grc' dir='ltr'>ἁγίους</span> 
     </span>
    </p>
   </div>
   <div class='ocr_carea' id='block_1_3' title="bbox 100 2808 1685 2905">
    <p class='ocr_par' dir='ltr' id='par_1_3' title="bbox 100 2808 1685 2905">
     <span class='ocr_line' id='line_1_32' title="bbox 149 2808 1684 2856; baseline 0.004 -13"><span class='ocrx_word' id='word_1_281' title='bbox 149 2821 180 2844; x_wconf 86' lang='grc'>2.</span> <span class='ocrx_word' id='word_1_282' title='bbox 215 2808 491 2854; x_wconf 81' lang='grc' dir='ltr'>κατακολουθεῖν]</span> <span class='ocrx_word' id='word_1_283' title='bbox 516 2814 552 2850; x_wconf 72' lang='grc' dir='ltr'>-Ι-</span> <span class='ocrx_word' id='word_1_284' title='bbox 574 2812 619 2856; x_wconf 78' lang='grc' dir='ltr'>τῷ</span> <span class='ocrx_word' id='word_1_285' title='bbox 649 2810 869 2845; x_wconf 81' lang='lat' dir='ltr'>Holstenius.</span> <span class='ocrx_word' id='word_1_286' title='bbox 895 2811 962 2845; x_wconf 87' lang='lat' dir='ltr'>Ed.</span> <span class='ocrx_word' id='word_1_287' title='bbox 984 2811 1102 2845; x_wconf 79' lang='lat' dir='ltr'>invitis</span> <span class='ocrx_word' id='word_1_288' title='bbox 1127 2811 1202 2845; x_wconf 82' lang='lat' dir='ltr'>B.a.</span> <span class='ocrx_word' id='word_1_289' title='bbox 1298 2812 1338 2845; x_wconf 85' lang='grc' dir='ltr'>τὰ</span> <span class='ocrx_word' id='word_1_290' title='bbox 1362 2824 1393 2846; x_wconf 86' lang='lat' dir='ltr'>a.</span> <span class='ocrx_word' id='word_1_291' title='bbox 1415 2812 1477 2848; x_wconf 86' lang='lat' dir='ltr'>Ht.</span> <span class='ocrx_word' id='word_1_292' title='bbox 1498 2813 1563 2848; x_wconf 87' lang='lat' dir='ltr'>Ed.</span> <span class='ocrx_word' id='word_1_293' title='bbox 1585 2816 1623 2848; x_wconf 77' lang='grc' dir='ltr'>τὸ</span> <span class='ocrx_word' id='word_1_294' title='bbox 1644 2815 1684 2850; x_wconf 86' lang='grc' dir='ltr'>Β.</span> 
     </span>
     <span class='ocr_line' id='line_1_33' title="bbox 100 2855 1685 2905; baseline 0.003 -14"><span class='ocrx_word' id='word_1_295' title='bbox 100 2856 133 2891; x_wconf 87' lang='grc'>6.</span> <span class='ocrx_word' id='word_1_296' title='bbox 161 2857 246 2902; x_wconf 87' lang='grc' dir='ltr'>πρὸς</span> <span class='ocrx_word' id='word_1_297' title='bbox 263 2855 387 2904; x_wconf 80' lang='grc' dir='ltr'>τούτῳ]</span> <span class='ocrx_word' id='word_1_298' title='bbox 407 2858 556 2901; x_wconf 82' lang='grc' dir='ltr'>πρὸσεπι</span> <span class='ocrx_word' id='word_1_299' title='bbox 578 2856 658 2902; x_wconf 83' lang='lat' dir='ltr'>[pro</span> <span class='ocrx_word' id='word_1_300' title='bbox 676 2857 820 2901; x_wconf 78' lang='grc' dir='ltr'>προσέτι</span> <span class='ocrx_word' id='word_1_301' title='bbox 833 2857 895 2902; x_wconf 84' lang='lat'>(?)]</span> <span class='ocrx_word' id='word_1_302' title='bbox 916 2860 1016 2892; x_wconf 85' lang='grc' dir='ltr'>τοῦτο</span> <span class='ocrx_word' id='word_1_303' title='bbox 1036 2858 1078 2893; x_wconf 82' lang='grc' dir='ltr'>Β.</span> <span class='ocrx_word' id='word_1_304' title='bbox 1096 2860 1180 2903; x_wconf 87' lang='grc' dir='ltr'>πρὸς</span> <span class='ocrx_word' id='word_1_305' title='bbox 1204 2858 1258 2892; x_wconf 80' lang='grc' dir='ltr'>ἐπὶ</span> <span class='ocrx_word' id='word_1_306' title='bbox 1284 2858 1392 2905; x_wconf 79' lang='grc' dir='ltr'>τούτῳ</span> <span class='ocrx_word' id='word_1_307' title='bbox 1414 2859 1474 2894; x_wconf 88' lang='lat' dir='ltr'>Ht.</span> <span class='ocrx_word' id='word_1_308' title='bbox 1494 2861 1588 2895; x_wconf 81' lang='lat' dir='ltr'><strong>unde</strong></span> <span class='ocrx_word' id='word_1_309' title='bbox 1610 2874 1685 2896; x_wconf 89' lang='lat' dir='ltr'>cor-</span> 
     </span>
    </p>
   </div>
   <div class='ocr_carea' id='block_1_4' title="bbox 101 2903 1687 2984">
    <p class='ocr_par' dir='ltr' id='par_1_4' title="bbox 101 2903 1687 2984">
     <span class='ocr_line' id='line_1_34' title="bbox 101 2903 1687 2983; baseline 0.004 -47"><span class='ocrx_word' id='word_1_310' title='bbox 101 2903 301 2983; x_wconf 42' lang='lat' dir='ltr'>ffixithub.</span> <span class='ocrx_word' id='word_1_311' title='bbox 460 2914 512 2938; x_wconf 86' lang='lat'>11.</span> <span class='ocrx_word' id='word_1_312' title='bbox 539 2905 557 2937; x_wconf 93' lang='grc' dir='ltr'><em>ὁ</em></span> <span class='ocrx_word' id='word_1_313' title='bbox 574 2904 633 2938; x_wconf 84' lang='lat' dir='ltr'>alt.</span> <span class='ocrx_word' id='word_1_314' title='bbox 651 2911 875 2949; x_wconf 80' lang='lat' dir='ltr'>assumptum</span> <span class='ocrx_word' id='word_1_315' title='bbox 894 2916 935 2938; x_wconf 85' lang='lat' dir='ltr'>ex</span> <span class='ocrx_word' id='word_1_316' title='bbox 958 2904 997 2938; x_wconf 85' lang='lat' dir='ltr'>B.</span> <span class='ocrx_word' id='word_1_317' title='bbox 1159 2916 1214 2939; x_wconf 91' lang='lat'>21.</span> <span class='ocrx_word' id='word_1_318' title='bbox 1241 2905 1368 2941; x_wconf 82' lang='grc' dir='ltr'>δεικνὺς</span> <span class='ocrx_word' id='word_1_319' title='bbox 1385 2907 1438 2940; x_wconf 84' lang='grc' dir='ltr'>καὶ</span> <span class='ocrx_word' id='word_1_320' title='bbox 1460 2907 1498 2941; x_wconf 85' lang='grc' dir='ltr'>Β.</span> <span class='ocrx_word' id='word_1_321' title='bbox 1518 2908 1687 2942; x_wconf 82' lang='grc' dir='ltr'>δείκνυσιν</span> 
     </span>
     <span class='ocr_line' id='line_1_35' title="bbox 142 2955 253 2984; baseline -0.009 0"><span class='ocrx_word' id='word_1_322' title='bbox 142 2955 166 2984; x_wconf 82' lang='lat' dir='ltr'>t.</span> <span class='ocrx_word' id='word_1_323' title='bbox 246 2976 253 2983; x_wconf 88' lang='lat'>.</span> 
     </span>
    </p>
   </div>
   <div class='ocr_carea' id='block_1_5' title="bbox 1703 1671 1911 1767">
    <p class='ocr_par' dir='ltr' id='par_1_5' title="bbox 1703 1671 1911 1767">
     <span class='ocr_line' id='line_1_36' title="bbox 1703 1671 1911 1706; baseline 0.01 -2"><span class='ocrx_word' id='word_1_324' title='bbox 1703 1680 1725 1704; x_wconf 84' lang='lat' dir='ltr'>a</span> <span class='ocrx_word' id='word_1_325' title='bbox 1764 1672 1845 1706; x_wconf 87' lang='lat'>501</span> <span class='ocrx_word' id='word_1_326' title='bbox 1859 1671 1911 1706; x_wconf 87' lang='lat' dir='ltr'>A.</span> 
     </span>
     <span class='ocr_line' id='line_1_37' title="bbox 1748 1738 1840 1767; baseline 0 0"><span class='ocrx_word' id='word_1_327' title='bbox 1748 1738 1840 1767; x_wconf 74' lang='lat' dir='ltr'>Infra</span> 
     </span>
    </p>
   </div>
   <div class='ocr_carea' id='block_1_6' title="bbox 1748 1782 1901 1820">
    <p class='ocr_par' dir='ltr' id='par_1_6' title="bbox 1748 1782 1901 1820">
     <span class='ocr_line' id='line_1_38' title="bbox 1748 1782 1901 1820; baseline 0.007 -9"><span class='ocrx_word' id='word_1_328' title='bbox 1748 1782 1812 1812; x_wconf 75' lang='lat' dir='ltr'>xiv.</span> <span class='ocrx_word' id='word_1_329' title='bbox 1830 1791 1857 1817; x_wconf 86' lang='lat'>2,</span> <span class='ocrx_word' id='word_1_330' title='bbox 1873 1791 1901 1820; x_wconf 83' lang='lat'>3.</span> 
     </span>
    </p>
   </div>
   <div class='ocr_carea' id='block_1_7' title="bbox 1706 2402 1732 2442">
    <p class='ocr_par' dir='ltr' id='par_1_7' title="bbox 1706 2402 1732 2442">
     <span class='ocr_line' id='line_1_39' title="bbox 1706 2402 1732 2442; baseline 0.038 -1"><span class='ocrx_word' id='word_1_331' title='bbox 1706 2402 1732 2442; x_wconf 85' lang='lat' dir='ltr'>b</span> 
     </span>
    </p>
   </div>
   <div class='ocr_carea' id='block_1_8' title="bbox 1752 2553 1910 2637">
    <p class='ocr_par' dir='ltr' id='par_1_8' title="bbox 1752 2553 1910 2637">
     <span class='ocr_line' id='line_1_40' title="bbox 1752 2553 1910 2584; baseline 0 -1"><span class='ocrx_word' id='word_1_332' title='bbox 1752 2562 1766 2583; x_wconf 86' lang='lat'>2</span> <span class='ocrx_word' id='word_1_333' title='bbox 1781 2553 1854 2584; x_wconf 86' lang='lat' dir='ltr'>Cor.</span> <span class='ocrx_word' id='word_1_334' title='bbox 1869 2553 1910 2584; x_wconf 85' lang='lat' dir='ltr'>vi.</span> 
     </span>
     <span class='ocr_line' id='line_1_41' title="bbox 1752 2605 1800 2637; baseline 0.042 -11"><span class='ocrx_word' id='word_1_335' title='bbox 1752 2605 1800 2637; x_wconf 77' lang='lat'>14.</span> 
     </span>
    </p>
   </div>
  </div>
 </body>
</html>
