2037 3266
87 1501 185 1533 Prov.
203 1500 248 1532 iii.

91 1553 142 1585 34·

311 139 397 179 344
717 142 768 182 B.
802 142 1081 183 CYRILLI
1123 143 1504 184 ALEXANDR.
1698 143 1785 183 xiii.
1807 150 1902 195 2—5·

276 320 393 362 2Καί
434 320 608 364 δείπνου
647 325 892 376 Γενομένου,
932 328 1003 366 τοῦ
1046 325 1249 375 διαβόλου
1293 325 1374 367 ἧδΗ
1420 325 1679 376 βεβλΗκότοε
1722 321 1783 364 eie
1825 322 1901 364 τήν

384 404 561 461 καρδίαν
586 406 730 448 Ἰούδα
768 406 967 456 Σίμωνος
1004 411 1078 449 τοῦ
1103 408 1398 466 Ἰσκαριώτου,
1430 409 1499 450 ἵνα
1538 407 1722 465 παραδῷ
1759 406 1899 449 αὐτόν·

383 485 511 528 εἰδὼς
547 489 612 531 ὅτι
651 490 787 531 Πάντα
825 489 990 531 ἔδωκεν
1025 491 1142 545 αὐτῷ
1179 492 1201 534 ὁ
1240 490 1390 548 Πατιὶρ
1429 489 1489 532 εἰς
1526 492 1603 533 τὰε
1640 487 1797 547 χεῖρας,
1832 487 1903 528 καί

384 571 449 612 ἔτι
490 570 576 612 ἀπὸ
615 570 728 612 Θεοῦ
773 572 925 615 ἐξῆλθε
969 573 1038 614 καὶ
1081 573 1189 630 πρὸς
1232 574 1305 615 τὸν
1343 574 1452 616 Θεὸν
1490 574 1653 624 ὑπαΓει,
1691 571 1900 628 ὲΓείρεται

382 652 429 692 έκ
477 656 551 694 τοῦ
601 653 774 695 δείπνου
824 655 892 695 καὶ
941 655 1179 698 fleam-161
1232 655 1389 708 ἱμάτια,
1432 657 1501 698 καὶ
1544 656 1688 706 λαβὼν
1731 655 1942 699 λέντιον5

384 734 580 792 διέζωσεν
623 738 790 780 ἑαυτὸν·
851 733 941 780 εἶτα
993 740 1141 788 βάλλει
1189 739 1306 796 ὕδωρ
1356 738 1415 781 εἰς
1464 739 1537 782 τὸν
1586 742 1779 794 νιπτῆρα,
1830 736 1898 777 καὶ

274 751 298 835 001

382 817 544 874 ἤρξατο
583 819 742 861 νίπτειν
780 820 878 861 τοὺς
917 821 1052 864 πόδας
1094 822 1180 863 τῶν
1218 823 1420 871 μαΘΗτών
1461 822 1530 863 καὶ
1572 821 1799 869 ἐκμάσσειν
1837 820 1899 872 τῷ

381 901 536 956 Λεντίῳ
576 900 613 956 ᾧ
644 900 694 943 ι’ἷν
733 903 1022 961 διεζωσμένος.

387 1026 650 1094 Πρόῤῥιζον
677 1030 702 1079 ὁ
731 1028 899 1096 Σωτὴρ
932 1031 982 1080 ἐκ
1016 1035 1110 1081 τῶν
1139 1031 1372 1098 ἡμετέρων
1399 1035 1627 1093 διανοιῶν,
1652 1033 1714 1084 ὡς
1746 1052 1893 1094 νοση-

309 1107 473 1171 μάτων
519 1109 789 1177 αἴσχιστον,
840 1113 916 1162 καὶ
967 1115 1049 1175 τῆς
1100 1111 1323 1164 ἁπάντων
1372 1112 1595 1164 ἀνωτάτω
1646 1111 1897 1178 βδελυρίας
1919 1131 1970 1158 10

311 1189 459 1258 ἄξιον,
498 1192 818 1260 καταστρέφει
856 1191 943 1257 τὴν
982 1195 1262 1263 ὑπεροψίαν.
1319 1193 1412 1246 οἶδε
1450 1194 1543 1261 γὰρ
1581 1196 1727 1248 οὕτως
1765 1193 1897 1244 οὐδὲν

311 1273 483 1322 ἀδικεῖν
510 1272 670 1327 εἰωθὸς
704 1273 789 1338 τὴν
821 1275 1072 1341 ἀνθρώπου
1107 1276 1284 1344 ψυχὴν,
1312 1279 1374 1331 ὡς
1412 1282 1550 1328 τοῦτο
1588 1276 1804 1339 μάλιστα
1842 1274 1897 1326 τὸ

1243 1357 1264 1375 ’ἒ

311 1351 481 1418 μιαρὸν
525 1356 600 1404 καὶ
653 1355 965 1407 ἀπόπτυστον
1013 1356 1181 1420 πάθος,
1229 1382 1266 1428 ῳ
1317 1361 1393 1409 καὶ
1440 1357 1579 1411 αὐτὸς
1632 1359 1656 1407 ὁ
1704 1355 1897 1408 πάντων

267 1433 585 1499 (ΙΔεσπότης,
630 1439 692 1490 ὡς
743 1439 791 1487 ἐν
835 1437 966 1507 τάξει
1019 1439 1262 1503 πολεμίου,
1305 1441 1492 1494 δικαίως
1542 1440 1893 1490 ἀντανίσταται·

329 1523 341 1545 ⁶
370 1516 542 1582 Κύριος
591 1517 684 1584 γὰρ
736 1518 1052 1587 ὑπερηφάνοις
1101 1520 1477 1584 ἀντιτάσσεται,”
1519 1520 1638 1572 κατὰ
1688 1519 1773 1584 τὴν
1812 1524 1895 1570 τοῦ
1918 1538 1964 1576 15

314 1601 627 1661 Σολομῶντος
655 1600 833 1669 φωνήν.
889 1602 977 1652 ἔδει
1004 1602 1159 1654 τοίνυν
1185 1609 1281 1657 τοῖς
1307 1604 1455 1670 ἁγίοις
1488 1602 1706 1667 μάλιστα
1738 1605 1891 1666 μαθη-

312 1684 412 1733 ταῖς
445 1681 632 1747 μετρίου
666 1704 716 1732 τε
751 1684 826 1733 καὶ
862 1685 1203 1752 καθυφειμένου
1241 1685 1557 1751 φρονήματος,
1585 1686 1660 1735 καὶ
1687 1684 1897 1734 διακένου

312 1763 448 1824 τιμῆς
489 1763 543 1812 οὐ
584 1762 779 1831 σφόδρα
821 1765 1150 1833 φροντίζοντος
1192 1773 1449 1833 λογισμοῦ·
1504 1768 1557 1817 οὐ
1596 1764 1764 1831 μικρὰς
1803 1764 1896 1831 γὰρ

311 1841 495 1910 ἔχοντες
535 1844 619 1898 τὰς
659 1850 743 1896 τοῦ
783 1852 976 1897 τοιαῦτα
1018 1852 1176 1898 νοσεῖν
1218 1848 1452 1917 ἀφορμὰς,
1495 1848 1797 1899 κατώλισθον
1839 1844 1897 1897 ἂν

312 1923 529 1988 εὐκόλως,
570 1930 607 1977 εἰ
646 1926 712 1991 μὴ
749 1931 938 1992 πολλῆς
976 1928 1142 1996 ἔτυχον
1180 1933 1264 1994 τῆς
1301 1930 1580 1997 ἐπικουρίας.
1635 1934 1771 1999 φιλεῖ
1802 1928 1894 1995 γάρ
1914 1951 1964 1976 20

310 2029 410 2060 πως
437 2009 506 2058 ἀεὶ
532 2013 628 2062 τοῖς
654 2008 817 2076 ἔχουσι
853 2008 907 2060 τὸ
941 2010 1195 2079 περιφανὲς
1228 2010 1282 2062 τὸ
1316 2011 1485 2078 πικρὸν
1510 2015 1591 2076 τῆς
1624 2011 1896 2077 ἀλαζονείας

310 2089 566 2156 ἐπιτρέχειν
602 2090 777 2157 θηρίον.
830 2088 928 2141 εἶτα
965 2092 1015 2142 τί
1048 2097 1141 2142 τῶν
1180 2093 1326 2159 ἁγίων
1363 2092 1653 2144 ἀποστόλων
1691 2092 1889 2162 φαιδρό-

272 2193 479 2236 οτερον;
529 2170 558 2235 ἢ
596 2177 732 2223 ποῖον
761 2175 844 2236 τῆς
882 2173 1001 2239 πρὸς
1032 2173 1157 2224 Θεὸν
1189 2175 1352 2243 φιλίας
1390 2174 1444 2226 τὸ
1483 2174 1889 2243 ἀξιολογώτερον,

309 2250 392 2301 τὸν
417 2250 503 2315 μὲν
532 2251 624 2318 γὰρ
664 2252 797 2304 οὐδὲν
829 2253 943 2304 ὄντα
982 2254 1101 2306 κατὰ
1140 2254 1222 2306 τὸν
1254 2255 1361 2316 βίον
1395 2257 1478 2306 οὐκ
1514 2254 1571 2306 ἂν
1597 2255 1805 2306 εἰσέλθοι
1838 2253 1893 2306 τὸ

308 2331 477 2386 πάθος.
533 2333 696 2402 φεύγει
730 2334 823 2401 γάρ
858 2358 959 2388 πως
992 2338 1060 2386 ἀεὶ
1097 2336 1180 2387 τὸν
1206 2336 1338 2387 οὐδὲν
1363 2337 1532 2404 ἔχοντα
1566 2334 1790 2402 ζηλωτὸν,
1817 2338 1892 2387 καὶ
1913 2358 1961 2396 25

309 2418 404 2464 τῶν
448 2415 496 2465 ἐν
539 2419 606 2484 τῷ
648 2418 810 2480 μηδενὶ
852 2416 1150 2480 τεταγμένων
1195 2419 1496 2479 ἀνεπίβατον·
1555 2423 1657 2471 πῶς
1698 2417 1790 2484 γὰρ
1835 2416 1893 2468 ἂν

308 2494 502 2546 ἐπέλθοι
540 2500 634 2547 τῶν
672 2496 897 2549 τοιούτων
935 2500 1024 2549 τινὶ
1061 2498 1116 2549 τὸ
1160 2499 1280 2549 κατά
1318 2522 1362 2550 τι
1402 2505 1520 2565 γοῦν
1558 2499 1683 2553 ὅλως
1722 2497 1893 2564 ἀλαζο-

309 2575 555 2638 νεύεσθαις
612 2582 749 2647 φιλεῖ
795 2579 850 2630 δέ
894 2602 962 2634 τις
1010 2578 1095 2644 τὴν
1141 2581 1409 2649 ὑπεροψίαν
1451 2579 1766 2649 ἀξιοζήλωτος
1808 2579 1889 2641 ὧν,

310 2658 475 2709 ἑαυτόν
511 2682 561 2710 τε
602 2659 678 2710 διὰ
718 2665 857 2712 τοῦτο
897 2666 981 2712 τοῦ
1025 2660 1176 2716 πέλας
1216 2663 1467 2728 προτιθεὶς,
1506 2664 1582 2713 καὶ
1625 2661 1754 2714 πολὺ
1798 2666 1893 2713 τῶν

357 2841 391 2874 3.
417 2831 512 2867 εἰδὼς
530 2832 572 2866 Ε.
589 2832 719 2868 εἷδὼςὸ
735 2833 869 2877 Ἰησοῦς
887 2834 954 2869 Ed.
1068 2844 1098 2880 7.
1126 2836 1271 2880 ἤρξαντο
1290 2836 1372 2880 (sic)
1393 2836 1433 2870 E.
1545 2844 1598 2881 17.
1625 2833 1888 2880 καθυφειμένου]

309 2890 349 2908 ου
367 2877 612 2922 καθυφειμένου
632 2879 712 2924 (sic)
734 2849 782 2915 En
919 2893 971 2939 19.
998 2884 1112 2915 νοσεῖν
1129 2883 1257 2916 retinul
1274 2895 1315 2916 ex
1335 2881 1401 2916 Ed.
1419 2883 1560 2927 φρονεῖν
1577 2882 1618 2916 Ε.
1745 2880 1799 2915 26.
1825 2883 1892 2915 τῶν

311 2921 346 2955 ἐν
362 2924 408 2967 τῷ
425 2924 541 2967 μηδενὶ
557 2927 768 2970 τεταγμένων
786 2926 828 2961 Ε.
843 2928 902 2962 τὸν
919 2927 955 2962 ἐν
971 2930 1018 2973 τῷ
1035 2928 1150 2972 μηδενὶ
1168 2929 1371 2973 τεταγμένον
1388 2928 1455 2962 Ed.
