2022 3272
110 118 192 158 xiv.
218 119 275 169 16,
301 129 358 170 17.
400 118 465 158 IN
510 117 551 158 S.
587 118 925 158 JOANNEM.
991 117 1116 157 LIB.
1155 117 1229 156 lx.
1293 117 1425 155 CM).
1462 115 1496 154 1.
1614 114 1698 152 469

111 233 192 278 τοῦ
222 228 433 294 Πατρὸς,
465 230 489 278 ὁ
517 230 570 279 δι’
601 229 654 278 οῦ
689 229 747 278 τὰ
781 227 938 280 πάντα
974 230 1169 278 δίδωσιν
1197 228 1220 276 ὁ
1247 225 1377 278 Υἱός·
1422 227 1495 275 καὶ
1525 224 1699 273 διδόναι

113 310 372 375 λεγομένου
398 318 479 361 τοῦ
506 315 639 372 Υἱοῦ,
668 312 692 361 ὁ
719 313 774 379 ἐξ
800 311 852 361 οῦ
878 310 934 360 τὰ
960 310 1117 361 πάντα
1146 309 1340 359 δίδωσιν
1368 309 1391 357 ὁ
1424 307 1605 372 Πατήρ.

179 391 295 443 θὈτι
322 392 369 443 δὲ
396 393 519 444 θεῖόν
545 417 594 444 τε
621 393 674 444 τὸ
706 397 914 456 Πνεῦμα,
941 395 1014 442 καὶ
1043 393 1129 458 οὐχ
1155 392 1463 456 ἐτεροούσιον,
1491 392 1551 442 ὠς
1583 388 1702 454 πρὸς

114 473 256 525 αὐτόν
289 498 338 526 τε
378 478 500 544 φημὶ
541 475 622 526 τὸν
653 477 843 541 [Ιατέρα
881 478 957 525 καὶ
997 474 1080 525 τὸν
1105 473 1236 536 Υἱὸν,
1266 474 1414 523 οὐδενὶ
1453 471 1538 535 μὲν
1576 469 1703 534 οἶμαι

73 569 94 606 5
115 562 208 608 τῶν
244 558 292 607 εὖ
332 557 634 627 φρονούντων
670 557 896 625 ὑπάρχειν
931 557 1223 625 ἀμφίβολον,
1253 557 1326 605 καὶ
1366 557 1617 620 ἀναγκαῖος
1657 553 1704 603 δὲ

116 640 237 704 ἡμᾶς
264 640 504 691 ἀναπείσει
532 640 692 705 λόγος.
751 645 788 691 εὶ
821 640 913 705 γὰρ
950 640 1032 690 οὐκ
1068 637 1188 689 εἶναί
1218 661 1286 691 τις
1323 637 1436 687 αὐτό
1476 645 1627 705 φησιν
1655 637 1704 685 ἐκ
1725 658 1745 684 e

116 724 199 785 τῆς
226 722 388 775 οὐσίας
416 728 499 773 τοῦ
527 728 665 784 Θεοῦ,
692 727 793 776 πῶς
818 721 875 771 ἂν
903 722 969 785 ε’ίη
998 726 1123 772 Θεοῦ
1153 720 1352 786 με’τοχος
1389 720 1415 783 ἡ
1453 719 1605 771 κτίσις
1641 718 1706 768 ε”τι

118 808 343 864 λαβοῦσα
369 804 422 855 τὸ
452 809 677 867 Πνεῦμα;
722 804 841 855 κατὰ
872 805 976 854 τίνα
1014 803 1061 854 δὲ
1097 802 1274 869 τρόπον
1301 804 1401 852 ναοὶ
1430 806 1554 852 Θεοῦ
1584 824 1702 868 χρη-

118 891 373 948 ματιοῦμεν
414 889 488 937 καὶ
533 886 755 950 ἐσόμεθα,
799 886 994 937 κτιστὸν
1040 885 1067 950 ἢ
1115 884 1371 949 άλλογενές
1418 882 1707 948 κομιζόμενοι

52 989 100 1013 10
119 973 315 1031 πνεῦμα,
343 971 418 1019 καὶ
451 971 553 1036 οὐχὶ
585 974 777 1032 μᾶλλον
803 968 857 1020 τὸ
885 971 933 1019 ἐκ
961 972 1117 1029 Θεοῦ;
1160 972 1261 1020 πῶς
1289 966 1336 1017 δὲ
1365 966 1490 1020 θείας
1517 966 1708 1033 φύσεως

121 1053 344 1113 κοινωνοὶ,
372 1052 490 1102 κατὰ
515 1052 598 1105 τὰς
625 1056 720 1102 τῶν
747 1052 894 1116 ἁγίων
922 1049 1100 1119 φωνὰς,
1132 1054 1174 1101 οἱ
1203 1049 1479 1112 Πνεύματος
1505 1048 1709 1115 με’τοχοι,

121 1137 158 1183 εὶ
193 1137 289 1187 τοῖς
325 1140 535 1199 γενητοῖς
571 1131 836 1200 ε’ναρίθμιόν
861 1135 979 1195 ἐστι,
1006 1135 1082 1183 καὶ
1119 1133 1221 1199 οὐχὶ
1261 1137 1452 1195 μᾶλλον
1479 1130 1535 1198 ἐξ
1570 1132 1712 1193 αὐτῆς

1773 808 1785 830 1
1801 800 1875 830 Cor.

1769 844 1813 874 iii.
1832 843 1879 873 16.

1772 967 1787 1007 ?
1806 959 1836 987 S.
1853 958 1924 988 Pet.

1772 1013 1791 1033 1.
1811 1013 1840 1041 4.

121 1216 231 1279 ἡμῖν
265 1219 347 1280 τῆς
385 1216 509 1270 θείας
549 1216 740 1285 φύσεως
778 1215 1007 1282 πρόεισιν,
1045 1216 1099 1265 οὐ
1135 1214 1448 1276 διικνούμενον
1487 1214 1541 1264 δι’
1571 1214 1751 1275 αὐτῆς-τι
1798 1223 1935 1259 811Α.

122 1301 184 1350 εἷς
223 1298 341 1361 ἡμᾶς
377 1301 438 1352 ὡς
473 1299 731 1364 ἀλλότριον
758 1299 886 1360 ἀλλ’,
913 1298 966 1348 ἵν’
997 1298 1143 1351 οὕτως
1177 1297 1305 1359 ε’ίπω,
1332 1296 1522 1355 ποιότης
1549 1294 1713 1362 ὥσπερ

56 1391 103 1430 15
123 1402 191 1432 τις
218 1383 299 1442 τῆς
330 1378 548 1445 θεότητος
579 1382 627 1431 ἐν
654 1381 762 1444 ἡμῖν
788 1380 1049 1446 γινόμενον,
1077 1381 1153 1430 καὶ
1179 1380 1228 1429 ἐν
1254 1384 1348 1432 τοῖς
1376 1379 1525 1444 ἁγίοις
1552 1400 1708 1428 κατοι-

124 1467 247 1524 κοῦν,
275 1466 349 1513 καὶ
388 1463 624 1526 ἀπομένον
657 1462 732 1513 διὰ
770 1463 960 1524 παντὸς,
988 1466 1025 1512 εὶ
1063 1464 1146 1525 τῆς
1186 1462 1363 1512 ἑαυτῶν
1394 1462 1597 1514 διανοίας
1632 1458 1715 1511 τὸν

124 1543 381 1613 ὀφθαλμὸν
408 1544 483 1596 διὰ
509 1544 670 1609 πάσης
706 1545 943 1598 ἐπιεικείας
980 1544 1378 1609 ἀποκαθαίροντες
1414 1546 1489 1594 καὶ
1525 1541 1601 1593 διὰ
1632 1545 1716 1606 τῆς

124 1631 187 1681 εἰς
213 1632 378 1680 πᾶσαν
405 1628 576 1695 ἀρετὴν
602 1628 852 1680 ἀνενδότου
879 1631 1108 1692 σπουδῆς,
1125 1631 1402 1693 συντηροῖεν
1427 1627 1605 1679 ἑαυτοῖς
1631 1624 1716 1688 τὴν

125 1709 275 1778 χάριν.
321 1711 566 1778 ἀχώρητον
591 1710 675 1774 μὲν
702 1710 796 1777 γὰρ
823 1712 898 1761 καὶ
925 1709 1193 1776 ἀθεώρητον
1219 1707 1332 1760 αὐτὸ
1359 1713 1454 1762 τοῖς
1480 1709 1528 1758 ἐν
1556 1708 1717 1776 noso-lugo

58 1811 107 1835 20
128 1795 280 1860 φησιν
306 1794 330 1843 ὁ
357 1793 586 1859 Χριστὸς,
613 1792 842 1856 τουτέστι,
869 1797 966 1846 τοῖς
1001 1792 1060 1843 τὰ
1095 1794 1143 1843 ἐν
1170 1792 1337 1860 κόσμῳ
1371 1796 1606 1858 φρονοῦσι
1641 1791 1717 1840 καὶ

127 1876 319 1941 ἀγαπᾶν
343 1876 582 1939 ἑλομένοις
609 1874 667 1926 τὰ
693 1876 886 1940 ἐπίγεια,
913 1873 1129 1942 χωρητὸν
1154 1873 1304 1940 γεμὴν
1329 1875 1404 1923 καὶ
1431 1871 1719 1923 εὐκάτοπτον

127 1962 224 2010 τοῖς
269 1958 430 2023 ἁγίοις.
484 1956 559 2008 διὰ
604 1957 745 2008 ποίαν
788 1956 974 2017 αἰτίαν,
1035 1959 1076 2006 οἱ
1121 1955 1206 2018 μὲν
1252 1954 1345 2020 γὰρ
1391 1953 1762 2005 δυσέκπλυτονὶ)

129 2039 312 2106 ἔχοντες
340 2038 425 2104 τὴν
452 2039 763 2104 ἀκαθαρσίαν,
791 2041 867 2089 καὶ
894 2037 1049 2102 λήμης
1087 2036 1250 2103 ὥσπερ
1285 2035 1408 2090 τινὸς
1444 2035 1527 2087 τὸν
1553 2039 1720 2086 οἰκεῖον

130 2122 494 2186 ἀναπλήσαντες
535 2127 657 2183 νοῦν,
694 2120 747 2171 τὸ
786 2123 869 2184 τῆς
911 2122 1035 2173 θείας
1080 2119 1272 2187 φύσεως
1318 2121 1371 2169 οὐ
1409 2121 1721 2185 περιαθροῦσι

61 2213 110 2252 25
132 2203 324 2266 κάλλος,
353 2205 458 2255 οὔτε
497 2203 590 2268 μὴν
625 2202 706 2254 τὸν
742 2208 825 2254 τοῦ
864 2202 1141 2265 Πνεύματος
1181 2200 1516 2268 καταδέχονται
1555 2198 1717 2263 νόμον,

132 2285 405 2351 ὀλοτρόπως
444 2291 540 2339 τοῖς
579 2288 660 2348 τῆς
699 2284 880 2352 σαρκὸς
918 2283 1280 2350 τυραννούμενοι
1317 2284 1537 2335 πάθεσιν·
1593 2284 1635 2333 οἱ
1674 2281 1722 2332 δὲ

133 2369 302 2433 ἀγαθοὶ
346 2369 421 2418 καὶ
468 2367 710 2437 νηφαλεόι,
751 2366 1093 2434 σχολάζουσαν
1131 2371 1226 2417 τῶν
1264 2368 1312 2416 ἐν
1353 2365 1522 2435 κόσμῳ
1568 2368 1724 2415 κακῶν

134 2450 317 2516 ἔχοντες
343 2450 428 2513 τὴν
455 2450 662 2515 καρδίαν,
691 2449 992 2515 εἶσοικίζουσι
1019 2449 1104 2512 μὲν
1128 2449 1176 2499 ἐν
1203 2450 1380 2501 ἑαυτοῖς
1407 2448 1616 2498 ἐθελοντὶ
1641 2446 1724 2497 τὸν

137 2531 473 2597 Παράκλητον,
500 2531 789 2597 διασώζουσι
825 2531 872 2581 δὲ
908 2531 1153 2592 λαβόντες,
1185 2532 1260 2580 καὶ
1294 2529 1504 2580 καθόσον
1533 2528 1719 2593 ἀνθρώ-

66 2635 115 2671 30
135 2636 241 2667 ποις
296 2612 501 2682 ἐφικτὸν,
556 2616 731 2677 νοητῶς
780 2611 1001 2678 θεωροῦσι,
1052 2610 1181 2662 πολύ
1237 2633 1281 2661 τι
1338 2611 1413 2661 καὶ
1468 2610 1590 2675 με’γα
1647 2610 1762 2662 καὶο

184 2792 217 2825 3.
243 2779 296 2825 τε]
321 2784 358 2820 —i—
380 2780 433 2813 καὶ
451 2779 518 2813 Ed.
537 2779 656 2812 invitis
675 2778 717 2813 E.
736 2778 864 2813 Vecco.
1043 2789 1078 2819 4.
1103 2776 1157 2822 τε]
1177 2791 1216 2822 γε
1236 2776 1386 2810 Veccus.
1573 2785 1625 2809 12.
1653 2776 1723 2810 τοῖς

137 2839 207 2861 om.
225 2827 376 2861 Veccus.
492 2837 545 2870 13.
573 2824 798 2869 διικνούμενον
817 2825 858 2858 Ε.
879 2824 932 2869 (ut
951 2823 1095 2858 adnotat
1113 2828 1147 2858 et
1165 2823 1276 2866 Aub.)
1298 2823 1447 2856 Veccus
1467 2821 1724 2865 διακονούμενον

139 2873 206 2907 Ed.
436 2882 488 2918 15.
513 2874 693 2918 γενόμενον
710 2872 860 2906 Veccus.
1082 2869 1136 2905 16.
1162 2868 1346 2914 ἀπομένον]
1367 2869 1555 2913 ἁπτόμενον
1574 2868 1724 2903 Veccus.

141 2931 195 2964 23.
221 2920 321 2964 λίμης
340 2920 381 2954 Ε.
