1971 3272
72 143 112 168 x,
137 139 228 183 1-5.
321 130 396 170 IN
437 131 479 171 S.
515 131 851 172 JOANNEM.
916 131 1039 172 LIB.
1065 132 1143 172 VI.
1207 132 1340 173 CAP.
1374 133 1408 174 I.
1575 134 1659 171 205)

73 245 224 294 κακῶς
263 242 453 308 εἰρηκὼς
491 242 598 296 τοὺς
636 243 797 310 ὀίρχειν
831 243 1068 310 λαχόντας
1104 248 1249 293 λαῶν·
1304 241 1534 309 ἐφρόνουν
1567 242 1659 306 γαρ

72 323 145 373 ἐπὶ
172 322 321 392 τούτῳ
356 325 478 390 με’γα
512 349 555 375 τι
593 328 668 375 καὶ
703 326 929 394 ἐξαίσιον·
979 326 1244 391 ἀναγκαίως
1273 326 1296 375 ὁ
1330 324 1500 389 Κύριος
1528 324 1660 387 ἡμῶν

71 405 260 467 Ἰησοῦς
295 408 318 456 ὁ
350 407 576 472 Χριστὸς,
603 411 679 457 καὶ
713 407 860 476 ταύτῃ
895 407 1042 459 πάλιν
1078 409 1232 458 αὐτῶν
1265 411 1322 474 τῇ
1362 405 1662 469 διενθυμήσει

72 487 350 554 μαχόμενος,
369 490 618 555 εἰσκομίζει
645 491 892 556 χρησίμως
918 490 1003 553 τὴν
1026 489 1326 555 παραβολὴν,
1346 487 1662 553 ἁμυδρότερόν

31 587 175 625 5πως
222 573 297 620 καὶ
345 573 405 624 ὡς
448 573 495 621 ἐν
535 573 809 636 αἰνίγμασιν
851 574 1104 636 ὑποδηλῶν
1143 574 1205 625 ὡς
1251 573 1337 638 οὐχ
1384 571 1576 639 ἕξουσιν
1614 572 1663 620 ἐκ

73 652 350 720 πλεονεξίας
377 653 430 704 τὸ
458 657 769 719 καθηγεῖσθαι
795 655 1013 716 βεβαίως,
1041 655 1150 704 ἀλλ’
1177 653 1279 704 οὐδὲ
1306 653 1481 718 πάγιον
1508 654 1662 706 αὐτοῖς

72 734 338 799 προσέσται
375 734 428 785 τὸ
465 736 650 804 ἀξίωμα
686 735 768 786 τὸν
793 735 959 787 τούτου
987 740 1161 803 δοτῆρα
1187 736 1270 786 τὸν
1298 735 1424 786 Θεὸν
1450 736 1506 804 ἐξ
1534 737 1656 785 ἀλα-

75 815 246 881 ζονείας
286 816 542 883 ὑβρίζουσι·
597 817 807 868 διδάσκει
843 817 891 869 δὲ
927 817 997 869 ὅτι
1028 824 1166 869 τοῦτο
1201 818 1469 884 προσέσται
1504 817 1663 880 μόνοις

73 903 170 952 τοῖς
209 900 263 949 δι’
294 901 437 950 αὐτοῦ
478 901 782 963 καλουμένοις
822 904 884 954 εἰς
919 904 1050 951 λαῶν
1083 901 1348 966 ἡγεμονίαν.
1403 900 1530 969 θύραν
1560 923 1656 950 τοι·
1679 917 1700 943 C

7 989 55 1030 ἰο
75 987 253 1047 γαροῦν
279 981 445 1033 ἑαυτὸν
471 981 590 1033 εἶναί
623 989 775 1051 φησιν
802 984 1087 1051 εἰσφέροντα
1123 981 1198 1032 διὰ
1234 986 1414 1046 βουλῆς
1450 984 1565 1036 ἰδίας
1601 987 1663 1035 εἰς

74 1061 127 1113 τὸ
167 1067 475 1130 καθηγεῖσθαι
513 1065 742 1128 ποιμνίων
778 1069 872 1115 τῶν
904 1069 1112 1130 λογικῶν
1144 1064 1226 1115 τὸν
1254 1064 1549 1129 ἐπιστήμονα
1588 1068 1663 1115 καὶ

75 1145 317 1214 φιλόθεον.
382 1146 585 1207 κλέπτην
624 1146 671 1197 δὲ
711 1149 784 1197 καὶ
826 1146 993 1221 >xpo-7371)
1028 1148 1263 1198 ἀποκαλεῖ
1297 1149 1370 1197 καὶ
1405 1146 1664 1210 αλλαχσθεν

74 1229 383 1285 ἀναβαίνοντα
424 1227 505 1279 τὸν
545 1231 594 1279 ἐκ
635 1229 742 1288 βίας
787 1231 861 1279 καὶ
905 1231 1175 1294 τυραννίδος
1220 1228 1305 1293 τὴν
1344 1231 1397 1279 οὐ
1443 1233 1664 1280 δοθεῖσαν

75 1310 200 1378 αὐτῷ
243 1309 382 1374 τιμὴν
424 1311 654 1361 δύνασθαι
700 1316 865 1371 λαβεῖν
911 1311 1134 1374 οἰόμενον,
1180 1313 1334 1362 ὁποῖοί
1374 1335 1493 1365 τινες
1537 1311 1664 1376 ἦσαν

1726 1388 1808 1420 Hos.
1815 1388 1884 1420 viii.

1724 1442 1755 1470 4.

75 1480 103 1503 ‘⁶
129 1480 310 1525 λευσαν
341 1498 416 1525 και
452 1476 505 1526 οὐ
541 1477 594 1526 δι’
623 1477 748 1539 ε’μου,
777 1475 928 1544 ἦρξαν
964 1478 1039 1526 καὶ
1079 1477 1130 1526 οὐ
1167 1476 1242 1526 διὰ
1275 1482 1358 1527 τοῦ
1386 1476 1663 1540 Πνευματός
1724 1476 1779 1549 {3³
1799 1486 1872 1506 ³³³·

8 1411 54 1449 15
74 1413 179 1458 περι
215 1389 279 1442 ὡν
311 1391 462 1456 δηπου
499 1396 622 1460 φησι
659 1393 714 1444 δι’
742 1393 843 1447 ἑνος
877 1398 972 1444 τῶν
1003 1396 1320 1493 προφητῶν,
1306 1393 1376 1445 ότι
1404 1401 1430 1423 “
1453 1395 1657 1454 Ἐβασι-

93 1558 267 1620 ίμου.”
324 1559 572 1609 αἰνίττεται
623 1557 671 1609 δε
725 1557 800 1609 διὰ
852 1582 1032 1609 τουτων
1074 1560 1134 1612 ὡς
1180 1558 1306 1624 ε’ίπερ
1352 1559 1509 1611 αὐτοῖς
1554 1559 1659 1609 καθ’
1680 1577 1702 1601 a
1734 1566 1883 1602 638A.

76 1637 247 1703 ἡδονὴν
281 1639 335 1690 τὸ
371 1639 665 1705 ἡγεμονεύειν
692 1641 794 1691 ἐστι
831 1645 925 1691 τῶν
952 1645 1096 1703 λαῶν,
1125 1641 1281 1705 δεήσει
1312 1642 1664 1694 πιστεύσαντας

77 1722 154 1771 καὶ
180 1720 234 1772 τὸ
261 1725 385 1773 θεῖον
410 1722 822 1791 παραδεξαμένους
857 1722 1076 1790 κήρυγμα
1116 1724 1169 1774 δι’
1199 1723 1341 1773 αὐτοῦ
1375 1721 1494 1789 πρὸς
1528 1728 1666 1774 τοῦτο

9 1823 59 1849 20
79 1805 285 1869 δραμεῖν,
312 1804 387 1854 ἵνα
423 1807 497 1855 καὶ
533 1804 796 1868 ἀκλόνητον
828 1807 904 1855 καὶ
940 1809 1098 1859 καλῶς
1134 1807 1381 1872 ἱδρυμένην
1408 1806 1555 1873 ε”χοιεν
1580 1803 1666 1868 τὴν

78 1885 243 1952 ἀρχὴν,
278 1885 302 1936 ὃ
342 1885 398 1950 δὴ
438 1888 511 1937 καὶ
550 1886 743 1952 γέγονεν
776 1887 823 1937 ε”ν
858 1910 907 1937 τε
942 1892 1039 1941 τοῖς
1074 1888 1223 1952 ἁγίοις
1259 1888 1563 1949 ἀποστόλοις,
1590 1889 1665 1938 καὶ

78 1973 173 2021 τοῖς
200 1968 296 2030 μετ’
323 1968 518 2021 ἐκείνους
544 1973 638 2019 τῶν
665 1967 811 2034 ἁγίων
838 1971 1104 2032 ἐκκλησιῶν
1132 1967 1459 2030 διδασκάλοις,
1489 1968 1555 2023 οἷς
1591 1971 1665 2019 καὶ

80 2056 97 2101 ὁ
134 2049 302 2119 θυρωρὶς
336 2054 514 2115 ανοὶγει,
543 2049 804 2112 τουτέστιν,
834 2049 861 2114 ἢ
899 2052 924 2101 ὁ
964 2050 1244 2117 τεταγμένος
1280 2051 1485 2116 ἅγγελος
1517 2054 1578 2104 εἱς
1611 2049 1664 2100 τὸ

79 2136 179 2185 ταῖς
219 2132 491 2196 ἐκκλησίαις
530 2133 798 2182 ἐπιστατεῖν
838 2135 912 2182 καὶ
954 2132 1277 2198 συμπράττειν
1314 2139 1409 2187 τοῖς
1450 2136 1665 2197 ἱερᾶσθαι

12 2224 59 2263 25
81 2220 317 2281 λαχοῦσιν
359 2218 420 2267 εἰς
464 2213 547 2267 τὰς
591 2219 686 2264 τῶν
728 2219 859 2265 λαῶν
904 2216 1146 2283 ὠφελείας,
1189 2214 1217 2279 ἢ
1262 2215 1409 2266 πάλιν
1454 2214 1592 2269 αὐτὸς
1638 2217 1663 2265 ὁ

83 2294 264 2362 Σωτὴρ,
305 2294 444 2350 αὐτὸς
492 2297 566 2346 καὶ
613 2295 714 2365 Θύρα
759 2297 835 2347 καὶ
880 2300 962 2360 τῆς
1013 2297 1157 2362 θύρας
1204 2296 1429 2365 ὑπάρχων
1471 2297 1660 2364 Κύριος.
1678 2309 1705 2349 b

81 2379 445 2429 καταπείθεσθαι
491 2377 640 2444 γεμὴν
682 2380 757 2428 καὶ
803 2380 1002 2430 ὑπείκειν
1044 2380 1195 2445 ὀρθῶς
1238 2384 1295 2447 τῇ
1341 2386 1423 2430 τοῦ
1468 2380 1657 2442 ποιμαί-

83 2482 242 2513 νοντος
282 2464 418 2528 φωνῇ
458 2460 543 2523 τὴν
577 2466 670 2511 τῶν
707 2460 964 2527 προβάτων
998 2461 1176 2526 ἀγέλην
1217 2462 1264 2511 εὖ
1301 2460 1435 2525 μάλα
1474 2464 1659 2528 διισχυ-

80 2541 264 2607 ρίζεται,
302 2546 633 2607 παραιτεῖσθαι
675 2541 723 2593 δὲ
767 2545 842 2593 καὶ
884 2544 994 2595 λίαν
1036 2544 1436 2606 ἐσπουδασμένως
1479 2541 1547 2602 τὴν
1585 2542 1664 2593 τῶν

14 2646 63 2683 30
83 2622 322 2692 ἀλλοτριῶν
349 2622 498 2692 φωνὴν,
525 2623 601 2674 ἵνα
625 2628 824 2688 πρᾶγμα
851 2628 956 2690 νοῇς
985 2624 1159 2688 ἀληθὲς
1184 2626 1258 2675 ε’πὶ
1283 2624 1337 2674 τὸ
1364 2623 1665 2689 γενικώτερον

83 2704 389 2755 ἐκπλατύνων
426 2710 509 2755 τοῦ
553 2704 702 2769 λόγου
745 2704 831 2768 τὴν
870 2705 1082 2769 δύναμιν.
1154 2705 1438 2769 διδάσκομεν
1479 2706 1572 2770 γὰρ
1617 2706 1665 2754 ἐν

132 2895 164 2932 7.
188 2888 247 2922 τὸν
263 2889 321 2922 alt.
339 2900 409 2923 om.
428 2901 459 2923 a.
653 2901 705 2934 13.
733 2888 788 2935 οὐ]
809 2889 853 2934 μὴ
872 2902 936 2925 a.c.
956 2889 1063 2924 Cord.
1259 2899 1312 2933 15.
1339 2890 1447 2934 δήπου
1465 2903 1495 2924 a.
1513 2904 1579 2925 που
1597 2890 1665 2925 Ed.

89 2933 142 2968 18.
167 2933 241 2968 ἐστὶ
259 2947 329 2969 orn.
348 2948 378 2970 a.
524 2947 577 2970 21.
604 2938 657 2970 καὶ
675 2935 752 2981 alt.]
777 2941 813 2978 -1-
835 2937 870 2971 ἐν
888 2949 917 2972 c.

143 3001 235 3029 VOL.
259 3002 308 3029 ΙΙ.
827 3004 850 3031 Ε
872 3006 893 3032 θ
