2022 3272
99 148 182 189 xiv.
205 151 270 192 28.
359 151 432 191 IN
475 153 516 192 S.
552 150 889 192 JOANNEM.
953 150 1077 190 Llss.
1117 150 1164 190 Χ
1229 148 1358 189 (ῘΛΙ).
1395 149 1428 188 Ι.
1608 146 1688 185 515

97 279 239 320 μενον
265 258 400 326 ἔχειν·
449 261 559 310 ἀλλ’
589 261 643 310 οὐ
679 259 875 326 σφόδρα
911 259 1149 325 χρήσιμον
1176 259 1301 326 αὐτῷ
1338 256 1612 323 διεφαίνετο,
1641 257 1729 305 ε’νο

97 345 292 404 μακροῖς
337 342 458 392 οὕτω
503 342 690 408 χρόνοις
736 343 1083 408 ἐμφιλοχωρεῖν
1125 343 1191 408 τῷ
1235 342 1317 402 τῆς
1362 339 1689 390 ταπεινώσεως

98 419 311 488 σχήματι
355 423 697 490 παραδεχθέντι
747 423 993 489 χρησίμως
1045 420 1120 472 διὰ
1164 421 1248 485 τὴν
1294 425 1356 474 εἰς
1400 421 1520 483 ἡμᾶς
1566 418 1684 484 ἀγά-

96 525 259 566 πησιν,
288 504 499 571 καθάπερ
525 505 613 569 ἤδη
640 508 939 571 προείπομεν.
994 504 1082 554 ἔδει
1108 503 1200 570 γὰρ
1232 508 1438 565 μᾶλλον,
1465 505 1548 564 τῆς
1580 503 1686 552 καθ’

55 598 78 636 5
98 584 219 648 ἡμᾶς
245 587 506 650 οἰκονομίας
535 587 808 640 ἀκολούθως
843 587 932 651 ἤδη
969 586 1343 651 πεπερασμένης,
1371 588 1431 637 εἰς
1458 584 1543 647 τὴν
1571 584 1690 634 ἰδίαν

97 667 417 735 ἀναφοιτῆσαι
445 668 590 737 δόξαν
615 668 773 731 αὑτὸν,
800 670 876 719 καὶ
910 667 1028 732 μετὰ
1065 671 1147 731 τῆς
1185 667 1239 718 δι’
1267 668 1386 730 ἡμᾶς
1420 666 1691 733 ληφθείσης

97 746 277 814 σαρκὸς
301 753 640 817 παλινδρομεῖν
668 755 729 804 εἰς
757 751 957 816 ἰσότητα
981 749 1067 815 τὴν
1093 749 1211 816 πρὸς
1234 748 1358 799 Θεὸν
1379 750 1453 798 καὶ
1483 746 1690 812 Πατέρα,

97 829 156 894 ἣν
198 832 286 899 οὐχ
334 833 587 899 ἁρπαγμὸν
632 833 951 898 ἡγησάμενος·
1006 833 1117 901 ἐξῆν
1163 831 1256 898 γὰρ
1308 831 1426 898 ἔχειν
1469 833 1530 883 ὡς
1576 829 1692 880 ’ίδιον

97 914 295 978 ἀγαθόν·
339 919 399 968 εἰς
427 915 728 982 ἀνθρωπίνην
756 916 1080 979 καταβέβηκεν
1107 914 1315 982 ἀδοξίαν.
1369 914 1453 966 ἕως
1487 913 1571 976 μὲν
1598 911 1690 978 γὰρ
1709 922 1736 962 d

29 1018 78 1043 10
97 993 155 1058 ἦν
181 997 253 1046 ἐπὶ
289 1000 372 1061 τῆς
406 1001 494 1064 γῆς
528 998 607 1061 ἔτι,
636 999 784 1049 καίτοι
813 997 934 1051 Θεὸς
970 997 1194 1064 ὑπάρχων
1227 995 1450 1060 ἀληθινὸς
1485 998 1560 1046 καὶ
1597 1000 1692 1046 τῶν

98 1076 225 1128 ὅλων
273 1080 460 1146 Κύριος,
506 1079 693 1133 οὐδενὸς
742 1081 943 1143 ἀμείνων
993 1085 1088 1130 τῶν
1133 1080 1238 1130 καθ’
1286 1079 1407 1143 ἡμᾶς
1457 1078 1691 1144 ἐλογίζετο

96 1160 229 1226 παρά
264 1184 319 1227 γε
355 1167 452 1216 τοῖς
487 1164 569 1213 οὐκ
605 1162 754 1213 εἰδόσι
787 1160 874 1226 τὴν
901 1161 1047 1231 δόξαν
1073 1162 1233 1212 αὐτοῦ.
1295 1163 1370 1211 καὶ
1409 1166 1525 1225 γοῦν
1551 1162 1687 1227 ἐρ’ῥα-

96 1243 264 1308 πίσθη,
307 1246 381 1295 καὶ
427 1243 706 1308 ε’νεπτύσθη,
751 1246 826 1294 καὶ
871 1243 1163 1309 ἐσταυρώθη,
1210 1245 1285 1293 καὶ
1330 1246 1412 1306 τῆς
1454 1242 1692 1293 Ἰουδαίων

98 1325 406 1391 ἀνοσιότητος
448 1325 629 1390 ὑπέστη
674 1326 757 1377 τὸν
796 1326 986 1392 γέλωτα
1025 1325 1376 1389 τολμησάντων
1415 1329 1558 1376 εἰπεῖν
1586 1333 1612 1354 “
1634 1328 1692 1375 Εἰ
1753 1323 1917 1406 ἓξὲξ·

31 1414 127 1464 15“
154 1406 248 1461 υἱὸς
292 1407 334 1459 εἶ
375 1414 458 1459 τοῦ
505 1412 644 1470 Θεοῦ,
687 1406 920 1472 κατάβηθι
962 1414 1044 1458 νῦν
1087 1406 1179 1458 ἀπὸ
1225 1413 1307 1457 τοῦ
1349 1413 1573 1473 σταυροῦ,
1616 1409 1692 1457 καὶ
1753 1411 1861 1450 ‘vs-4²·

99 1496 127 1519 ‘⁶
151 1491 475 1555 πιστεύσομέν
502 1492 626 1542 σοι.”
672 1490 826 1554 ἐπειδὴ
865 1489 912 1540 δὲ
947 1489 1001 1540 τὸ
1038 1488 1145 1540 καθ’
1174 1489 1293 1552 ἡμᾶς
1331 1489 1692 1554 ἀποπληρώσας

98 1573 376 1638 μυστήριον,
416 1573 535 1640 πρὸς
573 1572 656 1624 τὸν
694 1575 742 1624 ἐν
779 1577 876 1626 τοῖς
916 1573 1129 1638 οὐρανοῖς
1168 1572 1459 1638 ἀνεκομίζετο
1501 1570 1692 1637 Πατέρα

100 1657 177 1705 καὶ
204 1655 342 1719 Θεὸν,
375 1654 456 1707 ἅτε
496 1655 552 1720 δὴ
591 1653 956 1722 παρελάσαντος
995 1653 1084 1718 ἤδη
1123 1659 1207 1704 τοῦ
1244 1657 1327 1717 τῆς
1365 1654 1732 1707 ταπεινώσεωςθ

99 1736 290 1804 χρόνου,
321 1740 397 1788 καὶ
434 1737 807 1804 πεπερασμένων
841 1741 937 1787 τῶν
972 1740 1144 1802 καιρῶν
1176 1738 1258 1799 τῆς
1294 1736 1510 1787 ἑκουσίου
1544 1735 1686 1786 κενώ-

30 1840 80 1866 20
99 1842 232 1882 σεως,
277 1819 401 1874 Θεὸς
450 1820 539 1884 ἤδη
592 1825 693 1873 ταῖς
738 1819 834 1869 ἄνω
880 1817 1109 1881 δυνάμεσι
1154 1818 1430 1887 διεφαίνετο.
1500 1818 1554 1868 οὐ
1599 1817 1693 1883 γάρ

99 1900 337 1967 ἠγνόησεν
363 1903 680 1963 ἀναβαίνοντα
717 1900 801 1951 τὸν
837 1905 930 1950 τῶν
963 1900 1090 1950 ὅλων
1119 1899 1376 1963 Δεσπότην
1409 1902 1433 1950 ὁ
1473 1900 1687 1964 οὐρανὸς,

100 1984 212 2034 ἀλλ’
240 1983 509 2035 ἐκελεύοντο
535 1983 618 2046 μὲν
646 1986 688 2033 οἰ
714 1987 816 2035 ταῖς
842 1982 938 2032 ὀίνω
962 1982 1136 2036 πύλαις
1161 1980 1488 2050 ἐφεστηκότες,
1516 1984 1577 2035 ὡς
1609 1980 1691 2032 τὸν

99 2069 195 2116 τῶν
222 2064 462 2129 δυνάμεων
488 2065 776 2132 προσίεσθαι
816 2063 1007 2130 Κύριον,
1036 2065 1184 2114 καίτοι
1219 2063 1336 2127 μετὰ
1371 2063 1551 2130 σαρκὸς
1584 2066 1687 2114 ἀνι-

99 2147 354 2210 πτάμενον,
396 2147 540 2214 α’ίρειν
578 2170 627 2198 τε
666 2146 751 2200 τὰς
792 2146 949 2199 πύλας
988 2147 1113 2215 αὐτῷ
1152 2146 1367 2197 διετύπου
1406 2146 1459 2197 τὸ
1495 2150 1690 2207 Πνεῦμα

267 2236 294 2258 εί
312 2229 331 2247 ’'
1752 2228 1806 2258 Ps.
1824 2228 1915 2258 xxiii.

32 2241 80 2280 25
101 2229 244 2295 λε’γον
336 2234 493 2295 Αρατε
519 2229 676 2283 πύλας
702 2232 744 2279 οἱ
772 2228 994 2295 ἄρχοντες
1023 2230 1166 2291 ὑμῶν,
1182 2230 1257 2278 καί
1283 2228 1514 2294 ἐπάρθητε
1540 2228 1689 2280 πύλαι
1759 2293 1767 2310 Ι

101 2317 129 2340 “
155 2311 344 2374 αἰώνιοι,
372 2313 448 2362 καὶ
486 2310 808 2362 εἰσελεύσεται
847 2311 871 2360 ὁ
912 2309 1144 2370 βασιλεὺς
1182 2313 1264 2373 τῆς
1304 2311 1463 2379 δόξης·
1513 2311 1687 2375 Κύριος
1751 2326 1845 2355 Ib-S-

102 2399 130 2423 ‘⁴
155 2393 374 2459 κραταιὸς
408 2395 483 2444 καὶ
519 2392 728 2455 δυνατὸς,
759 2392 932 2458 Κύριος
969 2391 1166 2446 δυνατὸς
1200 2394 1248 2442 ἐν
1274 2393 1483 2462 πολέμῳ,
1515 2392 1686 2459 Κύριος
1706 2418 1726 2441 a
1759 2407 1846 2440 844
1859 2406 1913 2439 A.

102 2483 130 2505 ‘⁶
155 2479 251 2526 τῶν
278 2474 531 2538 δυνάμεων,
561 2473 699 2528 αὐτός
725 2476 856 2525 ἐστιν
883 2474 1016 2527 οὗτος
1052 2476 1076 2524 ὁ
1110 2474 1342 2536 βασιλεῦς
1377 2479 1460 2536 τῆς
1497 2474 1684 2543 δόξης.”
1750 2457 1801 2487 Μ
1819 2465 1868 2487 10'

1751 2554 1836 2594 Eph.
1854 2554 1902 2585 iii.

101 2557 321 2622 ἐγνώσθη
360 2557 452 2622 γάρ
480 2564 507 2586 ‘⁶
526 2561 626 2609 ταῖς
666 2558 830 2622 ἀρχαῖς
870 2558 945 2606 καὶ
984 2561 1084 2609 ταῖς
1123 2556 1359 2624 ἐξουσίαις
1395 2557 1421 2619 ἡ
1457 2557 1688 2606 πολυποί-
1756 2607 1794 2628 10
1820 2606 1853 2627 ΙΙ

33 2663 83 2699 30
104 2646 131 2669 ‘⁶
157 2646 289 2693 κιλος
337 2639 490 2708 σοφία
541 2643 624 2688 τοῦ
670 2641 807 2698 Θεοῦ,
855 2635 912 2700 ἣν
958 2638 1179 2700 ἐποίησεν
1228 2639 1276 2687 ἐν
1322 2640 1387 2704 τῷ
1436 2639 1687 2706 Χριστῷ,”

103 2721 313 2787 καθάπερ
364 2722 388 2771 ὁ
435 2719 629 2772 Παῦλός
682 2722 848 2786 φησιν.
919 2720 1250 2781 ἀνακομισθεὶς
1300 2717 1392 2784 γὰρ
1441 2717 1558 2784 πρὸς
1600 2712 1690 2769 Ιτὸν

107 2802 312 2869 Πατέρα,
340 2802 488 2853 καίτοι
526 2799 714 2866 μείζονα
748 2797 776 2863 ἦ
813 2801 911 2850 κατ’
941 2798 1082 2850 αὐτὸν
1113 2801 1211 2850 κατ’
1241 2802 1383 2851 ἐκεῖνο
1418 2799 1685 2864 νοούμενον,

660 2951 712 2986 16.
739 2951 774 2984 δέ
794 2957 1017 2996 assumptum
1036 2964 1076 2985 ex
1097 2951 1137 2985 E.

838 3019 862 3061 3
887 3019 909 3045 [Ῑ
937 3019 958 3048 2
