2011 3266
115 1505 217 1536 Ezek.

113 1550 227 1580 xxxiv,

120 1602 166 1623 10.

117 1851 197 1884 651
211 1850 262 1886 A.

116 2001 167 2031 Ib.
188 2010 248 2041 23—

334 160 418 200 228
736 164 787 205 Β.
821 164 1095 205 CYRILLI
1136 165 1518 206 ALEXANDR.
1795 179 1834 204 x.
1856 176 1917 215 14.

336 274 362 296 ‘⁶
388 268 610 335 πρόβατά
641 295 733 335 μου
769 275 823 324 οὐ
856 272 1076 334 βόσκετε.
1131 272 1185 324 τὸ
1213 273 1475 338 ἠσθενηκὸς
1501 274 1583 324 οὐκ
1611 273 1916 340 ἐνισχύσατε,

337 356 363 378 “
389 353 464 401 καὶ
503 351 557 403 τὸ
597 359 748 408 κακῶς
787 355 895 423 ε”χον
933 357 1017 406 οὐκ
1056 356 1510 420 ἐσωματοποιήσατε
1549 358 1624 406 καὶ
1662 354 1716 406 τὸ
1755 377 1922 405 συντε-

291 429 364 469 (1⁶⁶
390 435 641 499 τριμμένον
699 437 753 487 οὐ
814 436 1118 502 κατεδήσατε,
1168 441 1243 488 καὶ
1305 437 1359 488 τὸ
1420 437 1783 502 πεπλανημένον
1839 437 1923 487 οὐκ

337 520 363 542 “
389 516 733 586 ἐπεστρέψατε,
779 520 855 569 καὶ
899 518 953 570 τὸ
1006 520 1262 573 ἀπολωλὸς
1307 520 1390 570 οὐκ
1432 518 1700 586 ἐζητήσατε,
1746 521 1821 570 καὶ
1867 517 1921 569 τὸ

336 603 362 625 “
387 597 586 665 ἰσχυρὸν
624 600 1006 666 κατειργάσασθε
1049 601 1233 672 μόχθῳ·
1291 603 1366 652 καὶ
1413 601 1647 668 διεσπάρη
1696 599 1755 652 τὰ
1795 598 1915 666 πρό-

335 685 363 706 “
387 679 516 740 βατά
559 704 649 744 μου
700 682 775 732 διὰ
819 682 874 733 τὸ
919 683 984 748 μὴ
1037 681 1152 734 εἶναι
1204 684 1442 747 ποιμένας,
1488 684 1564 734 καὶ
1613 682 1809 748 ἐγενήθη
1860 686 1923 735 εἷς

336 769 362 791 “
389 763 681 830 κατάβρωμα
707 770 829 816 πᾶσι
855 770 951 819 τοῖς
978 767 1155 833 θηρίοις
1181 772 1263 818 τοῦ
1295 768 1458 832 ἀγροῦ,
1486 769 1561 816 καὶ
1597 766 1830 831 διεσπάρη
1864 763 1924 815 τὰ

336 851 363 872 “
390 845 613 911 πρόβατά
639 870 729 910 μου
756 849 804 897 ἐν
830 851 970 899 παντὶ
998 849 1092 914 ὄρει
1120 851 1194 899 καὶ
1222 850 1294 900 ἐπὶ
1321 848 1477 899 πάντα
1508 847 1682 909 βουνὸν
1710 845 1920 916 ὑψηλὸν,

337 934 363 956 “
390 929 465 978 καὶ
503 929 577 979 ἐπὶ
612 929 880 995 προσώπου
914 930 1076 990 πάσης
1111 934 1193 995 τῆς
1230 934 1329 997 γῆς,
1358 933 1433 982 καὶ
1465 932 1547 981 οὐκ
1579 930 1636 995 ἧν
1664 932 1688 981 ὁ
1724 928 1924 995 ἐκζητῶν

336 1016 362 1038 “
391 1009 494 1060 οὐδὲ
534 1012 883 1080 ἐπιστρέφων.”
933 1012 997 1066 εἷς
1035 1011 1128 1079 γὰρ
1169 1018 1265 1067 τοῖς
1298 1012 1538 1064 Ἰουδαίων
1573 1017 1861 1078 καθηγηταῖς
1899 1013 1924 1063 ὁ

336 1091 518 1147 σκοπὸς
543 1093 662 1159 πρὸς
687 1093 837 1159 μόνην
864 1096 979 1160 ὁρᾶν
1005 1094 1090 1155 τὴν
1118 1097 1433 1163 φιλοκερδίαν,
1453 1098 1528 1146 καὶ
1555 1094 1925 1163 χρηματίζεσθαι

299 1173 422 1238 εμέν
465 1180 566 1229 ταῖς
616 1175 748 1241 παρὰ
796 1182 891 1227 τῶν
940 1177 1159 1242 ὑπηκόων
1209 1183 1566 1245 προσαγωγαῖς,
1613 1178 1825 1242 δασμούς
1875 1201 1924 1228 τε

336 1257 607 1323 συλλέγειν,
635 1261 710 1309 καὶ
743 1258 803 1309 τὰ
839 1258 954 1326 ὑπὲρ
993 1259 1136 1324 νόμον
1164 1260 1455 1323 διατάσσειν,
1482 1267 1565 1312 τοῦ
1601 1260 1654 1311 δέ
1684 1284 1738 1327 γε
1777 1268 1919 1311 λυσι-

335 1340 557 1404 τελήσειν
581 1339 864 1404 μέλλοντος,
891 1340 918 1406 ἦ
944 1344 1020 1393 καὶ
1046 1348 1129 1393 τοῦ
1156 1342 1400 1408 διασώζειν
1428 1343 1676 1411 ἰσχύοντος
1702 1341 1809 1396 τοὺς
1834 1341 1925 1393 ὑπὸ

334 1427 469 1489 χεῖρα
500 1423 660 1485 λαοὺς,
684 1423 859 1488 μηδένα
892 1429 1131 1475 ποιεῖσθαι
1167 1423 1333 1490 λόγον.
1389 1424 1466 1475 διὰ
1499 1431 1638 1476 τοῦτο
1673 1425 1822 1476 πάλιν
1854 1425 1922 1475 ἐπ’

336 1505 492 1558 αὐτοῖς
543 1505 663 1555 οὕτω
714 1509 866 1575 φησὶν
905 1507 930 1556 ὁ
976 1506 1122 1561 καλὸς
1167 1506 1313 1560 ὅντως
1357 1507 1533 1572 ποιμήν
1580 1514 1607 1536 ‘⁴
1626 1507 1754 1558 Τάδε
1799 1506 1927 1572 λε’γει

338 1594 363 1614 “
393 1587 566 1652 Κύριος
592 1587 747 1654 κύριος
774 1587 898 1639 Ἰδοὺ
935 1589 1027 1654 ἐγὼ
1062 1590 1135 1640 ἐπὶ
1170 1588 1277 1642 τοὺς
1311 1589 1549 1652 ποιμένας,
1578 1591 1651 1639 καὶ
1686 1590 1734 1639 ἐκ
1761 1587 1926 1653 ητήσω

337 1675 364 1696 “
392 1668 449 1719 τὰ
487 1669 708 1735 πρόβατά
746 1694 836 1732 μου
874 1672 924 1721 ἐκ
964 1676 1059 1722 τῶν
1096 1676 1264 1739 χειρῶν
1304 1672 1472 1730 αὐτῶν,
1515 1674 1591 1722 καὶ
1630 1670 1927 1739 ἀποστρέψω

338 1758 365 1780 “
391 1751 557 1805 αὐτοὺς
583 1759 666 1803 τοῦ
692 1751 756 1816 μὴ
782 1754 1042 1815 ποιμαίνειν
1068 1752 1127 1803 τὰ
1159 1752 1382 1819 πρόβατά
1416 1777 1519 1816 μου,
1547 1757 1623 1804 καὶ
1659 1754 1711 1804 οὐ
1744 1753 1928 1817 βοσκή-

300 1841 364 1883 a“
391 1857 565 1885 σουσιν
595 1834 660 1885 ἔτι
697 1838 737 1885 οἱ
771 1836 985 1899 ποιμένες
1021 1835 1153 1886 αὐτά
1205 1838 1279 1885 καὶ
1319 1836 1570 1904 ἐξελοῦμαι
1609 1835 1669 1886 τὰ
1706 1833 1928 1902 πρόβατά

340 1924 365 1946 “
391 1939 482 1980 μου
520 1918 569 1967 ἐκ
609 1923 692 1968 τοῦ
731 1916 970 1979 στόματος
1010 1918 1180 1975 αὐτῶν,
1218 1919 1294 1967 καὶ
1329 1918 1411 1967 οὐκ
1445 1918 1511 1968 ε”τι
1548 1918 1737 1969 ε”σονται
1772 1919 1929 1972 αὐτοῖς

340 2005 365 2027 “
391 2002 453 2052 εἷς
492 1998 829 2065 κατάβρωμα.”
881 2002 957 2050 καὶ
994 1998 1143 2050 πάλιν
1176 2000 1284 2063 μεθ’
1318 1999 1452 2066 ἕτερα
1485 2007 1511 2029 “
1533 2001 1628 2050 Καὶ
1667 1999 1928 2065 ἀναστήσω

340 2088 365 2110 “
392 2081 460 2132 ἐπ’
490 2080 656 2135 αὐτοὺς
694 2082 894 2145 ποιμένα
932 2081 1013 2132 ἕνα
1051 2084 1126 2132 καὶ
1165 2087 1388 2145 ποιμανεῖ
1421 2082 1601 2144 αὐτοὺς,
1638 2081 1721 2133 τὸν
1755 2082 1929 2133 δοῦλόν

339 2169 366 2191 “
392 2148 482 2226 μου
524 2165 714 2224 Δαυεὶδ,
761 2166 835 2214 καὶ
880 2163 1015 2213 ἔσται
1061 2165 1215 2213 αὐτῶν
1256 2163 1449 2227 ποιμὴν,
1492 2167 1567 2214 καὶ
1614 2164 1706 2229 ἐγὼ
1755 2164 1929 2231 Κύριος

340 2251 366 2273 “
394 2244 563 2307 ε”σομαι
590 2246 746 2299 αὐτοῖς
773 2249 836 2299 εἷς
864 2244 1003 2308 Θεὸν,
1031 2247 1106 2295 καὶ
1134 2248 1309 2296 Δαυεὶδ
1335 2246 1495 2312 ἅρχων
1520 2247 1568 2296 ἐν
1594 2246 1728 2315 με’σῳ
1756 2248 1926 2298 αὐτῶν·

342 2327 415 2355 ις’

394 2325 486 2391 εγὼ
516 2327 689 2393 Κύριος
717 2327 952 2391 ἐλάλησα.
995 2329 1068 2378 καὶ
1095 2326 1382 2391 διαθήσομαι
1409 2331 1475 2396 τῷ
1504 2331 1679 2379 Δαυεὶδ
1705 2328 1931 2394 διαθήκην

394 2522 421 2544 Ι.
449 2511 508 2544 οὐκ
528 2510 690 2551 ἐβόσκετε
709 2523 739 2546 a.
758 2512 818 2556 (23
838 2512 899 2556 al.)
921 2510 997 2557 [οὐκ
1016 2511 1196 2552 ἐβόσκεται
1217 2509 1368 2556 (Alex.)]
1389 2510 1433 2545 cf.
1453 2511 1491 2545 οὐ
1507 2513 1653 2552 ,Βόσκε-τε
1678 2512 1714 2545 in
1732 2512 1779 2545 xii
1798 2511 1928 2557 Proph-

344 2559 409 2601 758
425 2570 454 2599 e,
473 2559 562 2591 inter
579 2570 670 2591 varr.
689 2559 783 2592 lectt.
966 2572 999 2600 4.
1025 2559 1266 2603 ἐπεστρέψατε
1286 2558 1327 2592 Β.
1349 2558 1469 2592 Holst.
1487 2565 1520 2592 et
1538 2559 1573 2592 in
1593 2559 1640 2592 xii
1659 2558 1789 2602 Proph.
1807 2559 1876 2593 620
1894 2559 1929 2593 d.

342 2605 461 2645 (ΑΙΘΧ.
479 2605 580 2647 XII.)
599 2605 843 2649 ἁπεστρέψατε
864 2604 958 2639 Aub.
979 2605 1093 2649 (Vat.)
1327 2616 1380 2639 10.
1407 2605 1626 2649 ἐπιστρέφων
1647 2605 1688 2639 Β.
1709 2605 1772 2640 Ht.
1792 2605 1926 2650 (ΑΙΕΧ.)

341 2651 575 2696 ἀποστρέφων
593 2651 686 2686 Aub.
707 2652 803 2693 (Vat.
808 2652 819 2693 )
1000 2663 1051 2695 Ι3.
1078 2652 1132 2685 καὶ
1150 2652 1227 2686 τοὺς
1245 2651 1328 2696 ὑπὲρ
1347 2654 1450 2695 νόμου
1469 2652 1621 2695 διάταξιν
1640 2651 1682 2686 Β.
1701 2658 1734 2686 et
1755 2653 1802 2686 ita
1818 2652 1930 2686 voluit

345 2697 475 2742 Heyse.
495 2699 547 2732 καὶ
572 2713 649 2733 τους
672 2699 756 2741 ίπέρ
779 2701 882 2742 νόμου
900 2699 1069 2741 διατάξειν
1090 2698 1152 2732 Ht.
1172 2713 1225 2732 και
1248 2699 1289 2732 τὰ
1309 2699 1393 2743 ὑπὲρ
1415 2700 1515 2741 νόμον
1532 2699 1733 2733 διατάσσειν
1750 2698 1930 2733 Aubertus

343 2745 447 2786 (soxte
464 2757 481 2778 e
501 2745 578 2779 Cat.
585 2745 609 2787 )
675 2744 935 2790 λυσιτελήσειν]
956 2747 1228 2789 λυσιτελεῖσεινξ
1248 2745 1289 2779 Β.
1309 2745 1403 2791 quod
1425 2745 1668 2789 λυσιτελήσειν
1690 2745 1774 2789 legit
1798 2746 1878 2790 Hey
1881 2757 1928 2780 se.

342 2793 538 2826 λυσιτελεῖς
555 2794 636 2825 εἶναι
657 2792 721 2826 Ht.
740 2793 945 2827 λυσιτελοῦς
963 2790 1045 2826 εἰναι
1064 2792 1158 2826 Aub.
1418 2801 1472 2837 17.
1498 2791 1610 2835 κύριος
1628 2793 1686 2826 alt.
1705 2798 1927 2836 assumptum

343 2850 383 2870 cx
404 2838 447 2872 B.
587 2850 639 2894 19.
666 2839 704 2872 οὐ
722 2840 766 2882 μὴ
784 2838 1011 2881 βοσκὴσωσιν
1028 2850 1059 2873 a.
1081 2838 1136 2883 [οὐ
1153 2839 1197 2882 μὴ
1214 2837 1456 2881 ,Βοσκὴσουσιν
1473 2839 1573 2872 Alex.
1578 2837 1593 2883 ]
1733 2848 1788 2871 21.
1815 2838 1851 2871 ἐκ
1868 2840 1929 2872 τοῦ

344 2886 515 2926 στόματος
533 2885 642 2918 αὐτῶν
659 2885 752 2918 edidi
770 2885 985 2930 approbante
1002 2885 1080 2930 He)
1085 2897 1131 2919 se.
1147 2886 1182 2919 ἐκ
1201 2889 1266 2918 τῶν
1283 2889 1407 2929 χειρῶν
1422 2885 1530 2918 αὐτῶν
1543 2886 1596 2918 καὶ
1613 2884 1803 2928 ἔκτοστόμα
1820 2885 1929 2918 αὐτῶν

345 2929 387 2963 Β.
405 2930 441 2963 ἐκ
459 2935 524 2965 τῶν
541 2935 665 2976 χειρῶν
681 2932 789 2965 αὐτῶν
807 2932 860 2965 καὶ
878 2932 914 2966 ἐκ
931 2934 991 2965 τοῦ
1009 2933 1179 2976 στόματος
1197 2932 1305 2965 auram
1319 2931 1412 2965 Aub.
1458 2931 1554 2965 Haec
1571 2931 1678 2965 verba
1696 2930 1850 2966 desunt
1842 2943 1877 2965 ln
1895 2943 1926 2965 a.

347 2986 401 3019 23.
429 2976 478 3010 ἐπ’
498 2978 617 3013 αἰτους
639 2978 678 3012 B.
684 2990 712 3012 a.
732 2979 844 3014 αὐτοῖς
865 2978 928 3013 Ht.
948 2978 1014 3013 Ed.
1160 2989 1214 3021 25.
1243 2979 1351 3012 αι’τῶν
1368 2989 1438 3012 om.
1459 2977 1553 3011 A.11b

1941 614 1963 652 5

1947 1036 1993 1063 10

1947 1857 1993 1882 20
