2037 3266
85 575 250 608 S.Matth.

86 619 129 649 iv.
144 628 193 656 10,

87 673 104 692 e
120 663 221 694 Deut.

87 706 128 736 vi.
147 715 195 746 13.

312 142 396 182 670
718 144 765 183 B.
801 144 1079 185 CYRILLI
1123 143 1505 185 ALEXANDR.
1745 143 1843 182 xvii.
1866 156 1900 190 3.

309 252 384 300 καὶ
423 256 504 302 τοῦ
542 251 709 317 “Αγιόυ
747 253 1035 318 Πνεύματος·
1096 255 1121 318 ἡ
1160 254 1307 317 μονὰς
1342 254 1435 321 γὰρ
1474 255 1619 306 οὕτως
1657 253 1705 303 ἐν
1732 252 1901 318 Τριάδι

310 337 480 384 νοεῖται
519 335 594 385 καὶ
633 335 900 387 πιστεύεται
938 335 1058 388 κατὰ
1093 336 1177 390 τὰς
1202 336 1408 405 γραφάς.
1456 337 1672 387 Ἰουδαῖοι
1696 333 1782 398 μὲν
1807 332 1902 400 γὰρ

308 418 410 468 ταῖς
448 413 524 466 διὰ
559 417 804 472 Μωυσέως
845 419 1055 472 ἐντολαῖς
1094 418 1213 485 πρὸς
1248 418 1522 470 ἀπόστασιν
1559 415 1902 482 ποδηγούμενοι

309 500 404 546 τῶν
423 503 624 549 πολλῶν
644 522 694 550 τε
721 502 797 550 καὶ
823 499 1159 568 ψευδωνύμων,
1178 499 1461 568 προσῄεσάν
1486 523 1535 551 τε
1561 501 1637 551 καὶ
1663 496 1901 564 λατρεύειν

309 579 610 632 ἀνεπείθοντο
637 585 709 650 ’τῷ
738 581 868 650 μόνῳ
906 584 980 632 καὶ
1007 583 1234 652 ἀληθινῷ.
1283 590 1309 612 “
1333 581 1508 649 Κύριον
1540 580 1633 648 γὰρ
1667 579 1750 632 τὸν
1777 580 1900 631 Θεόν
1920 604 1942 641 5

311 667 337 690 ‘⁶
362 683 454 712 σου
487 662 852 727 προσκυνήσεις,
882 664 907 714 ὁ
935 663 1073 726 νόμος
1107 667 1244 732 φησὶ,
1271 666 1347 715 καὶ
1383 665 1508 733 αὐτῷ
1538 663 1666 733 μόνῳ
1697 662 1897 728 λατρεύ-

311 747 338 771 “
364 744 508 796 σεις.”
561 744 672 794 ἀλλ’
712 748 754 795 οἱ
798 749 864 813 τῷ
907 743 1035 814 μόνῳ
1074 748 1149 796 καὶ
1194 747 1404 814 ἀληθινῷ
1447 743 1810 811 λελατρευκότες
1849 767 1898 795 τε

310 824 398 888 ἤδη
424 826 499 875 καὶ
524 827 869 891 προσκείμενοι,
897 829 959 881 ὡς
988 829 1118 878 οὔπω
1151 829 1334 878 τελείαν
1361 828 1546 895 ἔχοντες
1570 832 1656 878 τοῦ
1687 849 1899 893 προσκυ-

309 906 532 968 νουμένου
570 907 656 973 τὴν
690 913 884 973 γνῶσιν,
921 909 996 959 διὰ
1034 914 1128 960 τῶν
1152 916 1236 961 τοῦ
1263 913 1484 976 Σωτῆρος
1522 910 1652 973 ἡμῶν
1678 908 1899 976 ῥημάτων

309 994 564 1041 καλοῦνται
597 994 694 1041 νυνὶ
725 990 845 1057 πρὸς
876 991 1034 1055 αὐτὴν,
1062 992 1148 1059 οὐχ
1175 992 1245 1043 ὅτι
1271 992 1428 1053 μόνος,
1455 991 1515 1045 εἷς
1541 1015 1590 1042 τε
1617 992 1691 1043 καὶ
1718 991 1898 1055 ἀληθὴς

309 1071 334 1121 ὁ
368 1069 558 1122 πάντων
594 1072 875 1139 δημιουργὸς
907 1073 1238 1137 μανθάνοντες,
1274 1074 1384 1124 ἀλλ’
1413 1074 1483 1125 ὅτι
1518 1077 1594 1125 καὶ
1622 1074 1791 1140 Πατὴρ
1822 1076 1898 1125 καὶ

307 1153 410 1203 τίνα
442 1153 700 1219 γεγέννηκε,
727 1160 918 1217 μᾶλλον
946 1155 993 1207 δὲ
1028 1157 1117 1221 ἤδη
1148 1159 1222 1207 καὶ
1255 1158 1460 1223 ἀκριβῶς
1498 1156 1639 1208 αὐτὸν
1665 1158 1712 1207 ἐν
1739 1159 1891 1223 άπαρ·

307 1237 535 1305 αλλοὶκτῳ
563 1237 886 1302 θεωρήσαντες
913 1238 1063 1300 εἰκόνι,
1090 1238 1318 1302 τουτέστι,
1345 1243 1412 1308 τῷ
1435 1243 1549 1308 Υἱῴ.
1597 1238 1672 1289 διὰ
1698 1238 1791 1305 γὰρ
1815 1245 1897 1290 τοῦ

306 1324 602 1387 χαρακτῆρος
629 1322 686 1372 ἰὀι
714 1346 782 1376 τις
809 1321 866 1373 ἂν
892 1325 966 1374 καὶ
992 1328 1125 1386 μα’λα
1156 1324 1324 1392 ῥᾳδίως
1355 1324 1430 1374 ἐπὶ
1467 1323 1552 1387 τὴν
1577 1328 1672 1374 τῶν
1702 1324 1897 1392 ἀρχετύ-

305 1426 409 1453 πων
436 1405 670 1472 ἀκραιφνῆ
697 1405 905 1471 θεωρίαν,
951 1404 1298 1470 ἀναγκαιότατα
1328 1407 1483 1457 τοίνυν
1511 1407 1535 1457 ὁ
1565 1406 1738 1473 Κύριος
1764 1407 1896 1471 ἡμῶν

266 1485 493 1548 θἸησοῦς
520 1486 544 1535 ὁ
572 1486 787 1551 Χριστὸς
817 1486 925 1541 τοὺς
957 1486 1032 1537 διὰ
1067 1488 1273 1540 πίστεως
1306 1488 1617 1552 κεκλημένους
1655 1492 1717 1542 εἷς
1744 1492 1892 1540 υἱοθε-

305 1569 417 1618 σίαν
455 1570 529 1618 καὶ
567 1568 689 1634 ζωὴν
733 1569 934 1627 αἰώνιον,
975 1570 1027 1620 οὐ
1071 1569 1214 1631 μόνον
1260 1570 1351 1638 ἔφη
1392 1573 1561 1637 χρῆναι
1604 1575 1782 1634 μαθεῖν,
1825 1571 1895 1622 ὅτι

303 1651 443 1715 μόνος
483 1654 585 1702 ἐστὶ
624 1654 698 1703 καὶ
737 1653 959 1718 ἀληθινὸς
995 1655 1019 1704 ὁ
1053 1654 1186 1716 Θεὸς,
1221 1655 1332 1704 ἀλλ’
1366 1653 1437 1705 ὅτι
1472 1658 1548 1705 καὶ
1588 1655 1774 1722 Πατὴρ,
1817 1659 1895 1707 καὶ

303 1735 428 1787 τίνος
460 1736 562 1785 ε’στὶ
591 1735 773 1800 Πατὴρ,
800 1741 883 1786 τοῦ
918 1736 972 1786 δι’
1002 1737 1122 1799 ἡμᾶς
1157 1736 1378 1799 δηλονότι
1416 1736 1595 1803 σαρκὸς
1630 1737 1893 1803 γεγονότος,

2021 0 2029 104 ἱ

2022 105 2030 356 ἒ

1921 1021 1969 1045 10

1920 1435 1966 1471 15

304 1815 664 1880 ἀπεσταλμένοι)
715 1840 763 1868 τε
814 1816 932 1884 πρὸς
990 1817 1316 1882 ἐπανόρθωσιν
1366 1821 1450 1882 τῆς
1507 1819 1894 1889 κατεφθαρμένης
1915 1847 1964 1872 20

305 1898 495 1966 φύσεως
521 1902 728 1965 λογικῆς,
755 1899 971 1951 τουτέστι
998 1904 1079 1965 τῆς
1106 1901 1483 1967 ἀνθρωπότητος.
