2037 3266
307 138 391 177 594
710 136 758 177 Β.
794 135 1074 176 CYRILLI
1116 133 1498 176 ALEXANDR.
1734 146 1802 172 xv.
1824 142 1889 170 20.

308 267 446 295 νειαν.
504 243 562 308 ἧν
588 243 672 308 μὲν
698 242 791 310 γὰρ
828 244 910 294 οὐκ
946 242 1238 311 ἀμφίβολον,
1267 240 1338 292 ὅτι
1373 245 1474 295 ταῖς
1510 243 1605 291 τῶν
1631 237 1894 290 διωκόντων

308 323 394 388 τὴν
419 324 644 390 ἀλήθειαν
669 325 1021 392 περιπταίοντες
1057 325 1218 390 ὀργαῖς
1251 328 1334 374 τοῦ
1362 325 1581 388 Σωτῆρος
1608 324 1649 372 οἱ
1675 320 1895 385 μαθηταὶ,

309 412 404 461 τοῖς
443 409 493 458 ἐκ
531 413 616 458 τοῦ
656 407 907 458 διώκεσθαι
946 409 1312 471 περιπεσοῦνται
1357 407 1536 458 δεινοῖς·
1593 403 1702 453 ἀλλ’
1743 399 1800 465 ἧν
1839 398 1896 464 δή

309 513 403 541 που
447 493 522 541 καὶ
564 489 697 553 μάλα
738 487 855 541 εἰκὸς
898 487 1186 553 λογίζεσθαι,
1227 485 1297 536 ὅτι
1343 484 1427 536 τὸν
1472 484 1587 551 ὑπὲρ
1631 487 1714 549 τῆς
1755 481 1897 551 δόξης

310 575 529 638 Χριστοῦ
561 570 827 634 ποιούμενοι
855 568 1022 635 λόγον,
1052 568 1239 621 πάντως
1273 591 1365 619 που
1398 566 1635 620 πλουσίας
1669 568 1751 629 τῆς
1784 564 1893 630 παρ’
1914 579 1937 618 5

311 655 453 717 αὐτῆς
494 652 748 720 μεθέξουσι
791 652 992 720 φειδοῦς,
1034 652 1096 703 ὡς
1133 648 1278 713 μηδὲν
1318 648 1442 702 ὅλως
1480 648 1534 699 τὸ
1578 645 1897 714 παραποδίζον

312 736 514 800 ὁρᾶσθαι
565 733 683 799 πρὸς
735 732 820 796 τὴν
871 733 1018 785 οὕτως
1070 730 1367 799 άξιάγαστον
1416 730 1681 796 προθυμίαν
1727 728 1896 789 αὐτῶν,

313 817 518 882 θορύβου
553 815 602 866 δὲ
636 813 813 867 παντὸς
839 817 914 865 καὶ
946 814 1159 864 κινδύνου
1185 814 1388 877 ὁρᾶσθαι
1414 813 1692 878 κρείττονας,
1721 809 1894 874 ὑπομέ-

268 907 296 948 d
314 920 478 952 νοντας
506 896 554 947 δὲ
581 897 635 948 τὸ
661 895 889 962 παράπαν
917 894 1050 945 οὐδὲν
1075 898 1169 945 τῶν
1196 894 1290 945 ὅσα
1315 894 1495 963 πέφυκε
1529 897 1708 953 λυπεῖν,
1734 894 1894 958 ἐντρυ-

312 983 503 1047 φῶντας
542 978 589 1029 δὲ
629 983 821 1042 μᾶλλον
859 982 960 1030 ταῖς
998 975 1128 1042 παρὰ
1167 976 1358 1027 πάντων
1396 981 1569 1039 τιμαῖς,
1613 974 1691 1026 ἅτε
1728 973 1785 1038 δὴ
1821 974 1897 1024 καὶ
1919 999 1969 1025 10

311 1062 394 1112 τὸν
420 1059 657 1127 σωτήριον
697 1061 851 1114 αὐτοῖς
889 1057 1244 1125 πρεσβεύοντας
1283 1056 1445 1124 λόγον.
1498 1060 1574 1108 καὶ
1612 1055 1670 1121 ἧν
1706 1055 1791 1120 μὲν
1814 1056 1898 1106 οῦκ

312 1143 406 1194 ἀπὸ
439 1148 625 1193 σκοποῦ
659 1147 742 1192 τοῦ
776 1141 1058 1207 πρέποντος,
1093 1140 1147 1192 τὸ
1186 1139 1246 1191 τὰ
1285 1145 1478 1192 τοιαῦτα
1515 1141 1790 1206 προσδοκᾶν
1822 1138 1898 1188 καὶ

312 1228 361 1276 ἐν
385 1224 568 1278 τούτοις
594 1222 707 1274 εἶναι
735 1222 884 1289 ζητεῖν
922 1222 1029 1277 τοὺς
1066 1223 1113 1273 οἵ
1149 1245 1203 1288 γε
1243 1227 1404 1273 καλεῖν
1445 1220 1797 1287 σπουδάζουσιν
1835 1223 1899 1272 εἰς

313 1307 499 1358 αἰώνιον
534 1306 666 1373 ζωὴν,
693 1304 919 1373 πρόξενοί
949 1327 998 1355 τε
1034 1309 1129 1355 τῶν
1154 1302 1284 1370 παρὰ
1311 1308 1435 1355 Θεοῦ
1467 1301 1777 1370 χαρισμάτων
1802 1305 1899 1354 τοῖς

313 1390 623 1456 ἀκροωμένοις
662 1389 959 1453 ηὑρίσκοντο.
1017 1386 1128 1437 ἀλλ’
1156 1385 1360 1438 ἑκάστου
1399 1389 1481 1449 τῆς
1520 1386 1636 1437 ἰδίας
1673 1382 1895 1450 προαιρέ-
1918 1407 1966 1446 15

313 1494 436 1524 σεως
462 1468 548 1534 τὴν
572 1469 724 1537 ῥοπὴν
750 1470 821 1538 ἐφ’
852 1469 966 1533 ὅπερ
994 1467 1051 1519 ἂν
1076 1468 1301 1530 βούλοιτο
1333 1467 1633 1529 διιθύνοντος,
1659 1462 1894 1532 παρατρέ-

312 1552 486 1606 ποντός
531 1575 580 1603 τε
622 1550 741 1617 πρὸς
787 1550 841 1601 τὸ
894 1551 1019 1619 αὐτῷ
1065 1549 1267 1613 θελητὸν
1313 1551 1386 1600 καὶ
1439 1549 1583 1613 ἡδέως
1628 1570 1729 1601 πως
1771 1547 1896 1614 ἕχον,

275 1656 297 1683 e
315 1634 745 1701 ἀναδειχθήσεσθαι
770 1637 962 1696 μᾶλλον
988 1631 1088 1693 ἔδει,
1117 1634 1192 1682 καὶ
1219 1630 1325 1684 τοῦς
1351 1635 1409 1699 τῇ
1437 1630 1634 1698 ἀληθείᾳ
1661 1633 1894 1698 φρονοῦν-

315 1740 399 1771 τας
425 1715 483 1767 τὰ
508 1716 704 1776 ἐναντία,
731 1716 805 1764 καὶ
842 1714 1160 1777 νενικημένους
1189 1718 1288 1766 ταῖς
1315 1716 1378 1766 εἷς
1404 1713 1457 1763 τὸ
1486 1717 1675 1781 φαῦλον
1700 1711 1898 1774 ἡδοναῖς,

314 1796 553 1865 μάχεσθαι
586 1799 679 1847 δεῖν
705 1795 968 1861 ἐγνωκότας
998 1799 1093 1848 τοῖς
1127 1795 1173 1845 οἵ
1208 1817 1261 1860 γε
1300 1799 1533 1845 καλοῦσιν
1558 1793 1649 1862 ἔξω
1674 1797 1768 1844 τῶν
1795 1792 1893 1855 ἡδί·
1920 1816 1973 1841 20

315 1903 447 1931 στων
490 1878 670 1931 αὐτούς.
739 1878 791 1928 οὐ
832 1876 925 1942 γὰρ
968 1876 1152 1942 θυμήρη
1203 1880 1300 1929 τοῖς
1351 1873 1625 1944 φιληδόνοις
1675 1873 1735 1924 τὰ
1781 1874 1901 1940 πρὸς

315 1966 454 2011 τοῦτο
492 1959 736 2021 βλέποντα
783 1958 1057 2022 μαθήματα.
1126 1956 1183 2021 ἦν
1223 1958 1304 2007 οῦν
1342 1957 1433 2022 ἄρα
1478 1955 1646 2007 λοιπὸν
1690 1954 1902 2020 καθάπερ

317 2043 373 2111 ἐξ
395 2041 601 2108 ἀνάγκης
627 2039 1058 2108 ἀναδειχθήσεσθαι
1094 2042 1387 2106 προσδοκᾶν,
1417 2038 1525 2093 τοῦς
1550 2038 1597 2088 οἵ
1618 2060 1671 2103 γε
1698 2039 1747 2088 ἐν
1772 2035 1904 2105 τάξει
2030 2078 2037 2099 ,ἶ

317 2125 559 2187 πολεμίων
585 2121 850 2190 γεγονότες,
882 2122 1111 2191 διώξουσί
1135 2145 1184 2173 τε
1212 2123 1287 2173 καὶ
1314 2122 1666 2172 καταικίσονται
1699 2121 1774 2171 καὶ
1808 2123 1904 2171 πᾶν
2028 2101 2037 2174 {¹

320 2205 439 2260 εἶδος
465 2204 774 2269 ἐπινοήσουσι
799 2208 1096 2269 πειρασμῶν.
1924 2225 1974 2264 25
2028 2227 2032 2265 ’,

101 2303 185 2338 901
200 2301 248 2335 Α.
282 2310 304 2335 a
393 2287 644 2353 Ἀνδρείως
684 2286 765 2336 οῦν
804 2285 896 2350 ἄρα
935 2287 1010 2335 καὶ
1049 2283 1168 2350 πρὸς
1200 2290 1340 2335 τοῦτο
1379 2284 1499 2351 ε”χειν
1537 2282 1704 2337 αὐτοῦς
1743 2284 1897 2333 διακε-
2028 2277 2031 2285 .

321 2368 505 2419 λεύεται
549 2365 774 2433 Χριστὸς,
819 2367 902 2416 οὐκ
946 2365 1208 2433 ἀποφήσας
1249 2366 1319 2416 ὅτι
1363 2366 1683 2429 συμβήσεται·
1738 2362 1814 2414 διὰ
1854 2361 1904 2414 δὲ

320 2456 403 2501 τοῦ
429 2452 597 2517 χρῆναι
622 2453 813 2511 μᾶλλον
840 2448 1042 2514 ὁρᾶσθαι
1077 2446 1310 2500 νεανικοῦς
1336 2446 1608 2509 ἐπιτάττειν,
1633 2444 1901 2512 προκηρύτ-

321 2556 415 2583 των
450 2531 520 2581 ὅτι
557 2530 860 2595 παρέσονται.
918 2535 950 2580 εἰ
991 2528 1085 2595 γὰρ
1124 2528 1210 2596 ἐμέ
1244 2533 1395 2597 φησιν
1434 2525 1618 2598 ἐδίωξαν
1658 2533 1733 2579 καὶ
1783 2528 1904 2595 ὑμᾶς

324 2611 553 2682 διώξουσιν.
608 2611 715 2662 ἴσον
754 2612 815 2664 ὡς
854 2614 891 2661 εἰ
931 2609 1095 2676 ἐ’λεγεν
1120 2609 1250 2676 Ἐγὼ
1288 2615 1382 2660 τῶν
1422 2610 1549 2660 ὅλων
1583 2610 1607 2659 ὁ
1641 2608 1847 2672 ποιητὴς,
1880 2608 1977 2672 ὃ3ο
2026 2634 2028 2644 ¹

322 2694 478 2745 πάντα
518 2693 606 2744 ὑπὸ
646 2698 779 2759 χεῖρα
819 2693 954 2759 ἔχων,
980 2691 1039 2743 τά
1065 2715 1114 2743 τε
1141 2694 1189 2742 ἐν
1215 2695 1281 2760 τῷ
1313 2692 1496 2760 οὐρανῷ
1529 2693 1604 2741 καὶ
1630 2690 1690 2741 τὰ
1718 2692 1792 2741 ἐπὶ
1823 2693 1905 2754 τῆς

325 2778 425 2839 γῆς,
452 2777 504 2825 οὐ
530 2773 727 2841 χαλινὸν
755 2773 957 2838 ἐπέθηκα
982 2778 1078 2827 τοῖς
1105 2777 1283 2837 θυμοῖς,
1311 2772 1415 2823 οὐδὲ
1442 2772 1667 2841 καθεῖρξα
1693 2771 1904 2837 καθάπερ
2026 2786 2037 2863 1

855 2923 907 2956 18.
934 2924 973 2966 τῇ
994 2922 1035 2957 Ε.
1057 2921 1124 2957 Ed.
1144 2933 1215 2967 mg.
1235 2923 1293 2965 τῆς
1312 2921 1378 2956 Ed.
2032 2870 2037 2935 Ἰ

2024 3026 2035 3052 i«
