1986 3236
300 126 328 163 4
701 123 752 165 B.
785 123 1058 165 CYRILLI
1099 123 1477 165 ALEXANDR.
1711 122 1797 164 viii.
1818 134 1884 165 21.

302 232 485 299 καίρως,
511 234 586 283 καὶ
619 231 834 299 εἰρηκότα
868 236 1054 301 σαφῶς,
1082 231 1152 283 ὅτι
1179 234 1327 283 ταῦτα,
1361 228 1609 283 ἐδίδασκεν
1635 231 1673 282 ἐν
1699 236 1759 301 τῷ
1794 235 1885 300 ἱερῷ

302 313 432 381 παρὰ
469 314 523 365 τὸ
561 314 918 385 γαζοφυλάκιον
956 315 981 364 ὁ
1021 312 1202 380 Σωτὴρ,
1236 318 1313 365 καὶ
1356 310 1488 369 οὐδεὶς
1527 313 1708 365 ἐπίασεν
1742 313 1882 364 αὐτόν.

302 394 605 463 ἐπεμαρτύρει
639 395 732 463 γὰρ
768 395 930 462 ὥσπερ
964 400 1060 449 τοῖς
1093 397 1201 462 παρ’
1232 397 1374 446 αὐτοῦ
1399 393 1620 463 ῥήμασιν,
1646 392 1765 460 ἅπερ
1791 393 1884 462 ε”φη

80 477 239 510 SMatth.

80 523 159 552 xxvi
192 530 205 554 ς
211 529 226 561 5
302 477 419 544 πρὸς
445 479 697 531 Ἰουδαίους
723 478 798 529 ὅτε
825 476 1192 546 συλληψόμενοι
1225 480 1450 544 παρῆσαν
1476 475 1617 527 αὐτόν
1643 482 1670 504 “
1689 476 1775 529 Ὡς
1809 477 1884 526 ἐπὶ

258 564 330 604 d“
356 559 545 628 λῃστὴν
582 559 806 629 ἐξήλθετε
849 559 967 623 μετὰ
1012 564 1256 627 μαχαιρῶν
1296 560 1371 610 καὶ
1415 558 1577 627 ξύλων
1615 561 1884 618 συλλαβεῖν

304 648 331 670 “
356 663 445 704 με;
486 643 594 692 καθ’
623 641 798 708 ἡμέραν
823 640 1106 707 ἐκαθεζόμην
1132 644 1179 692 ἐν
1205 646 1271 711 τῷ
1299 644 1403 710 ἱερῷ
1430 639 1668 690 διδάσκων
1694 640 1769 690 καὶ
1800 639 1883 689 οὐκ

302 729 330 752 “
357 722 651 789 ἐκρατήσατέ
680 725 782 787 με.”
837 725 912 774 καί
948 725 1001 774 οὐ
1036 722 1186 787 δήπου
1222 722 1418 792 φήσειεν
1450 723 1508 772 ἄν
1532 745 1602 776 τις
1635 720 1695 773 τὰ
1727 719 1884 772 εἰκότα

303 809 506 874 φρονῶν,
534 807 595 858 ὡς
631 807 850 873 ἐπῃτιᾶτο
885 804 993 858 τους
1019 806 1272 859 Ἰουδαίους
1307 805 1377 855 ὅτι
1411 803 1477 869 μὴ
1513 803 1731 871 πρόωρον
1756 803 1882 871 αὐτῷ

301 885 355 937 τὸ
380 886 531 940 πάθος
556 885 816 952 ἐπήγαγον,
846 888 956 936 ἀλλ’
987 887 1090 937 οὐδὲ
1122 886 1191 938 ὅτι
1226 885 1308 938 τὸν
1335 887 1498 938 δέοντα
1524 883 1884 953 παρελάσαντες

301 968 485 1035 χρόνον,
516 972 703 1035 βραδεῖς
741 967 905 1035 ὥσπερ
944 968 1157 1036 ἐβάδιζον
1187 971 1261 1020 ἐπὶ
1301 969 1355 1020 τὸ
1394 972 1561 1036 χρῆναι
1600 970 1878 1036 μιαιφονεῖν.

299 1050 481 1118 ἐλέγχει
515 1049 562 1100 δέ
595 1055 786 1113 μᾶλλον
811 1050 996 1113 αὐτοὺς,
1029 1053 1091 1105 ὡς
1125 1051 1364 1115 οἰηθέντας
1400 1051 1656 1112 ἀσυνέτως,
1686 1051 1762 1099 καὶ
1797 1049 1885 1116 οὐχ

299 1131 484 1184 ἑκόντος
536 1133 678 1182 αὐτοῦ
728 1132 1039 1197 περιέσεσθαί
1086 1156 1217 1197 ποτε,
1268 1135 1344 1184 καὶ
1395 1133 1714 1197 βιασαμένους
1760 1131 1883 1181 ἑλεῖν

300 1213 531 1265 δύνασθαι
558 1212 640 1264 τὸν
666 1213 797 1264 οὐδὲν
824 1213 979 1265 εἰδότα
1003 1219 1171 1266 παθεῖν
1198 1218 1234 1265 εἰ
1260 1215 1325 1280 μὴ
1352 1216 1593 1277 βούλοιτο.
1641 1221 1666 1243 “
1686 1214 1884 1264 Ἐκαθε-

263 1302 329 1340 e“
355 1295 497 1362 ζόμην
523 1294 615 1361 γὰρ
648 1294 886 1346 διδάσκων
911 1298 959 1347 ἐν
985 1300 1050 1365 τῷ
1083 1300 1189 1366 ἱερῷ
1221 1299 1297 1348 καὶ
1333 1299 1415 1348 οὐκ
1451 1295 1746 1363 ἐκρατήσατέ
1775 1295 1880 1358 με·”

301 1378 355 1427 οὐ
381 1376 473 1444 γὰρ
498 1376 774 1442 ἠβουλόμην
799 1378 919 1437 τότε,
948 1379 1057 1428 ἀλλ’
1087 1380 1187 1429 οὐδ’
1216 1378 1275 1430 ἂν
1301 1384 1361 1433 εἰς
1388 1381 1442 1430 τὸ
1469 1378 1622 1445 παρὸν
1648 1376 1883 1444 ἰσχύσατε

299 1465 437 1510 τοῦτο
476 1463 604 1524 δρᾶν,
628 1463 665 1510 εἰ
702 1458 766 1523 μὴ
805 1465 906 1514 ταῖς
945 1460 1182 1527 ὑμετέραις
1222 1463 1388 1528 χερσὶν
1421 1459 1667 1523 ἐθελοντὴς
1706 1458 1877 1523 ὑπενή-

299 1563 478 1606 νεγμαι.
519 1543 684 1592 οὐκοῦν
710 1540 785 1592 διὰ
810 1539 1001 1592 πάντων
1028 1542 1212 1611 ἔξεστιν
1235 1546 1357 1605 ἰδεῖν,
1377 1545 1438 1596 ὡς
1465 1543 1518 1593 οὐ
1544 1545 1626 1605 τῆς
1644 1541 1883 1592 Ἰουδαίων

300 1623 464 1691 ἰσχύος
503 1623 640 1689 ἔργον
680 1622 738 1688 ἧν
775 1622 828 1674 τὸ
869 1622 1055 1693 θανάτῳ
1093 1630 1369 1690 περιβαλεῖν
1407 1624 1489 1675 τὸν
1527 1623 1716 1691 Κύριον,
1752 1622 1884 1673 ἀλλὰ

299 1710 396 1758 τοῖς
429 1704 514 1768 μὲν
539 1705 722 1755 ἐκείνων
749 1706 958 1758 ἀνοσίοις
992 1704 1297 1770 τολμήμασιν
1330 1705 1594 1774 ἐπιγράψαι
1633 1728 1702 1758 τις
1738 1703 1795 1755 ἂν
1829 1703 1883 1754 τὸ

300 1788 570 1854 ἐγχείρημα·
613 1790 679 1855 τῷ
705 1785 753 1837 δὲ
783 1789 966 1852 Σωτῆρι
994 1791 1194 1857 Χριστῷ
1219 1787 1273 1839 τὸ
1301 1788 1417 1854 ὑπὲρ
1442 1787 1633 1839 πάντων
1658 1789 1883 1850 ἐθελῆσαι

78 1885 169 1919 499
185 1883 239 1919 A.
260 1873 480 1931 awaHer,
511 1869 586 1919 ἵνα
619 1868 799 1921 πάντας
838 1868 1057 1937 ἐξέληται
1094 1871 1168 1919 καὶ
1204 1870 1453 1935 ἀγοράσας
1487 1871 1645 1933 αἵματι
1680 1872 1746 1938 τῷ
1783 1870 1882 1938 ἰδίῳ

1102 1953 1113 1969 s

78 1957 225 1988 2001·.v.
297 1950 592 2019 παραστήσῃ
624 1955 690 2020 τῷ
718 1954 825 2019 Θεῷ
852 1952 926 2001 Καὶ
953 1955 1124 2017 Πατρι.

80 2009 130 2041 19·
1178 1958 1205 1980 ‘⁶
1226 1951 1348 2005 Θεὸς
1385 1951 1478 2019 γὰρ
1514 1951 1617 2017 ἧν,”
1646 1950 1766 2002 κατὰ
1797 1949 1884 2015 τὴν

297 2039 380 2084 τοῦ
433 2033 632 2084 Παύλου
685 2031 861 2100 φωνὴν,
907 2040 934 2061 “
959 2034 1007 2083 ἐν
1046 2036 1247 2102 Χριστῷ
1293 2032 1477 2098 κόσμον
1519 2032 1883 2085 καταλλάσσων

296 2123 324 2144 “
347 2117 533 2184 ἑαυτῴ,”
554 2117 630 2166 καὶ
654 2112 708 2165 τὸ
734 2117 817 2177 τῆς
843 2118 903 2167 εἰς
930 2113 1071 2165 αὐτὸν
1093 2116 1257 2183 φιλίας
1278 2114 1573 2170 ἐκπεπτωκὸς
1593 2115 1883 2181 ἀνακομίζων

296 2196 627 2262 ἀμνησικάκως
654 2199 715 2250 εἰς
742 2196 856 2261 ὅπερ
882 2194 939 2259 ἧν
965 2198 1013 2247 ἐν
1039 2199 1176 2265 ἀρχῇ.

233 2376 277 2400 21
304 2366 430 2412 Εἶπεν
468 2367 540 2411 οὖν
579 2369 707 2410 Πάλιν
746 2366 891 2410 αὐτοῖς
922 2368 1040 2417 ἘΙ-ὼ
1078 2369 1242 2421 ὑπάτω,
1281 2370 1348 2410 καὶ
1386 2370 1584 2427 <amisere
1624 2385 1688 2421 με,
1727 2369 1796 2410 καὶ
1834 2369 1879 2411 ἐν

707 2467 758 2521 τῇ
799 2462 985 2522 ἁμαρτίᾳ
1023 2464 1141 2513 ὑμῶν
1179 2461 1477 2506 ἀποθανεῖσθε.

362 2582 478 2633 ”Οτι
503 2581 595 2650 χρὴ
621 2581 854 2649 παρόντος
890 2582 1252 2649 ἐπιδράττεσθαι
1284 2588 1367 2633 τοῦ
1402 2588 1564 2649 καιροῦ
1599 2583 1705 2633 καθ’
1735 2581 1879 2647 ὅνπερ

345 2748 378 2781 3
404 2738 620 2784 ἐπιμαρτυρεῖ
637 2751 667 2773 a.
822 2752 856 2782 4.
882 2740 963 2774 αυτὸ
983 2739 1063 2784 (sic)
1084 2740 1126 2774 B.
1145 2739 1342 2775 emendavit
1361 2741 1425 2775 Ht.
1491 2739 1617 2774 Statim
1635 2740 1678 2775 ὣς
1697 2739 1739 2773 Β.
1758 2740 1876 2782 ὥσπερ

301 2783 418 2817 Holst.
432 2784 498 2818 Ed.
604 2787 637 2820 6.
664 2786 698 2819 ἐν
711 2789 757 2831 τῷ
776 2787 853 2832 ἱερῷ
873 2787 1099 2831 ἐκαθεζόμην
1092 2799 1163 2821 mv.
1181 2787 1256 2821 ord.
1273 2799 1304 2822 a.
1413 2787 1519 2821 8-22.
1547 2787 1678 2821 Partim
1696 2786 1778 2820 citat
1789 2785 1876 2819 Nik.

298 2830 333 2862 in
354 2829 389 2862 S.
406 2830 491 2863 Luc.
509 2830 552 2863 ad
569 2832 654 2865 loca
683 2832 744 2866 sed
761 2833 831 2867 fele
849 2833 892 2867 ad
910 2834 1058 2868 verbum
1075 2833 1110 2867 id
1129 2833 1223 2879 quod
1241 2845 1472 2868 a.11.
1499 2834 1562 2878 οὐχ
1580 2834 1715 2866 ἑκόντας
1733 2831 1813 2874 (sic)
1834 2831 1876 2866 B.

298 2875 493 2909 emendavit
515 2876 603 2910 Ht.<
595 2878 730 2913 ι’ἰκοντος
748 2890 777 2912 ιι.
917 2880 969 2914 Ι8.
995 2881 1033 2914 τὸ
1052 2892 1082 2914 ιι.
1101 2887 1134 2914 et
1152 2880 1236 2914 Nik.
1254 2881 1277 2913 l.
1291 2892 1321 2914 c.
1340 2882 1386 2925 τῷ
1406 2879 1473 2914 Ed.
1604 2889 1658 2924 19.
1683 2877 1875 2923 ἐπιγράψαι

298 2936 347 2956 τις
367 2921 407 2955 Β.
427 2922 613 2966 ἐπιγράψω
633 2939 681 2958 τις
698 2936 727 2958 ιι.
747 2925 1215 2971 ειΝἰὶς.1.ε.ἐπιγράψαιτο
1235 2926 1299 2960 Ht.
1320 2926 1386 2960 Ed.

1902 573 1924 612 5

1905 985 1953 1011 10

1904 1807 1954 1832 20
