2011 3266
95 849 203 889 Supra

95 903 162 922 Vlu.
181 902 192 922 1
202 901 217 923 2
225 917 230 923 .

96 935 190 966 Infra.
206 936 249 966 xi.

99 988 136 1018 25
152 990 158 1009 ;

95 1023 161 1054 xiv,
182 1021 212 1053 6.

96 1065 202 1106 Supra

97 1117 258 1151 ver.9‚11.

316 161 401 201 250
722 163 772 205 Β.
804 163 1077 205 CYRILLI
1119 163 1499 206 ALEXANDR.
1779 170 1906 213 x.25.

316 268 525 335 μέγεθος.
580 272 881 324 ὑπαιτιῶνται
920 273 1070 340 γεμὴν
1108 280 1191 326 τοῦ
1232 273 1396 340 λόγου,
1437 274 1511 324 καὶ
1551 272 1606 323 τὸ
1647 273 1729 335 τῆς
1771 269 1904 321 διδα-

318 352 524 406 σκαλιάς
567 356 986 419 περιεσταλμένον,
1032 356 1254 418 ἐμπόδιον
1298 357 1454 410 αὐτοῖς
1497 353 1615 405 εἷναί
1656 358 1780 422 φασι
1824 357 1908 402 τοῦ

319 432 525 484 συνιέναι
571 435 804 487 δύνασθαι
851 442 1008 490 καλῶς
1053 436 1174 503 ἅπερ
1213 437 1301 488 ἔδει
1339 441 1520 501 μαθεῖν.
1575 435 1764 504 ἀξιοῦσι
1804 456 1902 484 τοι·

317 521 496 581 γαροῦν
531 521 674 568 εἰπεῖν
712 518 854 568 αὑτὸν
890 519 1245 585 ἐναργέστερον,
1277 519 1425 570 καίτοι
1463 516 1699 570 πολλάκις
1737 518 1908 582 ἀκροα-

319 597 516 661 σάμενοι
552 601 627 650 καὶ
661 600 847 665 μακρὰν
877 603 950 651 ἐπὶ
988 601 1139 670 τούτῳ
1175 601 1407 661 λαβόντες
1439 600 1684 670 ἐξήγησιν.
1739 602 1777 649 εἰ
1815 596 1950 664 γᾶρ5

280 681 395 730 οκαὶ
430 680 495 744 μὴ
531 680 622 748 ἔφη
658 686 831 750 σαφῶς
856 682 987 747 Ἐγώ
1024 687 1114 746 εἰμι
1152 685 1176 734 ὁ
1203 681 1431 750 Χριστὸς,
1458 681 1590 733 ἀλλὰ
1627 685 1721 732 τῶν
1746 702 1905 747 προσ-

320 766 433 812 εῖναι
490 761 772 831 πεφυκότων
832 765 959 833 αὐτῷ
1016 764 1299 833 ἀξιωμάτων
1351 764 1517 816 πολλὰ
1574 765 1787 828 παρῆγεν
1846 765 1910 815 εἷς

320 843 482 906 μέσον,
515 845 630 895 ποτὲ
668 845 755 908 μὲν
796 846 948 912 λε’γων
984 854 1009 876 “
1029 847 1160 911 Ἐγώ
1200 851 1291 909 εἰμι
1328 846 1382 897 τὸ
1422 850 1525 915 φῶς
1563 851 1646 896 τοῦ
1685 843 1908 906 κόσμου,”

321 925 434 976 ποτὲ
460 926 508 976 δὲ
533 926 682 977 πάλιν
710 935 736 956 “
756 928 887 993 Ἐγώ
915 932 1004 991 εἶμι
1040 930 1066 992 ἡ
1103 928 1369 982 ἀνάστασις
1396 931 1471 979 καὶ
1499 929 1525 992 ἡ
1551 927 1658 994 ζωή·
1702 926 1793 991 ἐγώ
1820 929 1911 987 εἶμι

322 1015 349 1036 “
376 1008 403 1072 ἡ
432 1007 555 1061 ὁδός·
599 1009 690 1074 ἐγώ
719 1013 809 1073 εἰμι
838 1011 864 1074 ἡ
893 1011 1030 1075 θύρα·
1073 1011 1164 1076 ἐγώ
1189 1015 1278 1075 εἶμι
1307 1013 1331 1062 ὁ
1361 1009 1536 1074 ποιμὴν
1562 1011 1587 1060 ὁ
1623 1007 1817 1062 καλός.”
1857 1006 1914 1076 ἐξ
1935 1032 1983 1058 10

320 1088 385 1140 ὧν
410 1089 502 1155 γὰρ
527 1097 675 1141 ταῦτα
701 1090 865 1142 ἑαυτὸν
892 1092 1119 1157 ὀνομάζει,
1147 1094 1365 1157 σημαίνει
1395 1092 1465 1143 ὅτι
1493 1093 1517 1143 ὁ
1544 1091 1759 1158 Χριστός
1786 1090 1905 1140 ἐστι.

319 1177 415 1226 τοῖς
456 1172 549 1238 γὰρ
595 1173 820 1226 τοιούτοις
866 1173 1136 1242 ἀξιώμασιν
1176 1175 1334 1226 εἴωθεν
1372 1175 1400 1238 ἡ
1438 1172 1602 1243 γραφὴ
1641 1175 1913 1238 στεφανοῦν

319 1254 402 1305 τὸν
423 1254 653 1320 Χριστὸν,
682 1259 718 1305 εἰ
749 1257 823 1306 καὶ
851 1261 1028 1310 λευκῶς
1056 1262 1195 1307 τοῦτο
1223 1256 1365 1307 αὐτὸν
1391 1256 1602 1324 ἀπῄτουν
1629 1258 1670 1306 οὶ
1694 1256 1912 1305 Ἰουδαῖοι

320 1340 477 1388 εἰπεῖν.
531 1337 695 1390 ἄλλως
728 1360 776 1388 τε
813 1337 935 1405 τάχα
962 1361 1063 1391 πως
1090 1342 1164 1388 καὶ
1191 1341 1244 1389 οὐ
1271 1337 1464 1406 σφόδρα
1490 1335 1833 1404 εὖπαροῖδεκτον
1857 1335 1912 1387 τὸ

320 1420 368 1468 ἐν
393 1420 569 1472 ἁπλαῖς
595 1418 749 1484 λέγειν
777 1423 957 1488 φωναῖς
983 1420 1112 1485 Ἐγώ
1140 1425 1230 1484 εἶμι
1258 1421 1282 1470 ὁ
1308 1419 1535 1486 Χριστὸς,
1563 1421 1649 1487 οὑχ
1676 1417 1912 1482 ἑπομένων
1938 1439 1984 1478 15

276 1504 383 1554 ᾱεὶς
422 1500 665 1568 ἀπόδειξιν
699 1506 794 1552 τῶν
828 1502 1136 1567 πραγμάτων,
1163 1503 1216 1553 δι’
1245 1501 1309 1553 ὧν
1341 1500 1401 1552 ἂν
1435 1502 1622 1555 εἰκότως
1659 1500 1912 1564 ἐπιστεύθη

321 1585 383 1635 ὡς
410 1582 550 1635 αὐτὸς
575 1583 642 1646 εἴη
674 1585 699 1633 ὁ
726 1584 954 1649 Χριστός.
1013 1585 1312 1650 ἀσυγκρῖτως
1346 1584 1394 1635 δὲ
1429 1589 1638 1651 κρεῖττον
1664 1582 1728 1647 μὴ
1762 1583 1819 1652 ἐξ
1848 1580 1914 1632 ὧν

320 1663 460 1717 αὐτὸς
496 1662 632 1729 ἔλεγε
668 1666 978 1731 γνωρίζεσθαι
1008 1665 1164 1728 αὐτὸν,
1192 1666 1261 1717 ὅτι
1299 1666 1436 1720 αὐτός
1470 1668 1602 1717 ἐστιν
1628 1667 1652 1716 ὁ
1679 1664 1910 1731 Χριστὸς,

320 1747 430 1796 ἀλλ’
473 1748 522 1796 ἐκ
560 1751 654 1797 τῶν
692 1752 940 1812 προσεῖναι
981 1748 1265 1816 πεφυκότων
1303 1753 1508 1812 μᾶλλον,
1549 1750 1625 1799 καὶ
1664 1747 1722 1816 ἐξ
1762 1744 1828 1797 ὧν
1866 1748 1913 1796 αἱ

321 1831 438 1878 θεῖαι
476 1832 582 1894 περὶ
621 1830 764 1879 αὑτοῦ
804 1832 1149 1898 χρησμῳδοῦσι
1188 1832 1386 1898 γραφαὶ,
1418 1831 1493 1881 καὶ
1533 1829 1739 1898 φανερὸν
1772 1827 1914 1879 αὑτὸν
1935 1851 1984 1876 20

321 1908 519 1960 ε”ο-εσθαι
544 1910 818 1973 μηνύουσιν.
872 1910 991 1977 ἅπερ
1019 1911 1082 1974 μὴ
1111 1912 1365 1976 νοήσαντες
1392 1915 1433 1962 οἱ
1460 1912 1676 1962 Ἰουδαῖοι
1702 1913 1765 1964 ὡς
1791 1910 1915 1976 ἄγαν

320 1994 742 2059 μικροψυχοῦντες,
769 1994 893 2060 φασὶ
933 1992 987 2043 τό
1016 1992 1135 2048 (Ἕως
1172 1995 1282 2045 πότε
1317 1993 1386 2054 τῇν
1414 1990 1572 2065 ψυχὴν
1605 1993 1718 2061 ἡμῶν
1751 1994 1911 2063 αἴρεις,

322 2071 426 2127 ε”θος
451 2071 545 2140 γὰρ
572 2079 668 2127 τοῖς
695 2075 989 2141 ὀλιγωροῦσι
1015 2081 1156 2126 τοῦτο
1183 2076 1356 2142 λέγειν.

255 2243 552 2299 25ἈΠεκρίθΗ
598 2241 742 2285 αὐτοῖς
791 2246 813 2286 ὁ
850 2246 1016 2287 ἸΗσοῦε
1059 2242 1189 2287 Εἶπον
1234 2244 1328 2295 ὑμῖν
1374 2246 1441 2287 καὶ
1485 2247 1532 2287 οὐ
1575 2248 1809 2290 Πιστεύετε·
1861 2245 1913 2289 τὰ

285 2328 306 2354 θ
392 2325 494 2381 ἔργα
543 2327 566 2366 ἃ
610 2327 696 2373 ferd)
741 2327 854 2368 Ποιώ
902 2329 948 2369 ἐν
992 2330 1053 2382 τῷ
1095 2329 1276 2377 ὀνόματι
1317 2333 1390 2370 τοῦ
1434 2330 1603 2386 Πατρός
1651 2345 1745 2381 μου,
1784 2333 1912 2372 ταῦτα
1937 2337 1984 2377 25

392 2406 598 2464 μαρτυρεῖ
636 2409 733 2465 Περὶ
770 2411 886 2457 ἐμοῦ.

597 2521 609 2537 x
731 2524 749 2545 ς
841 2526 850 2539 ›
893 2523 903 2539 t
1127 2527 1139 2543 χ
1204 2527 1214 2540 e
1298 2529 1315 2547 7
1438 2524 1451 2539 x
1594 2530 1613 2539 Α
1832 2524 1844 2539 t

414 2525 647 2589 Περιττον
695 2546 777 2574 ουν
828 2547 1017 2587 ενομισε
1067 2548 1141 2576 και
1195 2549 1220 2576 ο
1272 2530 1485 2592 λριστος
1535 2549 1632 2580 τοις
1678 2532 1916 2580 πολλακις

374 2690 404 2713 1.
431 2681 491 2713 τοῦ
508 2681 616 2726 λόγου
635 2692 664 2715 a.
667 2681 703 2715 k.
721 2683 780 2715 τὸν
797 2683 904 2727 λόγον
922 2681 1001 2717 Cat.
1022 2683 1122 2717 Harl.
1143 2695 1183 2717 ex
1202 2695 1290 2718 corr.
1308 2691 1348 2717 ut
1366 2683 1435 2717 vid.
1454 2682 1549 2718 unde
1569 2683 1636 2717 Ed.
1757 2692 1788 2727 7.
1757 2683 1913 2727 7ἀξιω-

322 2726 436 2769 μάτων
452 2727 541 2772 αὐτῷ
562 2739 620 2761 mv
623 2739 700 2762 erso
718 2697 863 2763 Οιάὶηθγ
858 2741 888 2762 a.
894 2729 927 2762 k.
1040 2730 1073 2763 8.
1100 2730 1166 2774 ἐγώ
1185 2730 1250 2773 εἶμι
1268 2731 1306 2764 τὸ
1324 2733 1399 2774 φῶς
1416 2733 1476 2764 τοῦ
1494 2732 1637 2773 κόσμου,
1655 2730 1738 2764 ποτὲ
1756 2731 1792 2764 δέ
1809 2732 1914 2765 πάλιν

325 2780 508 2817 assumpta
525 2785 566 2807 ex
584 2785 614 2807 a.
619 2774 654 2807 k.
806 2786 859 2815 11,
885 2786 935 2809 12.
964 2775 1018 2810 Cf.
1038 2776 1074 2809 in
1094 2776 1242 2820 C01d.p
1220 2787 1330 2822 p271.
1354 2776 1513 2811 scholion
1531 2777 1703 2810 tributum
1722 2777 1914 2810 Ammonio

326 2819 391 2859 (1111
414 2827 453 2852 ut
473 2819 544 2854 vid.
564 2821 623 2866 qui
646 2821 780 2856 Eecles.
798 2823 897 2856 Alex.
918 2822 1090 2857 Sacerdos
1114 2830 1147 2857 et
1164 2835 1378 2857 oeconomus
1403 2823 1470 2857 fuit
1491 2824 1607 2868 paullo
1630 2829 1711 2868 post
1729 2823 1775 2856 D.
1791 2822 1914 2867 Cyrilli

326 2867 504 2908 mortem).
712 2879 763 2913 13.
790 2869 820 2901 οἱ
838 2880 908 2902 om.
927 2869 962 2902 k.
1166 2880 1220 2904 21.
1246 2869 1450 2914 μηνύουσιν]
1472 2869 1708 2914 κηρύσσουσιν
1725 2869 1769 2903 ad
1787 2869 1913 2903 melius

325 2909 595 2955 intelligendum
613 2920 653 2947 ut
671 2915 758 2948 solet
775 2926 806 2948 a.
824 2915 1010 2958 μηνύουσιν
1027 2914 1131 2950 habet
1148 2916 1184 2950 k.
1403 2927 1458 2950 22.
1485 2918 1524 2950 τό
1541 2921 1763 2961 assumptum
1782 2928 1823 2950 ex
1841 2927 1872 2950 a.
1876 2916 1912 2950 k.

328 2966 382 2998 24.
407 2938 678 3003 ’ὶ-Ἀπεκρίθη-ου
696 2960 874 2996 πιστεύετε
894 2969 1077 3007 assumpta
1095 2974 1133 2996 ex
1155 2964 1190 2997 k.
