2022 3272
103 113 169 139 xv.
192 111 228 140 2.
351 99 423 139 IN
467 100 509 140 S.
543 100 877 140 JOANNEM.
942 100 1066 140 LIB.
1103 101 1153 140 X.
1216 102 1292 141 CA
1309 102 1349 142 P.
1386 102 1443 142 II.
1607 102 1690 141 549

102 211 337 262 πολυθέου
391 210 579 276 πλάνης
634 211 997 281 ἐξεσπασμένοι,
1057 211 1443 277 ὁμολογήσαντες
1499 209 1547 260 δὲ
1604 209 1690 273 τὴν

102 294 267 344 πίστιν
311 293 397 358 τὴν
441 299 505 348 εἷς
549 294 784 360 Χριστὸν,
829 294 990 359 ἐρημοι
1042 292 1088 344 δὲ
1140 292 1215 344 διὰ
1265 297 1347 357 τῆς
1400 298 1493 344 τῶν
1540 293 1690 358 ἔργων

102 375 380 440 κολλήσεως
418 377 678 442 γενοίμεθα,
714 377 901 429 πάντως
941 374 1092 440 δήπου
1130 375 1190 426 τὰ
1227 379 1322 426 τῶν
1361 376 1540 425 εἷκαίων
1575 382 1691 438 κλη-

102 456 266 521 μάτων
306 459 709 523 ὑποστησόμεθα;
769 461 844 509 καὶ
888 459 936 509 τί
978 458 1031 509 τὸ
1076 456 1279 518 λοιπόν;
1333 456 1692 520 ἀποτεμνόμεθα

60 554 81 594 5
102 539 194 606 γὰρ
231 540 520 607 ὁλοκλήρως,
552 539 855 605 δοθησόμεθα
891 541 983 607 γὰρ
1019 542 1095 591 καὶ
1128 542 1252 606 πυρὶ,
1286 542 1361 590 καὶ
1398 538 1456 603 ἢν
1487 538 1692 605 ἔσχομέν

101 644 217 673 ποτε
270 623 401 690 παρὰ
458 626 541 687 τῆς
592 622 808 687 ἀμπέλου
859 621 1085 689 ζωοποιὸν
1137 622 1323 684 ἰκμάδα,
1371 621 1586 672 τουτέστι
1635 618 1732 672 τὸο

102 707 311 768 Πνεῦμα,
346 704 823 772 προσαποβαλόντες·
867 703 892 756 ὃ
924 704 1016 771 γὰρ
1052 705 1142 773 ἔφη
1169 702 1382 770 Χριστὸς
1408 704 1484 754 ἐπὶ
1518 708 1601 753 τοῦ
1635 701 1690 753 τὸ

100 785 338 838 τάλαντον
364 788 747 856 καταχώσαντος,
774 794 912 838 τοῦτο
945 787 1001 851 δὴ
1028 786 1266 854 θεωρήσαι
1291 810 1359 840 τις
1387 785 1445 836 ἂν
1471 784 1684 852 πληρού·
1753 791 1916 865 Ξᾲῐὲῑιῑὲϋ

101 892 241 932 μενον
281 873 356 921 καὶ
396 872 470 922 ἐπι
507 875 604 925 τοῖς
650 869 928 936 ὁλοκληρως
974 871 1252 933 ὑπομείνασι
1297 867 1384 933 τὴν
1425 866 1684 931 ἀποτομήν.
1823 859 1829 866 ’
1891 859 1897 865 ⁸

34 976 83 1002 10
101 953 368 1052 ἀφαιρεῖται
395 953 488 1019 γάρ
515 953 680 1019 ὥσπερ
706 953 879 1003 ἐκεινου
906 975 959 1003 το
986 952 1223 1003 τάλαντον
1250 949 1360 1015 ἅμα,
1389 952 1534 1004 οὕτως
1566 948 1691 1013 οἶμαι

101 1037 176 1085 καὶ
215 1059 265 1086 εκ
302 1041 386 1086 τοῦ
425 1035 682 1100 κληματος,
718 1038 780 1089 ὡς
821 1037 868 1085 ἐν
906 1034 1098 1098 ἰκμάδος
1137 1057 1261 1088 τινος
1303 1033 1405 1097 ἤτοι
1444 1031 1692 1096 ποιότητος

101 1114 250 1186 λόγῳ,
279 1116 333 1169 τὸ
363 1122 573 1182 Πνεῦμα.
629 1120 894 1186 ἀφαιρεῖται
930 1115 977 1167 δὲ
1013 1116 1088 1167 διὰ
1123 1116 1264 1167 ποίαν
1299 1116 1480 1175 αἰτίαν;
1525 1116 1600 1165 ἵνα
1625 1114 1691 1179 μὴ

99 1204 196 1253 τοῖς
232 1204 294 1254 εἷς
326 1200 379 1251 τὸ
415 1206 511 1267 πῦρ
547 1198 921 1267 κατοιχήσεσθαι
958 1199 1196 1262 μέλλουσι
1231 1197 1360 1264 παρὰ
1397 1204 1479 1249 τοῦ
1515 1202 1692 1263 Κριτοῦ

101 1282 591 1348 συγκαταδικάζεσθαι
626 1281 679 1333 τὸ
708 1286 902 1346 Πνεῦμα
938 1285 1052 1349 δοκῇ
1087 1281 1141 1332 τὸ
1179 1280 1476 1332 δεσποτικόν.
1530 1284 1565 1330 εἱ
1599 1279 1692 1346 γὰρ

34 1381 81 1419 15
102 1367 143 1415 οἱ
182 1369 276 1415 τῶν
307 1367 521 1431 ἐπιγείων
557 1370 835 1432 κρατοῦντες·
873 1363 1169 1430 πραγμάτων
1204 1368 1299 1414 τῶν
1332 1362 1468 1431 ἅπαξ
1503 1384 1690 1425 τετιμη-
1711 1387 1732 1412 a
1760 1379 1847 1413 868
1862 1377 1913 1411 Α.

99 1447 252 1510 με’νων
290 1450 365 1498 καὶ
407 1452 679 1509 βασιλικοῖς
721 1446 1081 1515 δεδοξασμένων
1120 1445 1362 1510 νεύμασιν,
1402 1446 1455 1496 οὐ
1497 1443 1686 1510 καθορί-

101 1527 238 1594 ζουσί
258 1553 302 1580 τι
327 1530 600 1598 προχείρως,
627 1529 758 1580 ἀλλὰ
789 1531 864 1580 καὶ
901 1529 943 1580 εἴ
971 1552 1039 1583 τις
1077 1529 1215 1593 ἁλοίη
1252 1526 1410 1595 τυχὸν,
1438 1527 1510 1595 ἐφ’
1541 1525 1606 1579 οἷς
1635 1524 1693 1576 ἂν

102 1609 310 1676 εὐλόγως
337 1613 605 1664 ἀποτιννύοι
632 1613 774 1674 δίκας,
803 1613 884 1662 οὐκ
919 1610 975 1662 ἂν
1001 1617 1140 1662 τοῦτο
1174 1610 1318 1662 πάθοι
1353 1607 1446 1676 πρὸ
1481 1611 1563 1670 τῆς
1599 1612 1694 1659 τῶν

102 1692 384 1761 ἀξιωμάτων
435 1696 699 1758 ἀποβολῆς·
761 1698 862 1748 πῶς
913 1695 994 1744 οὐκ
1044 1696 1314 1758 ἀναγκαῖον,
1366 1692 1452 1756 τὴν
1502 1692 1577 1742 ἐπὶ
1628 1691 1694 1759 τῷ

32 1799 81 1824 20
101 1778 271 1842 χρῆναι
307 1776 595 1843 κολάζεσθαι
629 1779 1060 1827 καταδικασθεῖσαν
1096 1774 1260 1843 ψυχὴν
1294 1774 1369 1825 διὰ
1406 1773 1576 1842 ψήφου
1611 1775 1694 1835 τῆς

102 1856 296 1920 ἄνωθεν,
341 1859 702 1924 προαποθέσθαι
751 1858 927 1924 τρόπον
977 1857 1081 1908 τινὰ
1133 1860 1208 1907 καὶ
1258 1854 1695 1922 προαποδύσασθαι

101 1942 184 2003 τῆς
210 1944 304 1990 τῶν
328 1944 484 1990 κακῶν
509 1941 670 2006 πείρας
705 1939 788 2003 τὴν
814 1945 896 1990 τοῦ
924 1939 1204 2003 Πνεύματος
1230 1937 1399 2006 χάριν;
1440 1938 1695 1988 πείσεσθαι

101 2020 186 2084 μὲν
216 2023 297 2072 οῦν
328 2027 451 2089 φησι
490 2021 548 2073 τὰ
586 2028 778 2073 τοιαῦτα
816 2020 870 2072 τὸ
905 2021 1116 2088 ἄκαρπον
1145 2020 1318 2089 κλῆμα,
1346 2024 1505 2074 καλῶς
1544 2041 1599 2084 γε
1637 2018 1694 2083 δὴ

102 2101 296 2171 σφόδρα
322 2104 406 2158 τὰς
432 2105 652 2170 ἡμετέρας
681 2104 882 2157 διανοίας
915 2102 1296 2170 ἀσφαλιζόμενος
1332 2106 1394 2156 εἷς
1420 2101 1474 2152 τὸ
1501 2102 1694 2168 ε”χεσθαι
1712 2110 1739 2151 b

32 2206 82 2244 25
103 2189 261 2254 φιλεῖν
307 2188 390 2249 τῆς
433 2189 496 2239 εἰς
542 2184 684 2237 αὑτὸν
724 2184 925 2251 ἀγάπης,
972 2185 1048 2236 διά
1096 2207 1145 2236 τε
1190 2188 1273 2248 τῆς
1319 2185 1417 2235 κατ’
1462 2182 1694 2249 ἐνέργειαν

102 2268 270 2333 ἀρετῆς
318 2269 393 2318 καὶ
442 2271 524 2332 τῆς
575 2270 767 2321 ἀσινοῦς
815 2266 1034 2332 δηλονότι
1082 2267 1307 2320 πίστεως·
1375 2269 1458 2330 τῆς
1510 2265 1558 2316 δὲ
1609 2271 1694 2316 τοῦ

102 2355 421 2415 γηπονοῦντος
455 2351 704 2418 φροντίδος
741 2351 822 2401 οὐκ
856 2351 1108 2416 ἀπείρατον
1135 2350 1332 2400 ἔσεσθαι
1362 2352 1610 2401 παντελῶς
1639 2347 1694 2399 τὸ

103 2431 409 2498 καρποφόρον
432 2431 593 2500 κλῆμοί
620 2437 757 2500 φησι,
779 2432 1248 2499 διακαθαρθήσεσθαι
1275 2430 1368 2497 γὰρ
1393 2429 1511 2496 πρὸς
1537 2429 1591 2480 τὸ
1618 2431 1693 2480 καὶ

101 2510 320 2579 μειζόνως
352 2512 585 2563 δύνασθαι
620 2518 955 2582 καρποφορεῖν.
1017 2518 1113 2567 τοῖς
1139 2512 1232 2579 γὰρ
1259 2512 1382 2566 ὅλως
1410 2512 1584 2577 ἄριστα
1608 2510 1694 2574 μὲν

33 2619 83 2654 30
105 2596 181 2645 καὶ
215 2597 276 2648 ὡς
312 2593 368 2644 ἂν
394 2594 492 2662 ε”χοι
527 2599 685 2648 καλῶς
720 2595 884 2660 διαζῆν
920 2595 1172 2658 ἑλομένοις,
1199 2596 1512 2660 ἀγαθουργεῖν
1539 2591 1587 2642 δὲ
1623 2591 1694 2642 ὅτι

106 2675 322 2740 μάλιστα
349 2678 423 2726 καὶ
451 2675 525 2727 διὰ
550 2675 710 2741 πάσης
737 2676 849 2727 ἰέναι
878 2677 1116 2730 πολιτείας
1149 2680 1399 2745 θεοφιλοῦς
1433 2673 1693 2743 ᾑρημένοις,

155 2825 188 2858 5.
214 2816 363 2861 ἕσχομέν
381 2816 422 2850 Ε.
445 2814 580 2861 εἴχομεν
598 2815 664 2849 Ed.
821 2826 874 2850 12.
899 2816 937 2849 τὸ
955 2821 1179 2859 assumptum
1198 2826 1239 2849 ex
1258 2814 1299 2848 E.
1455 2825 1508 2859 13.
1535 2827 1693 2858 κατοιχη-

108 2862 279 2906 θήσεσθαι
299 2863 340 2897 Ε.
499 2872 553 2907 15.
579 2863 610 2895 οἱ
628 2874 698 2896 om.
718 2861 759 2896 E.
916 2861 969 2896 16.
994 2861 1253 2905 δεδοξασμένων
1271 2861 1354 2895 E.F.
1375 2860 1440 2895 Ed.
1461 2873 1532 2906 mg.
1552 2861 1693 2904 δεδοξα-

108 2909 233 2953 σμένον
251 2909 318 2944 Ed.
463 2918 517 2954 27.
543 2907 787 2954 γηπονοῦντος]
807 2911 962 2954 γεωργοῦ
980 2908 1072 2943 Catt.
1143 2907 1351 2952 ἀπείραστον
1369 2919 1398 2942 e.
