2011 3266
276 149 362 187 28&
680 147 1041 188 B.OYRHMA
1084 146 1465 187 ALEXANDR„
1723 146 1867 197 mam.

278 259 374 308 τοῖς
407 255 519 322 ὑπὲρ
552 254 701 322 λόγον
728 258 983 307 ἀκολουθεῖ
1003 254 1058 307 τὸ
1084 255 1149 319 μὴ
1176 256 1286 306 λίαν
1312 256 1506 318 ἑτοίμως
1533 253 1868 319 θαυμάζεσθαι·

278 337 416 387 τοῦτό
447 361 527 401 μοι
562 340 689 388 δοκεῖ
720 339 962 401 ὑπομεῖναι
997 339 1072 387 καὶ
1109 336 1195 401 τὴν
1222 337 1406 403 ἀγαθὴν
1434 335 1655 402 Μάρθαν·
1696 358 1868 400 παραι-

279 424 423 470 τεΐται
456 419 549 486 γὰρ
584 419 730 483 αὐτὴν
761 419 814 469 τὸ
851 423 913 472 εἰς
950 419 1115 470 πίστιν
1144 418 1368 488 ἀσφαλὲς
1405 419 1433 482 ἡ
1473 424 1556 469 τοῦ
1594 416 1874 484 πράγματος

283 500 541 566 ὑπερβολὴ,
563 505 638 551 καὶ
665 500 719 552 τὸ
747 500 884 569 ξένον
905 503 988 564 τῆς
1015 501 1204 554 ἐλπίδος
1231 506 1315 551 τοῦ
1342 499 1628 565 καθήκοντος
1652 500 1873 568 ἐξίστησι

284 589 542 648 λογισμοῦ·
586 585 662 633 καὶ
689 582 970 646 θαυμαστὸν
997 580 1128 632 οὐδὲν
1154 586 1191 633 εἰ
1217 581 1303 645 τὴν
1327 583 1492 633 πίστιν
1519 580 1873 646 ὁμολογήσασα
1894 600 1916 638 5

281 663 430 715 πάλιν
464 664 776 733 ὀλιγοπιστίᾳ
813 663 1078 731 χειμάζεται
1117 667 1175 731 τῇ
1212 664 1456 730 ὑπερβολῇ
1494 669 1578 714 τοῦ
1617 662 1869 724 θαύματος.

284 745 386 809 η’τοι
419 748 494 796 καὶ
535 748 595 799 ὡς
635 745 759 796 πάνυ
798 750 989 806 τιμῶσα
1027 745 1109 796 τὸν
1139 744 1372 811 Χριστὸν,
1399 744 1497 796 εἶπε
1535 744 1589 795 τό
1618 741 1738 804 *HQ
1772 745 1872 814 ἵζει,

246 826 403 894 οπρὸς
434 827 488 878 τὸ
523 827 587 891 μὴ
625 830 908 890 ἀηδισθῆναι
944 829 992 877 ἐκ
1027 830 1109 890 τῆς
1142 833 1225 877 τοῦ
1262 832 1424 893 νεκροῦ
1461 827 1712 879 δυσωδίας·
1757 824 1874 890 ἢὼς

283 910 518 977 αἰσχύνην
556 908 695 960 τοῦτό
736 914 875 977 φησι.
943 909 1207 960 σπεύδουσι
1252 907 1345 974 γὰρ
1390 912 1431 959 οἱ
1475 913 1569 959 τῶν
1610 907 1876 959 τεθνεώτων

283 997 453 1055 οἰκεῖοι,
481 991 574 1058 πρὸ
600 997 683 1042 τοῦ
717 990 771 1042 τὸ
808 995 951 1053 σῶμα
987 990 1209 1056 γενέσθαι
1244 993 1467 1053 δυσῶδες,
1493 990 1793 1057 κατακρύψαι
1820 992 1876 1056 τῇ
1901 1016 1949 1041 10

285 1079 362 1142 γῇ,
405 1073 737 1141 αἰσχυνόμενοι
782 1071 890 1126 τοὺς
934 1073 1110 1139 ζῶντας
1151 1075 1227 1123 καὶ
1269 1073 1457 1136 ἀτιμίαν
1501 1072 1751 1138 ἡγούμενοι
1794 1076 1877 1121 τοῦ

286 1156 511 1218 κειμένου,
539 1155 593 1205 τὸ
620 1153 971 1216 βδελύττεσθαι
999 1153 1141 1204 αὐτὸν
1167 1152 1296 1220 παρά
1322 1177 1478 1205 τινων.

220 1311 270 1346 40
316 1299 431 1347 Λέ-ῑΓει
470 1300 576 1356 αὐτῷ
615 1300 637 1342 ὁ
670 1298 837 1339 ἸΗσοῡο
876 1297 963 1338 Οὐκ
1003 1293 1125 1339 εἶπόν
1165 1312 1229 1339 σοι
1267 1299 1331 1339 ὅτι
1369 1297 1443 1338 ἐὰν
1482 1297 1710 1354 Πιστεύῡῌε
1747 1296 1846 1346 ὄψει

815 1381 893 1421 τὴν
934 1380 1064 1423 δόξαν
1103 1384 1176 1421 τοῦ
1216 1380 1355 1432 Θεοῡ;

244 1493 272 1533 d
366 1477 508 1543 Μέγα
546 1476 727 1542 ἀγαθὸν
759 1477 935 1538 πίστις,
964 1476 1077 1527 ὅταν
1103 1476 1197 1527 ἀπὸ
1234 1478 1407 1542 θερμῆς
1441 1476 1625 1540 γίνηται
1660 1475 1876 1538 διανοίας,
1903 1496 1949 1533 15

289 1563 364 1610 καὶ
397 1558 636 1622 τοσαύτην
667 1558 759 1626 ἔχει
794 1559 1004 1620 δύναμιν,
1033 1556 1156 1608 ὥστε
1192 1560 1245 1608 οὐ
1279 1556 1424 1621 μόνον
1450 1559 1474 1608 ὁ
1509 1557 1749 1608 πιστεύων
1780 1557 1879 1608 σώ-

932 1657 1051 1688 θαυμάζε-

342 1704 369 1726 Ι.
390 1691 619 1735 θαυμάζεσθαι
638 1692 692 1725 c.l.
708 1691 814 1725 Cord.
830 1690 888 1726 Cr.
903 1692 1080 1725 πείθεσθαι
1097 1691 1173 1725 Cat.
1192 1692 1291 1726 Harl.
1309 1690 1487 1725 πείθεσθαι
1503 1690 1596 1724 Aul».
1682 1689 1760 1724 2-6.
1779 1691 1879 1723 τοῦτό

290 1754 346 1783 μοι
365 1739 455 1772 δοκεῖ
476 1738 580 1784 [δοκῶ
600 1739 680 1781 (Sic)
702 1739 756 1771 c.l.
777 1737 1127 1783 (312]-ὀλιγοπιστίᾳ
1151 1739 1342 1782 χειμάζεται
1366 1738 1422 1771 c.l.
1445 1738 1551 1771 Cord.
1572 1737 1630 1771 Cr.
1649 1737 1732 1780 ὅπερ
1750 1737 1803 1770 καὶ
1820 1737 1880 1779 τὴν

292 1786 434 1828 Μάρθαν
456 1788 516 1819 τοῦ
534 1785 736 1828 καθήκοντος
761 1785 926 1828 ἐξέστησε
945 1787 1128 1830 λογισμοῦ,
1147 1786 1199 1818 καὶ
1220 1787 1334 1828 πρώην
1350 1784 1569 1818 πιστεύσασα
1589 1785 1692 1818 πάλιν
1710 1784 1774 1817 ὑπὸ
1795 1782 1878 1828 [ἀπὸ

291 1832 357 1877 HL]
377 1833 535 1866 ἀπιστίας
553 1831 633 1875 αὕτη
656 1831 754 1876 [αὕτη
773 1844 843 1865 om.
864 1831 967 1876 k.m.]
987 1831 1167 1865 σαλεύεται
1187 1832 1305 1865 a.k.m.
1325 1831 1407 1873 ὅπερ
1425 1846 1481 1875 μοι
1500 1831 1590 1864 δοκεῖ
1607 1831 1727 1864 παθεῖν
1744 1831 1797 1863 καὶ
1819 1830 1880 1872 τὴν

291 1879 421 1924 ἀγαθὴν
440 1879 582 1923 Μάρθαν
607 1879 661 1911 καὶ
682 1881 742 1912 τοῦ
768 1877 969 1921 καθήκοντος
991 1878 1113 1920 ταύτην
1135 1878 1301 1921 ἐξέστησε
1327 1879 1498 1922 λογισμοῦ
1525 1877 1577 1910 καὶ
1602 1879 1717 1921 πρώην
1738 1875 1879 1910 πιστεύ-

293 1940 387 1960 σασα
404 1926 508 1959 πάλιν
524 1926 588 1959 ὑπὸ
607 1924 766 1959 ἀπιστίας
783 1925 864 1968 αὕτη
882 1926 1074 1969 χειμάζεται
1093 1924 1170 1958 Cat.
1192 1924 1291 1958 Harl.
1312 1924 1378 1958 Ed.
1430 1924 1507 1958 Cat.
1528 1924 1627 1958 Svec.
1646 1935 1680 1968 9.
1701 1923 1760 1956 fol.
1780 1932 1844 1968 125
1859 1934 1880 1956 v

294 1974 389 2014 (ante
407 1972 524 2015 citata)
544 1972 628 2005 haec
645 1971 785 2005 exhibet
801 1974 848 2005 Τὰ
865 1986 903 2014 με
912 1973 997 2016 γάλα
1015 1975 1080 2005 τῶν
1097 1972 1365 2015 κατορθωμάτων
1382 1971 1602 2005 ἀπιστεῖσθαι
1619 1971 1726 2015 φιλεῖ·
1753 1970 1880 2012 θαυμα-

294 2023 378 2053 στὸν
395 2019 503 2059 οὐδὲν,
523 2019 561 2061 εἷἸ
575 2019 633 2061 τὴν
650 2019 767 2052 πίστιν
784 2017 1034 2062 ὁμολογήσασα
1051 2019 1154 2051 πάλιν
1172 2018 1389 2063 ὀλιγοπιστίᾳ
1408 2018 1611 2062 χειμάζεται·
1639 2017 1774 2051 εἷκότως
1797 2016 1834 2049 δέ
1849 2030 1882 2049 τι

295 2067 348 2099 καὶ
372 2066 486 2109 ἕτερον
504 2064 705 2108 νυσὴσασαν
722 2067 822 2098 τοῦτο
844 2066 948 2109 φάναι
967 2066 1050 2108 πρὸς
1072 2067 1110 2098 τὸ
1134 2066 1252 2107 παρόν·
1281 2064 1316 2098 ἐκ
1340 2066 1472 2107 πολλῆς
1496 2065 1561 2108 γὰρ
1587 2064 1631 2098 ὡς
1655 2064 1761 2096 ἔοικεν
1782 2063 1881 2096 εὐλα-

294 2113 400 2152 βείας,
420 2114 477 2155 τῆς
503 2112 538 2144 ἐκ
563 2114 622 2145 τοῦ
647 2112 845 2154 τεθνηκότος
868 2111 1041 2146 δυσώδους
1063 2111 1204 2153 ἐκπνοῆς
1221 2111 1465 2149 ἀντιλαβέσθαι
1483 2111 1634 2155 Χριστὸν
1651 2110 1689 2143 οὐ
1706 2108 1881 2150 βούλεται·

295 2160 475 2203 πάσχομεν
498 2159 532 2191 δέ
560 2159 612 2191 καὶ
638 2157 752 2202 ἕτερον
775 2159 805 2191 οἱ
831 2161 896 2191 τῶν
916 2162 1037 2202 νεκρῶν
1054 2158 1242 2200 κηδεμόνες·
1270 2159 1336 2201 πρὸ
1360 2158 1425 2202 γὰρ
1449 2157 1622 2191 δυσώδους
1643 2156 1763 2200 ὀσμῆς,
1783 2170 1882 2189 κατα-

297 2205 455 2250 κρύπτειν
479 2208 525 2249 τῷ
552 2206 651 2249 τάφῳ
676 2206 716 2237 τὰ
742 2208 807 2238 τῶν
833 2204 1080 2249 κατοιχομένων
1102 2205 1251 2248 λείψανα
1277 2204 1330 2237 διὰ
1358 2204 1508 2246 σπουδῆς
1533 2202 1728 2246 ποιούμεθα,
1750 2202 1884 2245 ἀτιμίαν

297 2254 357 2284 τοῦ
382 2252 531 2294 κειμένου
556 2252 744 2294 νομίζοντες
768 2252 806 2283 τὸ
824 2254 889 2284 τῶν
907 2251 954 2283 ἔτι
973 2252 1103 2292 ζώντων
1120 2250 1170 2284 ἐπ’
1189 2251 1277 2295 αὐτῷ
1294 2249 1537 2294 βδελυγμὲνον·
1565 2249 1699 2293 ἐρυθριᾷ
1720 2248 1746 2281 δ’
1766 2250 1882 2293 ὥσπερ

299 2298 316 2341 ἡ
343 2297 451 2341 φύσις
476 2299 514 2331 τὸ
538 2298 628 2340 παρὰ
654 2296 763 2341 φύσιν
789 2297 1003 2340 ὑπομένουσα
1028 2297 1144 2330 πάθος·
1183 2297 1220 2329 οὐ
1247 2297 1312 2341 γὰρ
1339 2297 1483 2330 θανάτου
1513 2296 1716 2340 δημιουργὸς
1741 2296 1759 2327 ὁ
1786 2296 1881 2333 Θεὸς,

299 2345 376 2377 οὐδὲ
395 2344 550 2389 τέρπεται
569 2344 624 2377 ἐπὶ
640 2343 790 2386 ἀπωλείᾳ
810 2344 950 2384 ζώντων.
1048 2354 1079 2376 2.
1107 2344 1159 2376 καὶ
1178 2343 1306 2376 retinui
1324 2355 1341 2376 e
1361 2342 1437 2376 Cat.
1459 2342 1560 2376 Harl.
1579 2342 1644 2376 Ed.
1741 2353 1774 2385 3.
1800 2342 1882 2384 αὐτῇ

300 2392 321 2423 l.
343 2391 401 2424 (Τ.
529 2389 561 2423 6.
588 2392 647 2423 τοῦ
667 2388 835 2432 θαύματος
852 2389 1026 2433 ὑπερβολῇ
1045 2390 1100 2422 c.l.
1122 2389 1228 2423 Cord.
1249 2388 1307 2423 Cr.
1433 2398 1464 2433 7.
1490 2391 1561 2431 7'J'rot
1579 2389 1698 2422 a.k.m.
1716 2387 1786 2431 ἥτις
1806 2387 1882 2421 Cat.

304 2437 401 2470 Harl.
420 2436 484 2469 Ed.
553 2436 677 2469 Statim
696 2437 749 2469 καὶ
768 2448 836 2468 om.
856 2436 925 2468 a.k.
996 2435 1054 2469 οὖν
1072 2447 1133 2479 pro
1153 2436 1205 2468 καὶ
1223 2447 1270 2468 αι.
1343 2434 1445 2479 πάνυ]
1465 2435 1568 2468 πάλιν
1586 2446 1630 2467 m.
1702 2436 1802 2467 τοῦτο
1820 2445 1884 2478 pro

299 2486 337 2516 τό
356 2483 449 2525 ’Ἤδη
469 2482 535 2524 ὄζει
554 2484 674 2516 a.k.1n.
834 2483 866 2515 8.
891 2482 935 2525 μὴ
954 2493 1024 2515 om.
1044 2494 1089 2515 m.
1162 2480 1378 2526 ἀηδισθῆναι]
1402 2486 1438 2522 -1-
1460 2483 1580 2515 τοῦτον
1598 2480 1674 2514 Cat.
1696 2481 1795 2514 Harl.
1817 2479 1883 2514 Ed.

300 2530 416 2563 invitis
435 2530 554 2563 a.k.m.
616 2529 742 2562 Statim
761 2528 825 2562 ὑπὸ
844 2540 907 2573 pro
925 2529 960 2561 ἐκ
979 2540 1025 2562 m.
1090 2527 1126 2572 ἢ]
1150 2533 1187 2567 -†-
1209 2529 1261 2561 καὶ
1280 2540 1326 2561 m.
1456 2540 1488 2573 9.
1515 2527 1699 2572 ἡγουμένην
1716 2539 1778 2572 pro
1795 2528 1885 2571 φησι

300 2589 348 2610 m.
450 2587 501 2610 10.
528 2576 687 2620 γενέσθαι
706 2574 875 2620 δυσῶδες]
894 2575 1065 2609 δυσωδίαν
1085 2573 1271 2620 [δυσωδίας
1288 2573 1342 2619 k.]
1358 2574 1529 2608 διαδοῦναι
1547 2575 1665 2608 a.k.1n.
1766 2584 1777 2606 1
1789 2584 1816 2606 1.
1843 2573 1887 2608 ὡς

302 2635 364 2667 pro
382 2623 435 2656 καὶ
454 2635 482 2656 a.
502 2623 620 2656 invitis
638 2623 722 2655 k.1n.
927 2633 980 2654 12.
1006 2623 1043 2655 τὸ
1061 2623 1151 2656 τινὰς
1168 2622 1256 2667 αὐτῷ
1274 2620 1524 2662 βδελύττεσθαι
1542 2633 1589 2654 m.
1607 2621 1697 2656 τινάς
1715 2631 1777 2664 pro
1795 2620 1886 2663 παρά

301 2685 399 2703 τινων
417 2670 485 2703 a.k.
672 2680 723 2712 13.
751 2667 849 2712 Λέγει
867 2668 948 2712 αὐτῇ
968 2670 986 2701 ὁ
1002 2667 1136 2711 Ἰησοῦς
1154 2667 1272 2701 addidi
1290 2680 1330 2701 ex
1349 2668 1417 2701 a.k.
1491 2666 1653 2710 πιστεὺῃς
1670 2667 1704 2699 k.
1724 2667 1766 2700 cf.
1786 2666 1885 2700 infra.

303 2716 403 2753 Quae
433 2722 630 2761 sequuntur
660 2715 806 2748 retinui:
842 2721 925 2748 sunt
959 2721 1074 2748 autem
1110 2714 1181 2748 duo
1220 2714 1351 2748 scholia
1385 2715 1581 2759 conjuncta,
1610 2725 1759 2758 quorum
1789 2713 1886 2756 prius

303 2763 662 2806 Μέγα-μεθιστάνειν
682 2761 870 2806 (15-285,
894 2761 949 2804 14)
972 2761 1103 2806 Cyrillo
1126 2761 1288 2795 tribuunt
1312 2760 1388 2794 Cat.
1411 2761 1509 2794 Harl.
1528 2772 1587 2798 m.,
1608 2759 1738 2804 Cyrillo
1761 2758 1885 2791 Hiero-

303 2810 511 2853 solymitano
539 2809 733 2853 (perperam
759 2814 798 2841 ut
824 2807 975 2849 vldetur)
1002 2808 1071 2841 a.k.
1096 2807 1209 2852 [estne.
1234 2819 1275 2840 ex
1305 2806 1526 2851 Homilia?];
1561 2806 1733 2850 posterius
1756 2804 1799 2837 ‘H
1825 2804 1886 2847 μὲν

305 2856 428 2898 Μάρθα
446 2856 508 2889 &c.
529 2856 686 2900 sequitur
709 2854 783 2888 sine
806 2854 988 2887 intervallo
1006 2855 1162 2896 (nomine
1186 2854 1283 2887 nullo
1305 2853 1454 2897 adjecto)
1475 2852 1534 2886 sed
1557 2853 1671 2886 littera
1694 2851 1887 2895 majuscula

305 2901 483 2944 inceptum
502 2902 537 2935 in
557 2902 632 2935 Cat.
650 2900 763 2942 Harl„
784 2900 915 2944 Cyn‘llo
933 2900 1100 2934 tribuitur
1117 2900 1153 2934 in
1172 2901 1241 2934 a.k.
1260 2900 1409 2944 ἀρχιερει
1427 2901 1462 2933 in
1481 2911 1527 2933 m.
1629 2907 1679 2943 15.
1706 2895 1821 2942 Μέγα]
1846 2902 1882 2936 -f-

305 2947 415 2981 τυίνυν
433 2949 549 2982 a.k.m.
624 2947 679 2981 ὅτε
698 2960 728 2980 a.
800 2947 934 2990 γένηται
952 2947 1071 2980 a.k.m.
