2001 3261
290 137 373 176 140
693 131 742 171 B.
777 125 1057 170 CYRILLI
1100 120 1483 164 ALEXANDR.
1709 114 1764 154 ix.
1786 125 1824 163 2,
1844 124 1882 166 3.

289 252 317 274 “
344 242 541 296 ἐκάλεσε
581 246 647 312 τῷ
686 240 881 303 ὀνόματι
924 237 1117 303 Κυρίου.
1192 235 1268 283 καὶ
1312 232 1531 297 παρῆλθε
1573 225 1748 291 Κύριος
1791 221 1885 288 πρὸ

291 335 318 357 “
344 327 610 394 προσώπου
649 327 806 385 αὐτοῦ,
842 324 917 373 καὶ
957 320 1155 371 ἐκάλεσε
1194 315 1369 381 Κύριος
1410 314 1435 363 ὁ
1475 309 1595 363 Θεὸς
1635 307 1887 373 οἰκτίρμων

293 417 323 441 “
348 412 424 462 καὶ
458 408 684 474 ἐλεήμων,
712 405 1016 472 μακρόθυμος
1048 403 1123 452 καὶ
1155 397 1415 451 πολυέλεος
1441 396 1518 445 καὶ
1545 388 1783 456 ἀληθινὸς,
1812 389 1888 439 καὶ

253 500 323 547 e“
348 492 651 556 δικαιοσύνην
707 491 952 554 διατηρῶν,
1008 486 1083 535 καὶ
1139 486 1288 534 ποιῶν
1339 479 1470 532 ’ἑλεος
1528 481 1590 529 εἰς
1647 470 1884 541 χιλιάδας,

295 584 323 606 “
349 578 567 644 ἀφαιρῶν
593 572 788 635 ἀνομίας
813 571 889 620 καὶ
916 568 1095 620 ἀδικίας
1120 568 1195 616 καὶ
1223 562 1466 629 ἁμαρτίας,
1495 562 1570 610 καὶ
1596 558 1649 608 οὐ
1680 556 1894 620 καθαριεῖ
1909 573 1931 611 5

294 666 321 689 “
349 657 432 710 τὸν
463 658 641 724 ἔνοχον,
667 653 859 720 ἐπάγων
894 649 1124 717 ἁμαρτίας
1162 646 1379 713 πατέρων
1414 645 1487 695 ἐπὶ
1525 641 1663 692 τέκνα
1702 638 1776 688 καὶ
1816 636 1890 686 ἐπὶ

296 749 323 772 “
348 741 488 793 τέκνα
521 740 695 790 τέκνων
722 738 795 788 ἐπὶ
829 735 990 801 τρίτην
1017 734 1093 783 καὶ
1128 728 1355 796 τετάρτην
1382 722 1590 793 γενεάν.”
1651 720 1761 772 ἀλλ’
1792 716 1891 769 ἰδοὺ

296 823 354 889 δὴ
381 827 568 893 σαφῶς·
610 823 699 887 ἐρῶ
726 818 820 885 γὰρ
847 818 980 870 αὖθις
1007 812 1267 875 ἀναλαβὼν
1293 809 1347 862 τὸ
1374 812 1422 861 ἐν
1449 811 1571 875 ἀρχῇ
1598 803 1890 872 ζητούμενον·

297 908 534 973 θεοπρεπῆ
574 903 660 968 τὴν
698 901 965 967 ἡμερότητα
1004 900 1080 949 καὶ
1119 892 1409 962 ἀσύγκριτον
1449 914 1552 942 τινα
1590 887 1677 952 τὴν
1712 890 1888 954 φιλαν-

298 989 511 1057 θρωπίαν
550 988 669 1055 ε”χειν
709 983 874 1036 ἑαυτὸν
913 978 1246 1049 διισχυρίζεται
1288 975 1424 1029 Θεός.
1497 973 1640 1023 αὐτοῦ
1682 968 1776 1035 γὰρ
1820 968 1894 1017 καὶ
1917 990 1966 1016 ιο

299 1074 387 1140 οὐχ
425 1071 582 1137 ἑτέρου
621 1068 747 1122 τινος
786 1065 870 1117 τὸν
910 1065 1060 1130 λόγον
1098 1061 1217 1112 εἷναί
1255 1064 1425 1129 φαμεν,
1465 1058 1541 1107 καὶ
1585 1055 1638 1105 οὐ
1684 1049 1896 1116 καθάπερ

76 1171 160 1206 591
175 1169 225 1203 Α.
260 1153 481 1205 ειοῖονταί
525 1175 646 1206 τινες
697 1155 782 1201 τοῦ
827 1146 1086 1215 πανσόφου
1135 1142 1383 1195 Μωυσέως
1432 1138 1516 1193 τὰς
1562 1133 1897 1205 χαριστηρίους

301 1236 661 1301 ἀναπέμποντος
705 1231 821 1299 ὑπὲρ
864 1237 947 1282 τοῦ
992 1233 1112 1279 λαοῦ
1157 1221 1446 1293 προσευχάς.
1504 1221 1574 1272 ὅτι
1619 1217 1714 1284 γὰρ
1758 1214 1898 1268 αὐτός

302 1323 434 1372 ἐστιν
473 1321 497 1370 ὁ
543 1317 735 1370 πάντων
771 1312 1027 1377 Δεσπότης
1066 1312 1171 1377 περὶ
1212 1310 1377 1360 ἑαυτοῦ
1417 1310 1565 1356 ταῦτα
1604 1300 1772 1368 λέγων,
1811 1298 1900 1365 οὐχ

304 1404 458 1469 ἕτερος
503 1403 626 1466 ἡμῖν,
667 1400 776 1450 ἀλλ’
820 1396 960 1450 αὐτὸς
1006 1397 1031 1446 ὁ
1076 1391 1304 1458 μακάριος
1345 1385 1637 1455 μαρτυρήσει
1681 1383 1899 1444 Μωυσῆς
1922 1402 1969 1441 15

305 1484 544 1538 διδάσκων
571 1485 619 1534 ἐν
643 1481 822 1550 βιβλίῳ
858 1483 955 1530 τῶν
980 1480 1205 1544 ἀριθμῶν,
1231 1474 1306 1525 ὅτε
1341 1470 1489 1523 πάλιν
1518 1467 1900 1534 προσκέκρουκεν

304 1568 363 1637 ἐξ
386 1569 581 1633 ἀκαίρου
607 1565 780 1617 δειλίας
808 1564 833 1613 ὀ
858 1559 1077 1628 Ἰσραὴλ,
1103 1556 1398 1610 κακυνόντων
1424 1556 1563 1604 τινῶν
1588 1552 1671 1613 τῆς
1697 1549 1900 1613 ἐπαγγε-

308 1651 415 1704 λίας
459 1649 545 1713 τὴν
584 1651 688 1714 γῆν,
728 1645 770 1697 οἳ
816 1647 890 1696 καὶ
937 1641 1113 1707 ταύτην
1155 1636 1569 1706 κατασκεψόμενοι
1615 1631 1691 1684 διὰ
1736 1651 1897 1697 προσ-

309 1732 551 1799 τάγματος
575 1730 752 1796 Κυρίου
777 1726 907 1793 παρὰ
929 1725 1177 1777 Μωυσέως
1203 1722 1483 1785 ἐπέμποντο.
1526 1720 1568 1768 οἱ
1594 1713 1688 1781 γὰρ
1715 1713 1903 1778 ἐπείπερ

265 1817 361 1867 ὺέκ
398 1818 481 1879 τῆς
519 1818 614 1865 τῶν
649 1809 948 1880 ἀλλοφύλων
983 1805 1308 1871 ἀνεκομίζοντο
1348 1805 1450 1869 γῆς,
1477 1798 1644 1865 ἥκοντό
1684 1819 1733 1848 τε
1773 1795 1904 1847 αὖθις
1924 1818 1974 1844 20

312 1902 375 1953 ὡς
410 1898 494 1949 τὸν
526 1895 661 1958 λαὸν,
688 1892 883 1960 πικροὺς
918 1891 1002 1956 μὲν
1028 1893 1133 1956 περὶ
1171 1889 1311 1952 αὐτῆς
1348 1884 1572 1954 ἐξέπτυον
1599 1879 1785 1946 λόγους,
1813 1879 1904 1943 γῆν

311 1982 360 2034 δὲ
412 1979 526 2031 εἶναι
578 1979 734 2044 λέγων
786 1975 956 2041 ἀγρίαν
1007 1974 1128 2024 οὕτω
1180 1974 1255 2022 καὶ
1307 1970 1463 2032 ἀπηνῆ
1521 1968 1583 2019 ὡς
1642 1960 1906 2013 κατεσθίειν

312 2064 546 2116 δύνασθαι
594 2060 702 2114 τοὺς
747 2062 990 2110 οἰκοῦντας
1037 2053 1195 2119 αὐτὴν,
1236 2057 1298 2106 εἰς
1342 2048 1584 2112 τοσαύτην
1629 2042 1907 2112 δυσφημίαν

313 2146 422 2200 τοὺς
456 2144 780 2211 ἀκροωμένους
815 2139 1030 2200 ἐκάλουν,
1057 2140 1119 2191 ὡς
1151 2136 1407 2201 διάβροχον
1435 2130 1519 2195 μὲν
1546 2129 1667 2198 ε”χειν
1693 2124 1909 2192 δακρύων

315 2229 401 2294 τὴν
438 2226 650 2294 παρειὰν,
686 2228 728 2276 οἱ
767 2222 903 2275 πόνοι
943 2220 990 2271 δὲ
1030 2221 1119 2285 ἤδη
1159 2221 1234 2270 καὶ
1272 2219 1320 2267 ἐν
1352 2214 1581 2282 Αἰγύπτῳ
1620 2209 1902 2272 βούλεσθαι.
1928 2235 1978 2272 25

90 2317 206 2399 ἓῗῃᾏ·
317 2319 344 2340 “
373 2315 545 2374 Δῶμεν
602 2306 712 2373 γὰρ,
765 2305 994 2374 ἔφασκον,
1047 2299 1300 2368 ἀρχηγοὺς,
1357 2299 1433 2348 καὶ
1487 2296 1791 2360 πορευθῶμεν
1846 2292 1910 2342 εἰς

317 2402 345 2424 “
373 2391 664 2459 Αἱγυπτον·”
706 2386 974 2439 ἀναλώσειν
1000 2385 1047 2435 δὲ
1076 2381 1243 2434 αὐτοὺς
1270 2383 1576 2431 ἀπειλοῦντος
1603 2379 1742 2436 Θεοῦ,
1760 2369 1910 2423 πάλιν

278 2479 463 2528 οέδεῖτο
503 2474 735 2535 Μωυσῆς,
772 2471 847 2521 καὶ
882 2471 964 2532 τῆς
1001 2467 1219 2529 δοθείσης
1255 2460 1539 2528 ἐπαγγελίας
1574 2459 1700 2526 αὐτῷ
1734 2476 1905 2522 μονον-

93 2567 144 2651 ξζ·
163 2574 221 2607 ¹7m
320 2560 423 2626 ουχὶ
457 2558 533 2608 καὶ
572 2559 633 2608 εἰς
673 2552 941 2617 ἀνάμνησιν
968 2549 1098 2615 ἄγων
1125 2547 1208 2599 τὸν
1235 2545 1359 2597 Θεὸν
1384 2541 1574 2610 πρόεισι
1609 2543 1738 2602 βοῶν
1765 2544 1792 2566 “
1816 2535 1912 2587 Καὶ

368 2694 399 2717 2.
426 2684 444 2714 ὁ
463 2680 642 2725 οἷκτιρμὼν
660 2691 689 2712 ει.
710 2678 798 2722 (37.)
959 2687 991 2716 4.
1018 2676 1124 2707 ποιῶν
1143 2683 1212 2705 om.
1231 2682 1261 2704 a.
1283 2668 1395 2713 (vat.)
1561 2676 1613 2709 13.
1639 2663 1705 2708 γὰρ
1723 2673 1793 2695 om.
1814 2659 1909 2694 Aub.

323 2740 376 2774 17.
404 2731 422 2761 ὁ
440 2740 510 2761 om.
530 2727 623 2760 Aub.
797 2735 847 2767 19.
875 2721 911 2757 ὃς
934 2721 972 2755 Β.
995 2720 1113 2754 Holst..
1131 2720 1161 2752 οἱ
1180 2716 1379 2751 emendavit
1399 2714 1492 2748 Aul).
1654 2721 1708 2744 20.
1736 2708 1856 2752 ἤκοντό
1873 2720 1910 2740 τε

320 2776 425 2811 edidi.
447 2778 524 2817 ἤκον
541 2789 576 2807 τε
594 2788 629 2806 τε
652 2773 691 2805 Β.
712 2771 791 2815 ἧκον
808 2772 885 2803 τότε
908 2768 970 2802 Ηῒ.
989 2768 1107 2811 ι’)’κυντο
1126 2767 1161 2799 δέ
1183 2764 1249 2799 Ed.
1381 2772 1435 2796 22.
1461 2759 1572 2804 λέγων
1588 2758 1709 2802 ἀγρίαν
1730 2755 1770 2788 Β.
1789 2754 1911 2799 ἀγρίαν

319 2823 431 2867 λέγων
445 2822 507 2855 llt.
521 2820 641 2866 ἀγρίαν
658 2818 779 2863 ἔλεγον
792 2818 867 2861 (aut
882 2814 1006 2860 ἔλεγον
1024 2821 1083 2847 aut
1101 2813 1260 2857 λέγοντες
1278 2821 1384 2844 sensu
1401 2807 1576 2853 exigente)
1592 2804 1657 2838 Ed.
1720 2801 1911 2835 κατεσθίειν

322 2870 365 2902 Β.
384 2867 596 2902 κατευθύνειν
616 2867 678 2900 Ht.
699 2865 763 2899 Ed.
910 2873 963 2904 25.
991 2862 1021 2894 οἱ
1040 2862 1137 2895 πόνοι
1156 2859 1262 2892 habet
1283 2857 1322 2890 B.
1375 2860 1397 2873 “
1415 2855 1515 2889 Fort:
1544 2853 1573 2885 οἱ
1591 2848 1757 2885 πολλοὶ.”
1780 2847 1909 2892 Heyse.

321 2915 398 2949 τοὺς
416 2917 538 2949 πόνους
558 2913 735 2994 Ἑιὼιςὶῖει·
758 2910 921 2945 mnendat
944 2909 1077 2952 Migne.
1136 2907 1228 2940 Fort.
1247 2905 1388 2939 ὑπεῖναι.
1485 2900 1537 2934 καὶ
1556 2895 1762 2942 αιναιγύπτῳ
1782 2894 1835 2939 (=
1857 2893 1911 2927 καὶ

322 2963 357 2996 ἐν
374 2960 542 3006 (ιῖγίνπτῳ)
600 2987 606 2994 .
