2037 3266
96 2692 203 2732 Supra,

97 2746 127 2765 x.
148 2745 195 2766 20.

97 2778 190 2808 Infra.

97 2833 162 2852 ver.
181 2832 211 2863 9.

327 131 411 170 412
728 131 779 172 B.
812 131 1092 173 CYRILLI
1133 133 1516 175 ALEXANDR.
1769 134 1853 174 xiv.
1874 143 1912 185 7.

329 237 493 289 εἰδέναι
534 240 763 306 Χριστόν.
818 241 971 306 ἐπειδὴ
1011 243 1058 293 δὲ
1097 242 1154 308 ἧν
1193 266 1320 297 τινας
1359 243 1478 298 εἰκὸς
1515 243 1774 308 Ἰουδαϊκήν
1811 266 1916 294 τινα

327 325 518 383 μᾶλλον
552 322 698 388 ἠ’γουν
737 324 1048 389 εὐαγγελικὴν
1082 325 1437 389 ἐπιτηδεύοντας
1476 327 1737 387 παίδευσιν,
1772 325 1912 394 ἐξαρ-

328 408 423 453 κεῖν
449 403 629 455 οἵεσθαι
661 403 780 470 πρὸς
813 404 867 456 τὸ
902 405 1142 457 πιστεύειν
1167 407 1319 473 ὀρθῶς
1344 407 1430 472 τὴν
1456 411 1517 461 εἷς
1554 408 1634 459 ἕνα
1669 412 1763 458 τῶν
1789 407 1917 458 ὅλων

328 484 453 536 Θεὸν
491 487 752 551 ὁμολογίαν
789 509 839 537 τε
878 489 953 537 καὶ
995 492 1191 553 γνῶσιν,
1220 488 1284 552 μὴ
1323 489 1416 553 μὴν
1448 491 1718 556 ἐπείγεσθαι
1752 493 1917 552 μαθεῖν

326 567 409 618 τὸν
434 571 538 634 περὶ
565 571 646 630 τῆς
674 569 810 633 ἁγίας
841 571 916 618 καὶ
949 570 1205 632 ὁμοουσίου
1232 570 1437 636 Τριάδος
1462 570 1623 637 λόγον,
1652 570 1915 635 ἀναγκαίως
1935 578 1957 616 5

327 650 561 700 ἀποκλείει
588 648 764 714 τρόπον
790 649 894 700 τινὰ
920 650 1135 717 Χριστὸς
1161 654 1237 702 καὶ
1267 657 1364 705 τοῖς
1395 654 1516 703 οὕτω
1545 652 1798 722 δοξάζουσι
1829 651 1916 716 τὴν

282 733 431 797 ι)περὶ
469 737 551 781 τοῦ
585 735 710 782 Θεοῦ
745 736 940 797 γνῶσιν,
968 737 1005 783 εἰ
1039 732 1104 797 μὴ
1139 736 1214 784 καὶ
1249 734 1391 785 αὐτὸν
1415 735 1669 796 βούλοιντο
1702 734 1912 800 παραδέ-

325 817 515 879 χεσθαι.
595 812 671 863 διὰ
722 812 815 879 γὰρ
866 817 983 864 Υἱοῦ
1035 815 1289 880 προσιτέον
1340 820 1406 885 τῷ
1458 820 1567 886 Θεῷ
1617 818 1692 867 καὶ
1740 817 1910 882 Πατρί.

325 894 574 960 ἀναλόγως
619 894 712 960 γὰρ
758 899 816 962 τῇ
857 901 940 947 τοῦ
985 896 1276 962 γεννήματος
1321 899 1492 966 θεωρία
1542 901 1617 949 καὶ
1661 899 1728 949 ἐπ’
1774 896 1916 949 αὐτὸν

323 977 501 1044 ἥξομεν
527 976 609 1027 τὸν
637 977 911 1042 γεννήτορα.
963 980 1016 1029 οὐ
1042 978 1135 1045 γάρ
1161 981 1305 1042 ἐστιν,
1333 980 1416 1031 οὐκ
1441 979 1573 1030 ἔστιν
1599 981 1911 1048 ἀμφιβαλεῖν,
1938 996 1987 1021 10

323 1058 393 1108 ὅτι
419 1057 502 1108 τὸν
526 1057 644 1109 Υὶόν
669 1082 737 1112 τις
770 1060 1032 1129 ὑφεστάναι
1068 1061 1306 1112 πιστεύων
1333 1063 1480 1115 οὕτως
1515 1064 1577 1115 ὡς
1612 1062 1728 1121 υἱὸν,
1757 1060 1840 1113 τὸν
1865 1064 1915 1113 ἐκ

321 1143 404 1203 τῆς
444 1141 607 1194 οὐσίας
647 1143 768 1209 φημὶ
809 1147 892 1193 τοῦ
932 1143 1266 1208 γεννήσαντος,
1301 1143 1476 1195 εἵσεται
1515 1143 1572 1208 δὴ
1611 1143 1800 1199 πάντως
1838 1147 1914 1195 καὶ

322 1221 405 1273 τὸν
435 1222 638 1289 Πατέρα.

401 1304 539 1355 Κατὰ
574 1305 658 1368 μὲν
690 1306 771 1356 οὖν
802 1305 887 1369 τὴν
920 1307 1258 1374 ἁπλουστέραν
1291 1309 1366 1360 καὶ
1406 1307 1683 1374 ἀπερίεργον
1708 1312 1908 1373 γνῶσιν,

356 1387 379 1404 ΓΙ
513 1389 530 1403 Ἰ
706 1391 714 1404 3
814 1390 823 1403 Ι
968 1388 980 1403 Χ
1153 1393 1172 1402 Α
1346 1395 1355 1408 5
1426 1390 1437 1406 l
1674 1391 1684 1409 Ι
1797 1392 1811 1407 X
1895 1389 1906 1406 Χ

282 1406 303 1432 C
324 1409 469 1440 ουτως
496 1411 554 1437 αν
581 1411 649 1441 τις
675 1392 848 1453 οιηθειη
873 1412 1018 1456 τυχον
1043 1397 1276 1454 λαλησαι·
1320 1414 1356 1442 ει
1384 1393 1431 1441 δε
1458 1414 1524 1460 τῳ
1553 1394 1709 1455 δοκοιη
1737 1413 1813 1440 και
1839 1392 1913 1440 δια
1936 1406 1981 1444 15

323 1474 514 1519 λεπτῶν
553 1470 775 1536 ἔρχεσθαι
814 1471 1074 1535 νοημάτων,
1115 1475 1177 1526 ὡς
1215 1475 1291 1523 καὶ
1330 1474 1397 1524 ἐπ’
1439 1471 1585 1536 αὐτὴν
1623 1477 1718 1522 τῶν
1750 1494 1907 1538 πραγ-

321 1548 484 1612 μάτων
514 1551 686 1602 ἐλάσαι
725 1551 810 1615 τὴν
844 1551 1076 1616 βάσανον,
1104 1554 1397 1618 ἀληθεύοντα
1431 1554 1580 1605 πάλιν
1609 1554 1797 1620 εὑρήσει
1829 1551 1914 1604 τὸν

322 1633 453 1683 Υὶόν.
517 1634 695 1702 διανοίᾳ
729 1634 814 1694 μὲν
850 1633 943 1700 γὰρ
981 1634 1149 1703 ἁπάσῃ
1184 1641 1430 1691 παντελῶς
1463 1636 1706 1704 ἀχώρητος
1745 1636 1773 1700 ἡ
1812 1636 1913 1686 θεία

322 1715 468 1782 φύσις
508 1717 623 1778 ἐστὶ,
664 1718 738 1766 καὶ
780 1717 829 1766 τί
866 1718 964 1767 κατ’
1007 1718 1175 1768 οὐσίαν
1214 1719 1238 1768 ὁ
1280 1723 1375 1768 τῶν
1414 1718 1541 1769 ὅλων
1579 1717 1913 1784 γενεσιουργὸς

319 1802 505 1858 τολμᾶν
543 1797 666 1850 ὅλως
704 1796 1104 1864 περιεργάζεσθαι,
1144 1800 1524 1866 φρενοβλαβείας
1567 1799 1759 1864 ἀπάσης
1794 1798 1910 1851 ἀπό-
1933 1822 1982 1846 20

320 1879 464 1947 δειξιν
502 1879 612 1946 ἔχει.
682 1878 812 1943 πλὴν
848 1880 952 1930 ἔστι
990 1903 1092 1934 πως
1134 1881 1254 1945 ἡμᾶς
1296 1905 1414 1944 τινα,
1454 1884 1517 1935 ὡς
1555 1883 1604 1932 ἐν
1641 1886 1796 1935 σκιαῖς
1835 1884 1911 1933 καὶ

319 1960 609 2025 αἰνίγμασιν,
637 1961 927 2028 ἐρανίζεσθαι
958 1967 1151 2028 γνῶσιν,
1179 1962 1445 2030 κάτοπτρον
1477 1963 1639 2030 ὥσπερ
1673 1986 1717 2015 τι
1751 1987 1906 2030 παρα-

318 2042 528 2096 τιθέντας
567 2047 632 2112 τῷ
671 2043 741 2094 νοὶΙ
779 2048 873 2094 τῶν
904 2043 1102 2095 ἐνόντων
1131 2044 1557 2110 πλεονεκτημάτων
1582 2050 1640 2113 τῇ
1679 2051 1762 2096 τοῦ
1793 2049 1912 2096 Υἱοῦ

320 2124 465 2191 φύσει
503 2124 585 2176 τὸν
624 2125 909 2191 κατάλογον.
963 2126 1018 2195 ἐξ
1055 2125 1119 2176 ὧν
1157 2126 1250 2194 γάρ
1288 2129 1419 2179 ἐστιν
1455 2128 1606 2191 αὐτὸς,
1643 2130 1717 2178 καὶ
1756 2128 1813 2196 ἐξ
1846 2125 1911 2178 ὧν

274 2214 301 2254 d
320 2206 565 2271 εἴργασται
593 2206 842 2272 γενόμενος
868 2207 1132 2272 ἄνθρωπος,
1162 2213 1237 2259 καὶ
1263 2208 1356 2274 πρὸ
1382 2212 1466 2273 τῆς
1491 2208 1905 2276 ε’νανθρωπήσεως,
1931 2229 1978 2267 25

319 2287 566 2353 ἀναλόγως
605 2288 662 2338 ἄν
688 2311 757 2341 τις
796 2290 869 2339 ἐπὶ
907 2288 992 2352 τὴν
1018 2295 1100 2340 τοῦ
1135 2289 1351 2344 τεκόντος
1389 2291 1531 2341 αὐτὸν
1561 2292 1759 2357 θεωρίαν
1792 2291 1908 2342 ἀνίοι

319 2368 504 2419 λοιπόν.
576 2369 663 2435 ὅρα
711 2369 804 2435 γάρ
854 2393 933 2433 μοι
984 2369 1070 2434 τὴν
1115 2373 1316 2423 ἐνοῦσαν
1368 2374 1494 2442 αὐτῷ
1544 2372 1691 2442 δόξαν
1735 2375 1907 2423 τεκαὶ

319 2451 528 2514 δύναμιν,
570 2451 723 2510 βλέπε
772 2451 858 2515 τὴν
902 2453 975 2521 ἐφ’
1016 2452 1198 2504 ἅπασιν
1236 2454 1628 2521 ἀπαραπόδιστον
1665 2454 1903 2523 ἐξουσίαν.

317 2532 368 2583 τί
388 2532 480 2599 γὰρ
509 2534 616 2584 εἶπέ
631 2557 711 2597 μοι
739 2536 814 2584 καὶ
841 2539 936 2585 τῶν
963 2535 1079 2601 ὑπὲρ
1106 2535 1270 2601 λόγον,
1298 2538 1383 2588 οὐκ
1417 2537 1675 2603 ἐλευθέροις
1711 2538 1908 2600 νεύμασι

317 2616 628 2680 κατορθώσας
655 2617 833 2682 ὁρᾶται,
861 2619 934 2667 καὶ
962 2617 1055 2683 πρὸ
1082 2617 1263 2684 σαρκὸς
1289 2621 1364 2670 καὶ
1391 2619 1510 2682 μετὰ
1536 2618 1716 2686 σαρκός
1739 2641 1751 2681 ;
1795 2621 1906 2670 ἀλλ’
1930 2639 1979 2675 30

318 2698 345 2746 ὁ
382 2703 611 2750 τοσοῦτος
647 2698 756 2762 ἡμῖν
789 2698 843 2749 δι’
873 2700 1028 2750 αὐτῶν
1060 2701 1223 2768 ὀφθεὶς
1258 2705 1352 2752 τῶν
1384 2701 1682 2767 πραγμάτων
1709 2709 1735 2731 “
1754 2700 1904 2766 Ἐγὼ,

320 2785 347 2807 “
375 2780 513 2846 φησὶ,
539 2781 614 2830 καὶ
650 2781 674 2830 ὁ
705 2780 874 2847 Πατὴρ
909 2781 956 2831 ἕν
990 2783 1149 2846 ἐσμεν·
1196 2783 1220 2832 ὁ
1257 2782 1470 2849 ἑωρακὼς
1506 2783 1583 2847 ἐμὲ
1618 2783 1789 2850 ἑώρακε
1825 2782 1908 2833 τὸν

370 2901 423 2932 14.
450 2890 508 2925 οὖν
526 2904 595 2925 om.
617 2892 657 2926 E.
826 2902 880 2939 25.
909 2892 1085 2939 εἴργασται
1106 2894 1145 2928 E.
1168 2893 1233 2929 Ed.
1253 2907 1322 2939 mg.
1344 2894 1498 2940 εἴργασαι
1519 2895 1584 2930 Ed,
1756 2907 1813 2940 31,
1840 2899 1906 2931 τῶν

318 2944 542 2981 assumptum
562 2951 601 2973 cx
624 2940 663 2973 E.
