1971 3272
105 151 189 192 viii.
209 163 278 207 54.
487 157 559 196 IN
602 158 645 199 S.
679 159 1015 203 JOANNEM.
1080 164 1203 205 LIB.
1229 166 1305 206 VI.
1613 173 1690 211 123

104 261 203 329 ἥξω
227 262 464 328 ῥημάτων.
516 268 578 318 ὡς
604 267 790 334 ἄμαχον
816 269 998 335 ζήτημα
1033 294 1107 322 και
1142 274 1379 339 πρότασιν
1406 278 1489 327 οὐκ
1519 278 1686 328 εὐανά-

103 365 302 408 τρεπτον
326 346 665 410 προτεινόντων
689 355 783 400 τῶν
808 352 1100 403 ἨΙουδαιων
1074 357 1140 404 αεὶ
1175 358 1249 406 καὶ
1283 357 1522 422 λεγόντων
1551 368 1576 388 “
1602 359 1687 424 Μη
1752 360 1886 443 ῗέιῖιπξῧι

104 431 129 453 “
157 447 220 474 συ
254 427 419 493 μείζων
450 427 491 479 εἰ
526 435 609 480 τοῦ
644 432 824 498 πατρὸς
860 457 991 497 ημων
1017 437 1308 501 Αβραάμ,
1285 462 1417 493 οστις
1453 442 1684 492 ἀπεθανε·
1675 484 1685 502 ‚
1859 435 1864 442 ι

119 509 231 556 6και
258 512 299 558 οἱ
325 514 568 578 προφηται
594 513 842 565 ἀπέθανον·
871 538 974 566 τινα
1001 518 1204 569 σεαυτὸν
1229 527 1373 575 ποιεῖς
1391 521 1435 584 ;”
1465 525 1689 586 οἰομένων

58 603 80 641 5
103 585 151 637 δε
188 589 307 639 κατὰ
342 592 568 655 ἀλήθειαν
607 596 678 644 ὅτι
717 618 793 646 και
831 597 1116 666 τεθνήξεται,
1157 604 1231 652 καὶ
1275 604 1570 656 ὑποκεισεται
1612 629 1687 657 και

101 670 239 723 αὐτὸς
274 673 461 744 θανατῳ
498 698 573 726 και
612 681 786 746 φθορᾷ,
814 701 890 729 και
927 681 1010 731 οὐκ
1048 682 1182 732 ἐσται
1208 685 1375 750 μείζων
1402 687 1520 737 κατὰ
1547 694 1687 739 τοῦτο

99 757 182 802 τοῦ
207 775 256 803 τε
281 755 507 822 ξΑβραόιμ
532 762 606 808 καὶ
633 763 727 810 τῶν
753 761 901 825 ἁγίων
927 768 1200 831 προφητῶν,
1229 769 1531 832 φρονούντων
1557 793 1605 820 τε
1632 770 1687 822 τὸ

98 835 324 900 παράπαν
349 839 481 888 οὐδὲν
517 839 642 893 ὅλως
674 842 796 907 μέγα
822 845 928 909 περὶ
956 846 1111 896 αὐτοῦ’
1155 848 1325 899 λοιπὸν
1358 851 1621 916 ἀναγκαίως
1660 854 1684 903 6
1705 862 1731 903 b

103 916 275 983 Κύριος
309 920 441 984 ἡμῶν
467 921 658 985 Ἰησοῦς
694 924 718 973 ὁ
745 923 978 991 Χριστὸς,
1011 928 1035 977 6
1070 930 1120 978 ἐκ
1150 933 1232 993 τῆς
1258 937 1342 981 τοῦ
1368 932 1686 997 γεννήσαντος

30 1022 77 1047 ιο
98 998 368 1064 οἱϊδιότητος,
413 1001 562 1054 ἀΐδιον
609 1005 750 1056 αὐτὸν
795 1006 909 1057 ὄντα
955 1009 1166 1061 δεικνύει·
1228 1011 1304 1062 διὰ
1347 1014 1486 1065 τουτό
1533 1021 1686 1083 φησιν

87 1077 240 1132 Ἐστιν
271 1089 288 1134 ὁ
323 1087 471 1153 Πατήρ
504 1109 589 1153 μου
626 1092 643 1138 ὁ
680 1084 870 1158 δοξάζων
902 1114 978 1156 με.
1035 1091 1089 1142 τό
1119 1091 1272 1145 Εστιν
1303 1096 1351 1146 ἐν
1382 1119 1563 1150 τουτοις
1598 1099 1685 1166 οὐχ

96 1162 263 1216 ἁπλῶς
297 1163 404 1215 οὐδε
438 1167 772 1227 αβασανιστον
808 1176 1017 1223 νοεῖσθαι
1053 1175 1358 1239 βουλόμενος,
1385 1179 1598 1232 τεθεικὼς
1635 1179 1683 1230 δὲ

93 1247 285 1306 μᾶλλον
311 1247 425 1298 αὐτὸ
452 1250 514 1303 ὡς
538 1255 620 1300 τοῦ
647 1249 762 1301 εἰναι
788 1251 870 1302 τὸν
900 1253 1091 1319 Πατερα
1119 1259 1430 1321 σημαντικόν
1488 1262 1512 1311 6
1551 1260 1655 1311 δὲ’
1633 1285 1684 1312 εκ

94 1331 177 1376 τοῦ
207 1326 341 1381 ὄντος
369 1330 560 1396 Πατρὸς
596 1331 810 1399 άῤῥήτως
845 1338 1185 1401 γεγεννημένος
1211 1339 1338 1403 Υἱὸς,
1366 1342 1683 1407 συνεπάγεται

27 1421 73 1462 15
95 1407 244 1472 δήπου
280 1411 469 1466 πάντως
503 1413 558 1464 τὸ
594 1420 677 1465 τοῦ
712 1415 1031 1481 γεννήσαντος
1068 1420 1198 1484 ἴδιον,
1226 1423 1443 1473 τουτέστι
1468 1423 1522 1474 τὸ
1548 1422 1677 1475 εἶναι.

93 1491 313 1556 κρείττων
345 1495 426 1545 οὖν
461 1494 553 1561 ἄρα
591 1499 666 1547 καὶ
693 1497 920 1564 Ἀβραὰμ
959 1502 1035 1551 καὶ
1073 1507 1169 1553 τῶν
1194 1509 1472 1572 προφητῶν·
1516 1510 1558 1557 οἱ
1596 1505 1721 1570 μένο

92 1572 185 1639 γὰρ
210 1575 464 1627 τεθνάασιν
489 1580 552 1631 ὡς
586 1585 796 1645 γηγενεῖς
831 1585 1015 1645 θνητῶν
1042 1582 1171 1638 ὄντες
1206 1587 1439 1653 πατέρων·
1485 1590 1509 1638 6
1547 1588 1595 1640 δὲ
1631 1591 1681 1640 ἐκ

89 1660 171 1705 τοῦ
197 1655 330 1711 ὄντος
355 1659 672 1725 ἀπερινοήτως
695 1662 1012 1728 προελθὼν,’
990 1687 1122 1716 εστιν
1149 1669 1215 1717 ἀει
1249 1668 1613 1737 δοξαζόμενος
1591 1671 1681 1721 υπὸ

88 1741 171 1786 τοῦ
198 1739 314 1790 ἰδίου
343 1740 549 1807 Πατρός,
578 1744 665 1811 οὐχ
691 1746 753 1797 ὡς
785 1743 928 1813 δόξης
960 1747 1157 1811 ἐπιδεής·
1199 1750 1434 1809 βασιλευς
1468 1775 1562 1818 γαρ
1598 1755 1680 1816 τῆς
1743 1762 1797 1838 fg
1813 1764 1904 1794 xxiii.

21 1834 70 1860 20
89 1817 230 1888 δόξης
268 1822 414 1873 ἐστίν·
468 1825 677 1878 ἀλλ’ὡς
715 1825 836 1893 ἔχων
875 1850 1108 1895 καυχημα,
1144 1829 1198 1880 τὸ
1237 1832 1294 1900 ἐξ
1329 1834 1477 1884 ἀιδίου
1516 1857 1679 1899 γεννη-
1788 1831 1794 1838 ’

88 1904 223 1965 θῆναι
272 1903 477 1970 Πατρὸς,
524 1905 670 1960 ἀίδιός
714 1930 764 1957 τε
809 1907 884 1958 διὰ
930 1915 1069 1961 τοῦτο
1122 1912 1349 1981 ὑπαρχων
1393 1917 1469 1965 καὶ
1515 1914 1674 1979 αὐτὸς,

87 1982 309 2048 ἐπάγεται
337 1985 430 2051 γὰρ
464 1987 705 2042 οὐσιωδῶς
741 1988 796 2039 τὸ
834 1996 917 2040 τοῦ
954 1990 1171 2047 τεκόντος
1206 1995 1409 2062 ἀξίωμα.
1463 1996 1678 2060 ἀδικήσει

85 2071 334 2131 τοιγαροῦν
373 2067 505 2119 οὐδὲν
544 2073 606 2123 εἷς
649 2068 896 2139 ὑπόληψιν
934 2071 1020 2136 τὴν
1059 2077 1297 2141 θεοπρεπῆ
1337 2075 1419 2127 τὸν
1453 2078 1583 2140 Υἱὸν,
1621 2077 1675 2129 τὸ

85 2145 231 2214 δόξαν
257 2149 399 2199 αὐτοῦ
426 2149 656 2216 λέγεσθαι
681 2151 765 2202 τὸν
793 2153 1003 2220 Πατέρα,
1031 2157 1128 2207 ἐπεὶ
1166 2160 1241 2208 καὶ
1277 2158 1416 2212 αὐτὸς
1451 2160 1475 2209 6
1505 2159 1675 2226 Πατὴρ

17 2241 66 2281 25
85 2228 326 2297 δοξάζεται
361 2229 415 2281 τὸ
453 2231 614 2295 ὅμοιον
636 2233 767 2300 παρὰ
803 2241 885 2286 τοῦ
910 2240 1043 2300 Υῐοῦ,
1071 2239 1158 2306 οὐχ
1192 2241 1254 2293 ὡς
1290 2240 1434 2309 δόξης
1467 2241 1668 2306 ἐπιδεὴς,
1693 2251 1720 2292 d

83 2311 193 2361 ἀλλ’
220 2313 403 2380 ἐπείπερ
438 2313 616 2379 ἡγεῖται
652 2318 727 2366 καὶ
765 2315 858 2384 ἔχει
894 2317 1040 2386 δόξαν
1065 2318 1118 2370 τὸ
1144 2321 1355 2372 τοιούτου
1381 2323 1672 2388 γεννήματος

83 2384 355 2456 γνωσθῆναι
398 2394 602 2461 Πατέρα,
647 2397 763 2448 ἰδίου
805 2399 1026 2463 δηλονότι
1071 2403 1171 2452 κατ’
1212 2402 1354 2453 αὐτὸν
1398 2410 1480 2455 τοῦ
1525 2409 1665 2457 Θεοῦ.

81 2471 156 2523 διὰ
193 2474 286 2541 γάρ
324 2498 395 2526 τοι
433 2482 572 2527 τοῦτο
611 2480 687 2528 καὶ
726 2479 864 2534 αὐτὸς
904 2482 928 2530 6
964 2481 1078 2535 Υἱὸς
1113 2485 1176 2537 ὡς
1209 2484 1329 2550 πρὸς
1363 2484 1446 2536 τὸν
1473 2486 1666 2552 Πατέρα

82 2559 211 2622 φησί
251 2563 278 2586 “
305 2555 479 2623 Πάτερ,
524 2559 736 2627 δόξασόν
779 2583 872 2612 σου
923 2562 1006 2613 τὸν
1051 2563 1181 2627 Υἱὸν,
1230 2566 1306 2616 ἵνα
1355 2569 1430 2616 καὶ
1481 2569 1505 2617 6
1550 2567 1664 2620 Υἱὸς
1726 2575 1835 2649 Ξῖξὸχ

132 2688 162 2712 Ι.
189 2678 435 2723 εὐανάτρεπτον
452 2680 614 2714 emendat
634 2681 762 2737 Hey.se
781 2683 1015 2727 εὐανατρεπῶν
1034 2685 1075 2720 Β.
1094 2685 1130 2719 εὖ
1150 2685 1267 2719 Holst.
1287 2686 1356 2721 Ed.
1504 2700 1537 2729 4.
1564 2689 1617 2721 καὶ
1635 2689 1666 2722 οἱ

81 2726 256 2769 προφῆται
274 2724 457 2769 ἀπέθανον]
472 2741 525 2759 και
543 2728 574 2760 οἱ
591 2727 733 2771 πατέρες
750 2729 917 2763 ἀπέθανον
935 2732 987 2763 καὶ
1002 2732 1032 2764 οἱ
1045 2733 1221 2776 προφῆται
1236 2732 1403 2767 ἀπέθανον
1415 2733 1457 2766 B.
1472 2734 1535 2768 Ht.
1547 2746 1665 2768 emen-

83 2769 177 2804 davit
195 2777 286 2805 lecte
304 2778 344 2805 ut
362 2771 432 2805 vid.
450 2773 545 2806 Aub.
664 2786 696 2818 9.
722 2776 740 2807 ὁ
759 2776 882 2818 pxius
873 2784 1098 2820 assumptum
1117 2790 1158 2811 ex
1180 2778 1222 2811 Β.
1342 2790 1395 2812 12.
1423 2779 1666 2819 ἀβασανίστως

83 2827 113 2850 a.
133 2816 209 2852 Cat.
232 2817 330 2851 Harl.
458 2831 510 2861 14.
538 2818 634 2855 ὄντος
654 2820 695 2854 B.
699 2832 729 2854 a.
748 2821 852 2856 ὅντως
872 2823 934 2856 Ht.
957 2823 1023 2857 Ed.
1099 2824 1169 2859 υἱὸς
1187 2836 1257 2860 om.
1276 2837 1306 2859 a.
1375 2825 1499 2859 Statim
1519 2829 1665 2861 συνεπά-

83 2876 178 2907 γεται
196 2875 227 2898 a
246 2864 406 2909 ἐπάγεται
426 2864 492 2899 Ed
686 2866 739 2900 16.
766 2882 819 2901 και
837 2867 952 2913 prius]
977 2873 1014 2909 -Ι-
1035 2872 1095 2903 τοῦ
1113 2882 1401 2916 a.17.
1426 2873 1606 2907 τεθνάασιν
1624 2875 1666 2908 Β.

83 2909 239 2944 τεθνᾶσιν
256 2922 286 2945 a.
305 2911 507 2954 τεθνήκασιν
526 2911 589 2946 Ht.
610 2912 677 2947 Ed.
906 2916 960 2949 18.
986 2917 1192 2961 προσελθὼν
1210 2917 1252 2951 Β.
1273 2918 1337 2952 Ht.
1356 2918 1552 2953 emendavit
1569 2920 1664 2954 Aub.

86 2965 140 3000 29.
164 2957 283 3000 πάτερ,
302 2957 453 3000 δόξασόν
470 2957 552 3003 σου]
571 2959 678 3003 πάτερ
698 2959 849 3003 δόξασόν
865 2975 918 3005 με,
932 2962 1040 3007 πάτερ
1058 2962 1209 3006 δόξασόν
1226 2978 1292 2998 σου
1310 2964 1351 2999 Β.
1367 2965 1566 3001 emendavit
1586 2966 1648 3001 Ht.

841 3028 912 3057 112
