2001 3231
261 105 317 145 86
664 107 715 147 Β.
749 106 1026 147 CYRILLI
1067 107 1447 147 ALEXANDR.
1679 104 1763 146 viii.
1783 116 1849 156 42.

221 222 246 262 d
266 215 348 265 τὸν
375 214 499 266 Θεὸν
526 214 698 281 Λόγον,
726 215 802 266 ὅτε
830 216 1025 281 γέγονεν
1052 217 1318 283 ἄνθρωπος·
1361 221 1501 267 τοῦτο
1528 214 1621 281 γὰρ
1652 214 1700 264 ε”ν
1727 235 1853 264 τισιν

265 297 396 366 ἔδοξε
441 303 536 348 τῶν
580 299 788 349 ἀνοσίων
832 302 1089 364 αἱρετικῶν·
1149 298 1410 365 ε’κλήψεται
1455 297 1502 348 δὲ
1547 301 1736 360 μᾶλλον
1779 297 1852 345 καὶ

264 380 536 434 ἀκολούθως
568 379 622 430 τὸ
654 380 908 445 εἰρημένον,
936 382 1011 431 καὶ
1038 380 1200 444 νοήσει
1226 380 1373 431 πάλιν
1400 381 1624 441 εὐσεβῶς.
1680 379 1733 428 οὐ
1759 376 1853 443 γὰρ

263 462 360 512 ἐπεὶ
399 465 589 529 συνῆψε
628 461 710 515 τὰς
749 462 914 530 λέξεις,
941 461 996 512 τό
1034 485 1082 512 τε
1109 461 1310 531 Ἐξῆλθον
1341 465 1417 512 καὶ
1454 460 1508 512 τό
1536 460 1671 511 ’Ί-Ικω
1707 463 1849 528 φημὶ,

264 542 522 611 ὀμόχρονος
548 544 682 595 ἔσται
709 542 898 597 πάντως
924 549 980 612 τῇ
1009 542 1189 609 γενέσει
1216 547 1299 608 τῆς
1324 543 1503 610 σαρκὸς
1531 545 1555 594 ὁ
1584 544 1633 593 ἐκ
1662 540 1854 607 Πατρὸς
1873 556 1894 593 5

265 625 437 690 Λόγος,
465 628 576 676 ἀλλ’
606 626 794 695 ἑκάστῳ
829 631 923 677 τῶν
949 649 1310 689 σημαινομενων
1336 626 1389 677 τὸ
1423 626 1603 691 πρέπον
1627 623 1848 690 διατηρή-

263 730 428 771 σομεν.
487 708 681 774 πρώτην
719 708 804 771 μὲν
843 707 937 774 γὰρ
983 707 1068 772 τὴν
1107 714 1190 759 τοῦ
1224 709 1385 774 Λόγου
1423 730 1644 773 γεννησιν
1682 705 1768 770 τὴν
1805 707 1854 755 ἐκ

265 793 392 840 Θεοῦ
429 791 680 854 νοουμένην
712 788 930 858 ἀνάρχως
968 788 1085 841 εἶναι
1124 813 1200 841 και
1239 790 1355 856 ὑπὲρ
1394 795 1504 840 νοῦν
1532 787 1850 840 πιστεύοντες·

264 869 335 922 διο
374 874 449 922 καὶ
489 871 782 939 προτεθειται
820 874 868 922 ἐν
904 876 970 942 τῷ
1004 871 1125 938 Ἐγω
1166 896 1216 924 εκ
1254 874 1326 923 τοῦ
1360 874 1473 923 Θεου
1512 870 1696 941 εξηλθον·
1739 871 1767 934 ἡ
1807 868 1855 920 δὲ

226 954 469 1020 θδευτέρα,
508 954 750 1005 τουτέστιν
791 955 818 1018 ἡ
871 954 991 1005 κατὰ
1038 953 1197 1021 σάρκα
1236 951 1353 1006 Οὐδὲ
1398 953 1488 1023 γὰρ
1534 956 1620 1005 ἀπ’
1665 954 1925 1020 ἐμαυτοῧῐο

263 1035 469 1098 ἐλήλυθα,
504 1040 614 1086 ἀλλ’
645 1037 799 1091 ἐκεῖνός
832 1060 892 1104 με
926 1036 1207 1088 ἀπέστειλεν.
1263 1037 1541 1103 ἐσαρκώθην
1577 1037 1682 1086 καθ’
1716 1037 1851 1098 ὑμᾶς,

264 1118 494 1180 τουτέστι,
538 1117 712 1183 γέγονα
756 1118 1018 1181 ἅνθρωπος,
1065 1120 1113 1169 ἐν
1157 1119 1340 1187 εὐδοκία
1387 1142 1436 1168 τε
1481 1124 1564 1168 τοῦ
1611 1122 1736 1168 Θεοῦ
1780 1119 1855 1168 καὶ

267 1199 459 1266 Πατρὸς
492 1200 732 1269 ἀφικόμην
760 1202 807 1250 ἐν
835 1203 951 1269 τῷδε
989 1205 1056 1270 τῷ
1090 1200 1258 1270 κόσμῳ
1297 1200 1628 1269 διαλεξόμενος
1665 1202 1772 1264 ὑμῖν
1797 1199 1857 1252 τὰ

263 1281 394 1347 παρὰ
422 1286 562 1345 Θεοῦ,
591 1285 666 1333 καὶ
693 1283 947 1349 γνωρίσων
974 1285 1057 1334 οὐκ
1084 1283 1233 1333 εἰδόσι
1269 1283 1327 1334 τὰ
1363 1283 1548 1348 ὅσαπερ
1581 1284 1707 1352 αὐτῷ
1737 1281 1857 1333 κατὰ

262 1364 457 1429 γνώμην
499 1365 644 1416 ἐστίν.
713 1366 823 1415 ἀλλ’
867 1366 950 1415 οὐκ
993 1364 1292 1430 ἠγαπήσατε,
1335 1368 1473 1434 φησὶ,
1514 1364 1597 1416 τὸν
1637 1367 1686 1416 ἐκ
1731 1366 1856 1418 θείας
1878 1386 1925 1423 15

265 1448 370 1509 ὑμῖν
409 1448 744 1514 ἀναδειχθέντα
783 1447 1065 1511 βουλήσεως
1107 1451 1308 1513 Σωτῆρα
1353 1450 1428 1498 καὶ
1469 1447 1694 1513 ποδηγόν.
1755 1451 1856 1500 πῶς

39 1548 193 1584 554Α.
224 1531 345 1582 θοῦν
383 1529 447 1580 ε”τι
487 1535 784 1597 χρηματιεῖτε
824 1530 963 1580 τέκνα
1004 1533 1144 1591 Θεοῦ,
1186 1529 1214 1594 ἢ
1255 1529 1374 1580 κατὰ
1414 1531 1517 1580 τίνα
1557 1528 1734 1595 τρόπον
1773 1531 1857 1593 τῆς

263 1612 383 1679 πρὸς
428 1611 570 1663 αὐτὸν
615 1612 896 1675 οἰκειότητος
947 1614 1303 1678 ἀποκερδανεῖτε
1350 1613 1435 1676 τὴν
1481 1610 1632 1680 χάριν,
1676 1611 1759 1662 τὸν
1802 1610 1859 1679 ἐξ

264 1696 407 1746 αὑτοῦ
446 1694 510 1759 μὴ
547 1694 866 1758 τιμήσαντες;
912 1693 1034 1747 εἰκὸς
1073 1693 1121 1745 δὲ
1157 1694 1214 1758 δή
1248 1718 1292 1745 τι
1326 1694 1475 1746 πάλιν
1503 1695 1856 1745 ὑπαινίττεσθαι

264 1776 347 1828 τὸν
379 1777 569 1843 Κύριον,
597 1779 671 1827 καὶ
709 1781 1099 1827 καθυλακτοῦντα
1129 1775 1282 1840 μάτην
1317 1778 1460 1827 αὑτοῦ
1497 1781 1592 1827 τῶν
1617 1777 1856 1827 Ἰουδαίων
1878 1797 1926 1821 20

265 1859 348 1910 τὸν
387 1863 536 1923 δῆμον
576 1858 907 1925 κατασιγάζέιν
946 1858 1218 1924 ἐπείγεσθαι
1257 1863 1331 1910 καὶ
1378 1861 1453 1910 διὰ
1500 1863 1593 1909 τῶν
1632 1857 1856 1909 τοιούτων

265 1941 505 2008 ῥημάτων.
573 1942 622 1992 τί
662 1940 709 1991 δὲ
754 1941 846 2007 ἄρα
891 1939 945 1992 τὸ
990 1941 1377 2005 ὑποδηλούμενόν
1415 1943 1539 2003 ἐστι,
1583 1942 1636 1992 δι’
1678 1941 1857 2006 ὀλίγων

266 2025 474 2090 ἐροῦμεν.

345 2107 533 2156 Πολλοὶ
573 2104 703 2170 παρὰ
744 2109 841 2158 τοῖς
880 2106 1122 2158 Ἰουδαίοις
1166 2105 1249 2156 τὸν
1287 2104 1371 2168 μὲν
1410 2110 1534 2156 θεῖον
1575 2105 1684 2171 παρ’
1726 2102 1857 2155 οὐδὲν

267 2187 516 2252 ἡγούμενοι
557 2186 727 2254 φόβον,
768 2185 1082 2253 θαυμάζοντες
1125 2186 1173 2237 δὲ
1216 2189 1291 2238 καὶ
1333 2187 1671 2255 ἀποδεχόμενοι
1710 2186 1856 2251 μόνας
1880 2208 1928 2246 25

266 2268 350 2323 τὰς
384 2269 440 2337 ἐξ
471 2268 734 2335 ἀνθρώπων
761 2267 911 2331 τιμὰς,
940 2273 1014 2318 καὶ
1048 2272 1264 2335 αἰσχρῶν
1290 2269 1554 2333 λημμάτων
1580 2269 1853 2332 ἡττώμενοι,

44 2359 139 2433 ἓξὲξ
156 2402 192 2433 16
221 2357 248 2398 b
267 2350 579 2420 προφητεύειν
606 2350 890 2413 ἀπετόλμων
915 2349 974 2400 τὰ
996 2357 1022 2379 “
1043 2351 1136 2401 α’πὸ
1163 2351 1353 2416 καρδίας
1381 2352 1557 2402 ἑαυτῶν
1584 2356 1857 2412 λαλοῦντες,

130 2428 135 2434 ’
196 2427 202 2433 ’
269 2440 296 2462 “
322 2435 397 2483 καὶ
425 2434 508 2483 οὐκ
535 2431 628 2483 ἀπὸ
656 2431 896 2495 στόματος
925 2431 1143 2497 Κυριόυ,”
1165 2432 1287 2482 καθὰ
1315 2432 1591 2499 γέγραπται.
1642 2435 1716 2483 καὶ
1742 2437 1858 2497 γοῦν

42 2541 96 2573 ῃ),
115 2551 164 2573 21,
268 2514 405 2569 αὐτὸς
433 2516 457 2565 ὁ
487 2513 680 2566 πάντων
709 2512 964 2578 Δεσπότης
991 2516 1212 2581 ε’πῃτιᾶτο
1239 2515 1395 2579 λέγων
1416 2523 1441 2543 “
1460 2515 1565 2565 Οὐκ
1592 2516 1859 2565 ἀπέστελον

269 2604 294 2627 “
319 2595 426 2650 τοῦς
453 2596 720 2665 προφήτας,
748 2596 830 2645 οὐκ
858 2595 1080 2657 ἐλάλησα
1105 2594 1223 2662 πρὸς
1250 2595 1431 2659 αὐτοὺς,
1458 2598 1534 2646 καὶ
1562 2597 1692 2647 αὐτοὶ
1717 2617 1857 2662 προε-
1879 2615 1928 2651 3ο

268 2686 293 2708 “
321 2678 570 2748 φήτευον·”
625 2676 758 2728 ἀλλὰ
797 2680 871 2727 καὶ
911 2677 1105 2743 δράσειν
1144 2677 1312 2732 αὐτοὺς
1352 2677 1412 2728 τὰ
1450 2677 1578 2729 δεινὰ
1617 2678 1857 2741 ἐπηπείλει

317 2831 345 2853 1.
372 2820 408 2853 ἕν
424 2834 515 2854 τισιν
532 2819 635 2854 habet
657 2819 697 2853 Β.
798 2829 828 2863 7.
856 2833 916 2852 του
933 2821 993 2852 τοῦ
1014 2819 1055 2853 Β.
1075 2819 1134 2862 τὴν
1150 2822 1210 2853 τοῦ
1228 2819 1429 2854 emendavit
1448 2818 1566 2853 Holst.
1678 2829 1731 2852 10.
1758 2833 1855 2852 τουτ-

264 2865 358 2900 έστιν
375 2873 597 2910 assumptum
617 2878 658 2900 ex
678 2865 719 2899 B.
893 2876 945 2899 12.
973 2865 1042 2899 κατ’
1061 2866 1215 2901 εὐδοκίαν
1232 2878 1262 2900 a.
1432 2877 1486 2910 29.
1513 2865 1706 2900 ἀπέστελον
1727 2864 1768 2899 Β.
1791 2864 1852 2898 Ht.

265 2912 453 2946 ἀπέστειλα
472 2912 566 2945 Aub.
