2037 3266
312 118 397 159 486
716 122 766 162 B.
799 121 1078 163 CYRILLI
1119 122 1501 165 ALEXANDR.
1732 125 1816 165 xiv.
1838 136 1904 167 20.

315 224 520 279 θάνατον
548 228 740 297 φύσεως
772 230 886 282 ὄντα
917 234 1001 296 τῆς
1036 233 1344 300 φθειρομένης
1378 232 1462 285 τὸν
1488 234 1751 301 ἄνθρωπον,
1778 237 1815 285 εἶ
1840 234 1906 297 μὴ

306 303 400 372 ’τὴν
431 310 635 378 ἀρχαίαν
667 313 843 378 ἐκείνην
876 315 1192 377 ἀνεκομίσατο
1230 315 1382 383 χάριν,
1416 318 1492 367 καὶ
1524 317 1726 384 μετέσχε
1759 316 1907 367 πάλιν

313 395 397 441 τοῦ
434 390 493 441 τὰ
531 391 687 445 πάντα
726 394 845 461 πρὸς
883 394 938 446 τὸ
977 394 1093 446 εἶναι
1127 397 1410 464 συνέχοντος
1447 402 1572 449 Θεοῦ
1611 399 1686 448 καὶ
1725 396 1902 464 ζωογο-

315 478 506 527 νοῦντος
545 477 600 526 δι’
629 480 746 528 Υἱοῦ
784 478 833 527 ἐν
862 476 1118 540 Πνεύματι.
1175 479 1477 544 κεκοινώνηκε
1515 481 1672 531 τοίνυν
1710 480 1907 544 αἵματος

267 556 390 604 ὒκαὶ
429 556 621 623 σαρκὸς,
661 558 890 621 τουτέστι,
929 559 1121 625 γέγονεν
1160 560 1425 627 ἅνθρωπος,
1463 561 1553 628 ζωὴ
1593 562 1712 613 κατὰ
1756 563 1947 630 φύσιν5

314 635 553 704 ὑπάρχων,
581 640 655 689 καὶ
694 641 743 690 ἐκ
781 638 899 705 ζωῆς
934 643 1017 703 τῆς
1050 640 1170 691 κατὰ
1205 642 1357 710 φύσιν
1389 643 1735 708 γεγεννημένος,
1763 666 1903 694 τουτ-

314 718 419 769 έστι
459 725 541 770 τοῦ
575 724 700 771 Θεοῦ
739 723 815 772 καὶ
853 721 1059 788 Πατρὸς,
1087 723 1110 773 ὁ
1149 724 1429 789 Μονογενὴς
1464 726 1606 776 αὑτοῦ
1634 724 1804 791 Λόγος,
1832 726 1907 776 ἵνα

313 803 371 867 τῇ
407 802 690 871 φθειρομένῃ
725 804 868 869 σαρκὶ
904 802 1024 854 κατά
1059 827 1112 870 γε
1149 804 1232 857 τὸν
1258 805 1408 872 λόγον
1434 810 1516 868 τῆς
1544 807 1660 860 ἰδίας
1691 809 1901 876 φύσεως,

313 881 525 949 ἀῤῥήτως
570 907 618 935 τε
671 888 746 936 καὶ
797 885 1062 954 ἀφράστως
1112 889 1188 938 καὶ
1239 889 1302 942 ὡς
1345 887 1484 942 αὐτὸς
1528 889 1699 954 ε”γνωκε
1745 887 1903 953 μόνος,

314 964 479 1015 ἑαυτὸν
514 966 696 1020 ἑνώσας
734 966 852 1033 πρὸς
891 966 978 1031 τὴν
1017 969 1136 1019 ἰδίαν
1169 970 1312 1020 αὑτοῦ
1353 971 1622 1038 ἀνακομίσῃ
1660 969 1793 1037 ζωὴν,
1829 974 1904 1021 καὶ
1927 995 1975 1020 10

95 1049 206 1080 1Tim.

90 1104 114 1124 u
137 1102 154 1133 5
314 1046 515 1114 μέτοχον
540 1049 766 1117 ἀποδείξῃ
801 1049 855 1100 δι’
884 1050 1049 1100 ἑαυτοῦ
1075 1056 1158 1101 τοῦ
1185 1055 1311 1102 Θεοῦ
1342 1055 1418 1102 καὶ
1446 1052 1653 1119 Πατρός.
1708 1054 1906 1117 μεσίτης

314 1127 409 1195 γάρ
433 1131 537 1180 ἐστι
564 1134 689 1181 Θεοῦ
717 1134 792 1182 καὶ
827 1133 1103 1199 ἀνθρώπων,
1131 1132 1251 1184 κατὰ
1277 1132 1330 1185 τὸ
1357 1133 1698 1201 γεγραμμένον,
1725 1138 1791 1204 τῷ
1820 1134 1906 1197 μὲν

315 1214 424 1281 Θεῷ
460 1214 536 1262 καὶ
567 1214 722 1279 Πατρῖ
761 1218 977 1282 φυσικῶς
1017 1217 1080 1269 ὡς
1113 1214 1235 1268 Θεὸς
1273 1219 1348 1267 καὶ
1384 1217 1440 1286 ἐξ
1475 1218 1618 1268 αὐτοῦ
1657 1216 1900 1268 συναπτό-

273 1314 461 1357 ομενος,
495 1295 760 1360 ἀνθρώποις
798 1296 846 1346 δὲ
884 1295 1033 1349 πάλιν
1071 1298 1133 1350 ὡς
1172 1298 1433 1364 ἅνθρωπος,
1466 1300 1542 1349 καὶ
1581 1299 1702 1366 ἔχων
1736 1299 1821 1363 μὲν
1856 1301 1905 1350 ἐν

88 1388 247 1428 Heb-i-3·
313 1378 461 1446 ἑαυτῷ
498 1376 581 1427 τὸν
610 1378 802 1444 Πατέρα
840 1380 916 1429 καὶ
955 1378 1019 1429 ὧν
1055 1378 1195 1433 αὐτὸς
1234 1382 1282 1431 ἐν
1320 1385 1386 1450 τῷ
1428 1382 1603 1446 Πατρί·
1658 1381 1903 1449 χαρακτὴρ
1926 1402 1973 1440 15

311 1456 405 1524 γάρ
444 1460 547 1509 ἐστι
587 1462 662 1510 καὶ
701 1459 1002 1526 ἀπαύγασμα
1039 1465 1122 1525 τῆς
1162 1463 1475 1517 ὑποστάσεως
1513 1465 1669 1526 αὐτοῦ,
1703 1465 1757 1514 οὐ
1792 1467 1901 1515 διω-

309 1541 533 1605 ρισμένος
566 1544 649 1605 τῆς
687 1542 866 1604 οὐσίας,
894 1543 948 1608 ἧς
979 1545 1082 1594 ε’στι
1116 1544 1359 1611 χαρακτὴρ
1385 1547 1461 1596 καὶ
1495 1546 1552 1614 ἐξ
1584 1546 1637 1610 ἧς
1669 1546 1902 1612 πρόεισιν,

312 1624 374 1676 ὡς
413 1624 725 1690 ἀπαύγασμα,
752 1626 862 1675 ἀλλ’
892 1628 940 1676 ἐν
973 1627 1090 1694 αὐτῇ
1130 1649 1179 1677 τε
1219 1626 1283 1677 ὧν
1316 1627 1468 1690 αὐτὸς,
1496 1630 1572 1678 καὶ
1610 1627 1730 1695 ε”χων
1761 1627 1907 1692 αὐτὴν

312 1707 361 1756 ἐν
387 1707 552 1775 ἑαυτῷ·
595 1707 715 1771 ἡμᾶς
750 1707 798 1758 δὲ
832 1708 980 1759 πάλιν
1006 1709 1126 1776 ἔχων
1152 1711 1200 1759 ἐν
1226 1712 1388 1778 ἑαυτῷ,
1417 1710 1534 1761 καθὸ
1566 1710 1651 1775 τὴν
1679 1711 1906 1776 ἡμετεραν

311 1788 550 1855 πεφόρηκε
603 1789 767 1858 φύσιν,
819 1791 894 1840 καὶ
946 1795 1090 1854 σῶμα
1140 1797 1223 1842 τοῦ
1276 1792 1439 1857 Λόγου
1490 1791 1798 1860 κεχρημάτικε
1851 1791 1904 1843 τὸ
1924 1821 1973 1845 20

87 1872 194 1956 {2³1³
211 1873 231 1904 i.
311 1870 535 1937 ἡμέτερον
577 1876 735 1934 σῶμα.
808 1871 942 1941 σὰρξ
990 1871 1083 1939 γὰρ
1135 1874 1159 1923 ὁ
1204 1873 1363 1939 Λόγος
1406 1875 1602 1940 ἐγένετο,
1651 1874 1770 1925 κατὰ
1819 1873 1906 1939 τὴν

267 1952 531 2004 (1Ἰωάννου
572 1953 753 2022 φωνήν.
822 1955 1062 2021 πεφόρηκε
1102 1953 1150 2005 δὲ
1191 1954 1276 2019 τὴν
1315 1956 1544 2023 ἡμετέραν
1584 1956 1747 2025 φύσιν,
1787 1956 1906 2022 πρὸς

311 2033 397 2098 τὴν
436 2035 557 2086 ἰδίαν
595 2035 742 2100 αὐτὴν
780 2035 1098 2087 ἀναπλάττων
1138 2037 1274 2103 ζωήν.
1335 2038 1438 2088 ε”στι
1477 2038 1526 2089 δὲ
1564 2040 1640 2089 καὶ
1679 2037 1817 2092 αὐτὸς
1857 2040 1906 2089 ἐν

310 2117 436 2180 ἡμῖν·
497 2117 688 2185 μέτοχοι
741 2117 834 2183 γὰρ
886 2120 1028 2168 αὐτοῦ
1079 2118 1251 2172 πάντες
1311 2119 1584 2186 γεγόναμεν,
1636 2123 1711 2171 καὶ
1764 2119 1906 2171 αὐτὸν

311 2198 479 2265 ε”χομεν
515 2202 563 2250 ἐν
599 2201 777 2252 ἑαυτοῖς
817 2198 893 2250 διὰ
931 2206 1014 2250 τοῦ
1055 2199 1347 2264 Πνεύματος·
1405 2202 1482 2252 διὰ
1520 2201 1613 2267 γὰρ
1652 2208 1791 2253 τοῦτο
1829 2204 1904 2253 καὶ
1922 2227 1970 2265 25

312 2281 436 2333 θείας
489 2280 680 2350 φύσεως
724 2279 984 2346 γεγόναμεν
1029 2284 1241 2332 κοινωνοὶ
1284 2285 1359 2332 καὶ
1405 2286 1490 2333 υἱοὶ
1536 2284 1900 2350 χρηματίζομεν,

313 2364 434 2413 οὕτω
461 2365 536 2413 καὶ
563 2362 705 2413 αὑτὸν
729 2362 913 2429 ἔχοντες
940 2365 988 2412 ἐν
1014 2363 1192 2416 ἑαυτοῖς
1216 2363 1298 2414 τὸν
1328 2365 1522 2431 Πατέρα
1554 2365 1630 2414 διὰ
1655 2371 1738 2415 τοῦ
1764 2369 1899 2415 Υἱοῦ.

88 2462 249 2496 Ga1.iv.6.
312 2446 388 2495 καὶ
418 2444 711 2511 μαρτυρήσει
746 2443 900 2510 λέγων
927 2445 951 2494 ὁ
982 2448 1178 2498 Παῦλος
1207 2452 1233 2474 “
1252 2445 1366 2496 “Ort
1394 2447 1448 2496 δέ
1469 2448 1577 2498 ἐστε
1606 2450 1705 2509 υἱοὶ,
1729 2447 1900 2516 ἐξαπέ-

312 2534 340 2556 “
366 2534 558 2578 στειλεν
593 2527 617 2576 ὁ
654 2525 775 2580 Θεὸς
807 2525 861 2576 τὸ
898 2529 1095 2590 Πνεῦμα
1129 2533 1212 2578 τοῦ
1239 2531 1357 2578 Υἱοῦ
1393 2529 1535 2580 αὐτοῦ
1570 2533 1633 2583 εἷς
1667 2528 1751 2582 τὰς
1787 2551 1899 2595 καρ-

312 2617 340 2639 “
367 2611 467 2663 δίας
514 2611 643 2673 ὑμῶν
684 2607 853 2674 κράζων
890 2607 1055 2669 Ἀββᾶ
1097 2610 1121 2659 ὁ
1161 2609 1366 2676 πατήρ.”
1429 2611 1483 2661 οὐ
1523 2611 1617 2678 γὰρ
1663 2611 1820 2677 ἕτερόν
1857 2633 1900 2661 τι
1919 2638 1969 2675 30

361 2799 392 2823 2.
417 2789 520 2822 πάλιν
538 2793 760 2832 assumptum
780 2799 820 2821 ex
842 2787 882 2821 E.
1026 2799 1058 2832 3.
1087 2790 1316 2833 ζωογονοῦντα
1336 2789 1376 2823 Ε.
1522 2799 1623 2835 7-11.
1652 2790 1682 2823 A
1701 2791 1838 2832 Πατρὸς
1855 2789 1899 2823 ad

312 2837 448 2878 Πατρός
466 2835 614 2868 transilit
635 2835 675 2868 E.
973 2845 1028 2879 23.
1054 2835 1424 2870 ἀναπλάττων-αὐτὸς
1441 2848 1512 2870 om.
1534 2837 1588 2875 E„
1607 2837 1724 2870 invitis
1745 2835 1899 2870 Catenis.

314 2892 368 2922 24.
393 2883 514 2918 πάντες
538 2883 724 2926 γεγόναμεν
743 2880 835 2914 Catt.
856 2881 900 2924 (c.
919 2881 1177 2926 imperfectum)
1197 2886 1479 2927 προσγεγόναμεν
1498 2883 1539 2917 E.
1556 2884 1687 2918 πάντως
1713 2884 1899 2928 γεγόναμεν

314 2927 380 2962 Ed.
524 2939 580 2973 30.
607 2928 698 2971 ὑμῶν
715 2939 745 2961 a.
766 2927 831 2961 Ed.
851 2928 942 2971 ἡμῶν
960 2939 989 2961 c.
1010 2927 1116 2962 Cord.
