2037 3266
321 134 404 172 522
723 133 774 173 B.
809 134 1082 174 CYRILLI
1123 133 1502 174 ALEXANDR.
1738 132 1907 174 xiv 28.

322 241 486 306 ὀρθῶς.
538 242 897 306 τετελειωμένου
936 242 1030 309 γὰρ
1069 242 1160 306 ἤδη
1200 245 1276 293 καὶ
1314 247 1377 297 εἷς
1415 242 1559 308 πέρας
1597 242 1791 305 ἥκοντος·
1829 244 1912 289 τοῦ

322 328 484 388 καιροῦ
535 324 609 375 ἐπὶ
658 327 742 388 τῆς
793 325 1043 389 νοουμένης
1091 329 1157 394 τῷ
1203 328 1470 390 Μονογενεῖ
1510 321 1765 384 κενώσεως,
1810 320 1914 385 ἤτοι

323 405 665 468 ταπεινώσεως,
697 407 780 456 οὐκ
813 407 869 474 ἐξ
900 404 966 456 ὧν
997 407 1161 472 ὁρᾶται
1200 406 1522 470 κεκενωμένος,
1549 409 1739 466 μᾶλλον
1773 401 1821 454 δὲ
1860 401 1914 470 ἐξ

323 484 388 537 ὧν
422 488 526 538 ἐστι
565 487 685 538 κατὰ
724 487 874 555 φύσιν
900 486 1037 546 Θεὸς,
1075 487 1396 553 διακηρύττειν
1434 510 1482 538 τε
1521 485 1664 537 αὐτὸν
1701 487 1777 536 καὶ
1815 486 1907 536 ἐπι-

279 568 574 634 ᾶγινώσκειν
625 570 872 634 ἐπείγεται.
952 569 1250 634 γνωσθέντος
1302 568 1395 635 γὰρ
1447 567 1583 637 ἅπαξ
1631 570 1706 618 καὶ
1755 589 1909 632 παρα·
1933 584 1955 623 5

323 651 568 717 δεχθέντος
617 656 699 701 τοῦ
751 650 822 701 ὅτι
873 650 1068 716 γέγονεν
1113 650 1379 717 ἄνθρωπος,
1427 651 1513 701 ἔδει
1557 648 1727 700 λοιπὸν
1771 650 1913 699 ἐκεῖνο

322 731 635 783 διδάσκεσθαι
670 731 777 787 τοὺς
812 731 1207 794 πεπιστευκότας,
1238 731 1308 783 ὅτι
1344 735 1419 783 καὶ
1455 730 1575 785 Θεὸς
1609 729 1729 782 κατὰ
1763 729 1914 799 φύσιν

321 816 437 876 ἐστὶ,
468 813 543 864 διὰ
578 820 719 865 τοῦτο
754 819 946 878 μᾶλλον
976 819 1072 868 τοῖς
1107 814 1392 880 θεοπρεπέσι
1427 816 1532 880 περὶ
1573 814 1717 864 αὐτοῦ
1751 810 1912 878 λόγοις

320 893 350 959 ἢ
377 900 472 949 τοῖς
498 895 667 963 ἑτέροις
694 895 930 965 ἐφήδεται.

395 976 634 1043 Θαυμάζω
673 977 721 1029 δὲ
759 977 887 1032 ὅπως
921 980 1004 1029 οὐκ
1040 981 1243 1048 ἐρυθριᾷ,
1272 979 1440 1045 λέγων,
1469 981 1531 1032 ὡς
1569 977 1757 1044 ἐπείπερ
1791 975 1914 1040 μόνα
1936 999 1984 1024 10

100 1064 206 1139 {sgrea
321 1058 381 1110 τὰ
405 1060 604 1126 ὁμογενῆ
634 1100 659 1123 ,,
676 1059 762 1124 τὴν
787 1059 906 1127 πρὸς
932 1060 1128 1124 ἄλληλα
1154 1062 1410 1127 σύγκρισιν
1436 1061 1708 1128 ἐπιδέχεται,
1733 1057 1914 1125 ἀνάγκη

132 1139 137 1146 ’
322 1181 350 1204 ,,
368 1140 537 1195 αὐτοὺς
558 1143 873 1208 ὁμολογῆσαι,
891 1142 960 1193 ὅτι
983 1144 1007 1193 ὁ
1028 1143 1196 1209 Πατὴρ
1221 1143 1387 1209 μείζων
1404 1145 1487 1207 τῆς
1505 1147 1588 1193 τοῦ
1611 1146 1915 1207 Μονογενοῦς

322 1263 348 1286 ,,
368 1222 587 1288 θεότητος
613 1223 854 1292 ὑπάρχει.”
885 1225 968 1275 οὐκ
989 1225 1263 1276 αἰσθάνεται
1283 1224 1389 1292 γὰρ,
1409 1227 1470 1278 ὡς
1496 1224 1629 1287 εἰκὸς,
1647 1223 1728 1275 τὸν
1748 1227 1914 1274 οἰκεῖον

283 1307 470 1375 εὲαυτῷ
505 1305 769 1374 ἐξοπλίσας
805 1306 968 1372 λόγον·
1009 1306 1186 1372 λεγέτω
1223 1306 1315 1374 γὰρ
1353 1307 1462 1371 ἡμῖν
1488 1308 1632 1357 ἐκεῖνο
1667 1304 1914 1374 χρησίμως

321 1388 510 1454 ἐρέσθαι
548 1389 859 1452 βουλομένοις
899 1392 960 1439 Αἱ
998 1388 1117 1455 πρὸς
1159 1389 1357 1453 ἄλληλα
1396 1393 1491 1440 τῶν
1529 1389 1755 1451 ὁμοειδῶν
1793 1409 1913 1452 συγ-
1936 1413 1983 1451 15

320 1469 511 1534 κρίσεις,
539 1469 633 1521 ἀπὸ
659 1471 808 1521 ποίων
833 1475 1026 1534 μᾶλλον
1054 1472 1342 1521 ἐπιτελοῖντο
1375 1470 1798 1536 πρεπωδέστερον;
1840 1467 1910 1534 ἆρ’

320 1551 377 1619 ἐξ
408 1548 472 1601 ὧν
500 1554 606 1614 εἱσι,
634 1550 754 1602 κατά
788 1575 842 1617 γε
876 1551 958 1603 τὸν
983 1551 1139 1603 κοινὸν
1165 1555 1248 1616 τῆς
1284 1552 1475 1620 φύσεως
1509 1550 1671 1617 λόγον,
1699 1550 1727 1616 ἢ
1763 1552 1819 1620 ἐξ
1849 1549 1914 1602 ὧν

321 1632 524 1683 ἕκαστον
556 1633 648 1700 ε”χει
684 1638 779 1684 τῶν
811 1633 906 1684 ὅσα
940 1633 1257 1700 προσγίνεταί
1288 1656 1337 1684 τε
1372 1635 1448 1684 καὶ
1482 1633 1774 1698 ἀπογίνεται,
1806 1634 1907 1684 ἐνυ-

320 1714 490 1782 πάρχει
528 1738 578 1765 τε
618 1717 692 1765 καὶ
731 1716 814 1766 οὐκ
852 1714 1114 1783 ἐνυπάρχει,
1148 1717 1202 1766 δι’
1234 1716 1383 1769 αἰτίας
1422 1714 1679 1780 εὐλόγους;
1731 1714 1828 1765 οἷον
1866 1714 1913 1765 δὲ

321 1795 378 1859 δή
411 1819 456 1846 τι
495 1797 630 1865 φημί·
670 1798 940 1863 παραθήσω
979 1796 1072 1863 γὰρ
1110 1799 1253 1848 ἐκεῖνο
1289 1796 1457 1858 λαβὼν
1488 1797 1602 1863 ὅπερ
1636 1795 1774 1850 αὐτὸς
1804 1797 1913 1860 ἡμῖν
1934 1823 1985 1848 20

321 1877 638 1941 εἱσκεκόμικεν
663 1883 726 1932 εἷς
751 1879 1131 1945 παραδείγματος
1157 1878 1321 1944 λόγον·
1373 1879 1436 1930 Εἴ
1466 1902 1535 1933 τις
1570 1879 1804 1946 ἀνθρώπῳ
1829 1877 1913 1929 τὸν

322 1960 571 2026 ἄνθρωπον
591 1959 814 2025 ἐθελήσαι
841 1962 1124 2027 συγκρίνειν,
1142 1965 1204 2015 εἰς
1230 1960 1314 2025 μὲν
1340 1961 1422 2012 τὸν
1447 1961 1528 2011 ἕνα
1554 1963 1628 2011 καὶ
1656 1960 1810 2010 κοινὸν
1830 1962 1912 2024 τῆς

102 2057 190 2092 849
205 2056 257 2092 A.
283 2066 305 2090 a
323 2042 486 2095 οὐσίας
522 2043 811 2111 ἀποβλέψας
845 2042 1009 2108 λόγον,
1039 2042 1258 2105 οὐδεμίαν
1283 2044 1350 2094 ἐπ’
1379 2045 1556 2111 ἀμφοῖν
1583 2044 1705 2108 εὕροι
1737 2044 1909 2110 διαφο-

320 2124 423 2191 ράν·
463 2123 567 2175 οὐδὲ
600 2123 692 2191 γὰρ
728 2125 975 2191 ἅνθρωπος
1001 2124 1252 2190 ἀνθρώπου
1277 2126 1441 2176 διοίσει
1467 2123 1593 2186 ποτὲ,
1621 2122 1741 2174 κατά
1770 2146 1826 2189 γε
1856 2123 1910 2174 τὸ

322 2204 437 2256 εἶναι
465 2206 582 2274 ζῷον
599 2206 809 2271 λογικὸν,
828 2204 1012 2269 θνητὸν,
1032 2211 1112 2256 νοῦ
1140 2208 1215 2256 καὶ
1240 2205 1503 2269 ἐπιστήμης
1529 2204 1750 2256 δεκτικόν·
1777 2206 1911 2259 οὗτος
1932 2234 1981 2272 25

322 2287 416 2352 γὰρ
440 2288 488 2337 ἐν
513 2286 710 2349 ἅπασιν,
731 2287 794 2341 εἷς
818 2311 867 2338 τε
894 2290 975 2351 τῆς
1003 2286 1166 2340 οὐσίας
1192 2288 1334 2350 αὐτῆς
1358 2286 1478 2352 ὅρος·
1512 2287 1623 2336 ἀλλ’
1646 2287 1745 2336 οὐδ’
1768 2286 1911 2341 ἵππος

321 2368 469 2419 ἵππου
510 2368 609 2418 κατ’
645 2368 758 2418 αὐτό
795 2391 848 2433 γε
887 2373 1026 2418 τοῦτο
1064 2366 1119 2418 τὸ
1157 2367 1299 2421 ἵππος
1344 2366 1463 2419 εἶναί
1500 2371 1636 2436 φημι,
1676 2366 1910 2435 διαφέρειν

323 2449 372 2500 δὲ
417 2449 667 2516 ἄνθρωπον
708 2450 973 2516 ἀνθρώπου,
1017 2451 1124 2501 καθ’
1166 2449 1329 2514 ἥντινα
1374 2451 1456 2501 οὖν
1495 2449 1774 2514 ἐπιστήμην,
1814 2448 1910 2500 οἷον

322 2530 668 2598 γραμματικὴν,
694 2530 723 2595 ἢ
760 2535 834 2582 καὶ
870 2532 978 2583 καθ’
1008 2531 1189 2599 ἑτέρους
1223 2531 1352 2585 τινας
1391 2533 1654 2583 τοιουτουσὶ
1688 2530 1905 2597 τρόπους.

321 2614 453 2664 ἀλλὰ
488 2620 636 2665 ταῦτα
671 2613 758 2678 μὲν
788 2615 874 2682 οὐχ
911 2614 1087 2683 ἅψεται
1121 2617 1205 2678 τῆς
1240 2614 1418 2676 οὐσίας,
1453 2614 1603 2665 αἰτίαν
1638 2612 1686 2664 δὲ
1719 2617 1910 2676 μᾶλλον
1932 2642 1981 2677 30

322 2697 482 2761 {Te'pav
509 2695 722 2763 λαχόντα
754 2697 985 2763 φαίνεται.
1040 2695 1172 2746 ἀλλὰ
1210 2697 1285 2746 καὶ
1324 2695 1467 2749 ἵππος
1504 2697 1589 2759 μὲν
1619 2695 1766 2746 ἵππου
1802 2697 1909 2761 δρο-

278 2776 589 2842 1>μικώτερος,
629 2777 656 2841 ἢ
705 2777 823 2828 κατὰ
864 2782 1005 2841 σῶμα
1047 2778 1187 2841 μείων
1225 2776 1253 2841 ἢ
1299 2777 1741 2843 περιπληθέστερος,
1778 2776 1909 2840 πλὴν

375 2898 427 2931 17.
455 2889 563 2922 κοινὸν
581 2890 635 2931 τῆς
657 2888 796 2932 φύσεως
814 2889 880 2923 hoe
898 2889 1019 2923 ordine
1038 2890 1080 2923 E.
1188 2901 1242 2923 20.
1270 2887 1308 2932 δὴ
1328 2900 1396 2922 om.
1418 2888 1458 2922 E.
1556 2899 1612 2933 32.
1639 2887 1907 2931 περιπληθέστε-

323 2948 381 2976 ρος
403 2934 437 2967 F.
456 2936 790 2981 περιλειπιθέστερος
812 2937 851 2971 E.
869 2935 1196 2980 περιλιπηθέστερος
1215 2935 1281 2970 Ed.
1300 2950 1356 2980 γρ.
1374 2933 1658 2979 περιλιπέστερος
1676 2934 1742 2968 Ed.
1761 2946 1833 2979 mg.
