2037 3266
325 164 410 206 532
727 167 778 208 Β.
810 167 1086 209 CYRILLI
1127 167 1511 209 ALEXANDR.
1742 162 1911 216 xiv.31·

326 297 419 326 συν
462 276 588 347 αὐτῷ
637 281 788 328 πᾶσιν
831 277 941 341 ἡμῖν
985 277 1214 342 ἐσομένην
1256 279 1591 341 κατασημῆναι
1636 272 1811 335 θέλων,
1857 267 1913 321 τό

326 357 566 424 Ἐγείρεσθε
605 358 787 428 οἶγωμεν
821 358 995 411 ε’ντεῧθεν
1028 361 1268 428 ἐπιφωνεῖ·
1315 360 1391 410 ἵνα
1430 381 1475 410 τι
1512 362 1723 409 τοιοῦτον
1762 356 1824 408 ὡς
1864 353 1914 403 ἐν

328 440 525 509 ἀληθείᾳ
550 443 719 504 νοῆσαι
744 440 1016 505 μέλλωμεν,
1047 441 1140 492 ἀπὸ
1167 441 1251 504 μὲν
1278 440 1481 492 θανάτου
1506 439 1625 506 πρὸς
1651 436 1791 504 ζωὴν,
1820 434 1914 486 ἀπὸ

329 520 377 572 δὲ
405 526 587 590 φθορᾶς
613 527 675 577 εἷς
699 524 989 591 ἀφθαρσίαν,
1010 524 1064 573 δι’
1088 523 1229 574 αὐτοῦ
1255 545 1305 574 τε
1331 526 1406 573 καὶ
1431 521 1523 573 σὺν
1549 522 1686 590 αὐτῷ,
1705 517 1914 583 καθάπερ

329 602 448 672 ἔφην
488 605 669 671 ἀρτίως,
713 607 773 658 ὡς
816 604 910 655 ἀπό
953 628 1076 659 τινος
1120 604 1268 656 τόπου
1308 608 1593 671 μεταχωρεῖν
1633 606 1696 656 εἷς
1737 601 1909 667 ἕτερον.
1934 615 1957 653 5

330 690 488 740 καλῶς
527 687 608 737 οὖν
639 686 732 753 ἄρα
769 686 823 738 τό
854 686 1095 756 Ἐγείρεσθε
1133 685 1316 755 ἄγωμεν
1351 685 1524 738 ἐντεῦθεν
1560 691 1725 751 φησιν·
1771 682 1800 748 ἢ
1839 684 1915 733 καὶ

330 768 437 817 καθ’
467 767 623 834 ἕτερόν
657 791 760 819 τινα
798 768 976 835 τρόπον
1010 769 1082 838 ἐφ’
1112 768 1242 832 ἡμῶν
1278 769 1432 819 αὐτῶν
1465 766 1656 835 ἐκλήψῃ
1695 763 1749 816 τὸ
1788 768 1911 831 εἰρη-

330 849 484 913 μένον.
547 850 809 914 ἐμέλλομεν
851 852 940 915 ἤδη
985 852 1306 915 μεθίστασθαι
1350 852 1399 901 ἐκ
1439 857 1522 902 τοῦ
1569 854 1726 918 φιλεῖν
1766 846 1827 899 τὰ
1869 849 1918 898 ἐν

331 929 499 1002 κόσμῳ
539 936 729 1001 φρονεῖν
768 937 830 987 εἷς
868 932 923 984 τὸ
964 933 1159 984 ἑλέσθαι
1198 936 1314 999 δρᾶν
1352 932 1526 983 ἐθέλειν
1557 931 1611 984 τὸ
1650 934 1819 982 δοκοῦν
1852 933 1919 999 τῷ

109 1020 195 1055 856
210 1020 260 1055 A·
291 1017 441 1082 89εῴ
473 1016 548 1064 καὶ
584 1015 648 1065 ἔτι
684 1015 803 1081 πρὸς
837 1015 1003 1084 τούτῳ,
1030 1016 1079 1066 ἐκ
1117 1015 1331 1068 δουλείας
1365 1016 1628 1083 ἀναφοιτᾶν
1652 1018 1714 1067 εἷς
1747 1011 1802 1064 τὸ
1836 1014 1918 1072 τῆς
1942 1029 1991 1055 10

331 1096 565 1150 υἱοθεσίας
601 1097 800 1166 ἀξίωμα,
828 1096 920 1149 ἀπὸ
956 1100 1045 1162 γῆς
1080 1101 1143 1150 εἷς
1177 1096 1263 1161 τὴν
1290 1098 1386 1148 ἅνω
1420 1096 1576 1159 πόλιν,
1603 1096 1660 1165 ἐξ
1691 1095 1920 1161 ἁμαρτίας

329 1181 393 1231 εἷς
419 1179 734 1242 δικαιοσύνην,
760 1178 845 1243 τὴν
872 1177 948 1229 διὰ
973 1179 1180 1233 πίστεως
1207 1178 1254 1230 δὲ
1281 1177 1501 1243 δηλονότι
1527 1181 1611 1242 τῆς
1637 1180 1685 1229 ἐν
1704 1179 1919 1246 Χριστῷ,

330 1260 388 1328 ἐξ
422 1261 716 1327 ἀκαθαρσίας
754 1264 837 1324 τῆς
872 1261 1167 1327 ἀνθρωπίνης
1203 1265 1264 1315 εἷς
1299 1259 1381 1311 τὸν
1417 1259 1492 1310 διὰ
1529 1265 1612 1311 τοῦ
1646 1259 1922 1322 Πνεύματος

332 1342 586 1407 ἁγιασμὸν,
613 1343 670 1412 ἐξ
693 1345 879 1407 ἀτιμίας
904 1347 967 1396 εἷς
994 1343 1155 1412 δόξαν,
1182 1343 1238 1412 ἐξ
1261 1344 1462 1406 ἀμαθίας
1493 1346 1555 1395 εἷς
1589 1341 1800 1404 σύνεσιν,
1827 1338 1921 1391 ἀπὸ

332 1422 382 1475 δὲ
409 1425 583 1478 δειλίας
608 1427 684 1475 καὶ
711 1426 962 1492 ἀνανδρίας
988 1429 1050 1479 εἷς
1076 1426 1329 1488 εὐτολμίαν
1355 1424 1442 1489 τὴν
1467 1425 1535 1475 ἐπ’
1559 1425 1769 1489 ἀγαθοῖς.
1945 1441 1992 1479 15

408 1505 573 1558 Τόπον
599 1508 681 1558 οὖν
715 1505 880 1573 ὥσπερ
913 1512 1010 1561 τοῖς
1045 1508 1119 1558 ἐπὶ
1159 1509 1246 1573 γῆς
1285 1507 1417 1571 ἡμῶν
1447 1503 1833 1570 πλημμελήμασι
1867 1501 1922 1554 τὸ

288 1587 493 1642 ὒένθάδε
532 1590 670 1642 τιθείς
700 1589 951 1659 Ἐγείρεσθε
982 1594 1134 1657 φησιν
1172 1589 1354 1657 ἄγωμεν
1394 1587 1578 1640 ἐντεῦθεν·
1635 1591 1673 1637 εὶ
1712 1585 1806 1653 γὰρ
1847 1586 1923 1636 καὶ

333 1668 451 1720 ὅσον
488 1670 598 1734 ἧκεν
636 1676 698 1724 εἷς
736 1671 790 1722 τὸ
829 1677 912 1722 τοῦ
952 1671 1100 1737 λόγου
1139 1674 1320 1739 σχῆμα,
1348 1672 1423 1721 καὶ
1464 1669 1629 1720 ἑαυτὸν
1666 1669 1775 1733 ἡμῖν
1808 1690 1920 1718 συν-

334 1750 485 1815 δήσας
521 1753 750 1821 φαίνεται,
778 1755 887 1804 ἀλλ’
917 1752 1050 1804 οὐδὲν
1082 1754 1202 1817 ἡμᾶς
1239 1752 1450 1817 ἀδικήσει
1486 1757 1624 1803 τοῦτο
1658 1755 1920 1811 παντελῶς,

334 1834 521 1900 ἐπείπερ
565 1836 691 1904 αὐτῷ
734 1841 872 1887 τοῦτο
923 1835 1125 1900 σύνηθες
1176 1838 1308 1902 δρᾶν.
1382 1837 1458 1886 καὶ
1501 1840 1618 1900 γοῦν
1661 1836 1710 1884 ἐν
1754 1832 1924 1896 ἑτέροις
1945 1856 1995 1881 20

109 1913 216 1995 ῗξΡΐ
334 1915 575 1967 ἁλώσεται
627 1917 782 1983 λέγων
825 1917 944 1984 πρὸς
987 1916 1096 1971 τοὺς
1140 1918 1304 1968 ἑαυτοῦ
1352 1916 1567 1982 μαθητάς
1609 1917 1814 1979 “”Ημᾶς
1859 1916 1930 1965 δεῖ

335 2004 363 2026 “
390 1996 667 2063 ἐργάζεσθαι
695 1999 754 2050 τὰ
780 2000 894 2066 ἔργα
920 2005 1003 2050 τοῦ
1030 1999 1311 2067 πέμψαντος
1337 2000 1457 2064 ἡμᾶς
1481 1998 1565 2052 ἕως
1599 1997 1745 2064 ἡμέρα
1775 1997 1922 2048 ἐστίν·

336 2086 363 2108 “
390 2080 573 2147 ἔρχεται
625 2079 726 2150 νὺξ,
772 2081 847 2132 ὅτε
901 2083 1048 2136 οὐδεὶς
1097 2082 1289 2132 δύναται
1340 2080 1686 2147 ἐργάσασθαι.”
1748 2078 1926 2132 ἀκούεις

336 2161 463 2215 ὅπως
502 2161 666 2213 ἑαυτὸν
699 2164 808 2226 ἡμῖν
838 2167 899 2217 εἷς
934 2163 988 2214 τὸ
1026 2162 1303 2230 ἐργάζεσθαι
1337 2163 1529 2230 πρέπειν
1557 2159 1922 2222 συναναπλέκει,

337 2244 484 2294 καίτοι
526 2246 592 2313 τῷ
634 2243 914 2310 ἐργάζεσθαι
959 2248 1053 2296 δεῖν
1093 2245 1200 2295 καθ’
1242 2245 1361 2309 ἡμᾶς
1405 2245 1459 2294 οὐ
1501 2243 1920 2306 συνυποκείμενος5
1948 2265 1996 2304 25

298 2326 447 2375 οάλλ’
491 2325 696 2391 εὐτριβὲς
741 2327 849 2389 ἡμῖν
886 2331 1025 2376 τοῦτο
1069 2332 1151 2377 τοῦ
1196 2325 1345 2391 λόγου
1389 2324 1443 2377 τὸ
1484 2327 1650 2392 σχῆμα
1694 2324 1769 2374 καὶ
1813 2323 1922 2388 παρ’

337 2407 446 2470 ἡμῖν
481 2408 634 2460 αὐτοῖς
673 2406 806 2458 οὐδὲν
844 2407 985 2471 ἧττον
1023 2408 1298 2474 εὑρήσομεν·
1341 2410 1416 2458 καὶ
1454 2412 1570 2474 γοῦν
1608 2406 1633 2456 ὁ
1672 2404 1926 2457 θεσπέσιος

341 2493 538 2542 Παῦλος
563 2488 830 2557 ἐπιπλήξας
859 2491 1125 2555 Κορινθίοις
1160 2496 1300 2541 τοῦτο
1333 2488 1630 2554 τετόλμηκεν,
1656 2485 1927 2538 ἐπιστέλλει

117 2563 219 2637 sfgr
339 2570 388 2622 δὲ
417 2570 505 2621 ὡδί
524 2578 551 2600 “
571 2574 736 2622 Ταῦτα
768 2570 830 2634 δὲ,
855 2572 1060 2640 ἀδελφοί
1089 2595 1192 2635 μου,
1219 2570 1610 2639 μετεσχημάτισα
1641 2573 1703 2622 εἰς
1728 2566 1926 2632 ἐμαυτὸν

339 2662 367 2684 “
394 2656 470 2705 καὶ
494 2655 744 2715 Ἀπολλῶ,
774 2653 848 2703 ἵνα
874 2655 922 2704 ἐν
949 2653 1058 2717 ἡμῖν
1085 2653 1264 2718 μάθητε
1290 2653 1344 2705 τὸ
1369 2652 1433 2717 μὴ
1462 2652 1575 2718 ὑπὲρ
1605 2650 1630 2702 ὃ
1663 2651 1925 2717 γέγραπται
1947 2671 1996 2708 30

341 2740 367 2762 ‘⁶
393 2736 629 2801 φρονεῖν.”
671 2735 742 2786 ὅτι
777 2733 824 2786 δὲ
855 2738 892 2785 εἱ
931 2738 1005 2786 καὶ
1040 2734 1105 2800 μὴ
1144 2736 1446 2787 συνυπαίτιον
1470 2738 1570 2788 ταῖς
1595 2734 1748 2784 αὐτῶν
1774 2733 1920 2782 ἀσθε-

393 2934 419 2956 1.
448 2927 685 2967 κατασημεῖναι
708 2925 744 2958 E.
1027 2936 1081 2959 22.
1109 2924 1186 2970 ἕως]
1208 2926 1250 2960 ὡς
1270 2924 1310 2958 Ε.
1580 2934 1636 2967 31.
1663 2923 1770 2956 αὐτῶν
1790 2921 1829 2955 Ε.
1849 2922 1924 2955 ἑαυ-

342 2973 407 3004 τῶν
427 2970 491 3003 Ed.
