<?xml version="1.0" encoding="UTF-8"?>
<!DOCTYPE html PUBLIC "-//W3C//DTD XHTML 1.0 Transitional//EN"
    "http://www.w3.org/TR/xhtml1/DTD/xhtml1-transitional.dtd">
<html xmlns="http://www.w3.org/1999/xhtml" xml:lang="en" lang="en">
 <head>
  <title>
</title>
<meta http-equiv="Content-Type" content="text/html;charset=utf-8" />
  <meta name='ocr-system' content='tesseract 3.04.00' />
  <meta name='ocr-capabilities' content='ocr_page ocr_carea ocr_par ocr_line ocrx_word'/>
</head>
<body>
  <div class='ocr_page' id='page_1' title='image "./operacyrilli04cyriuoft/operacyrilli04cyriuoft_0340.png"; bbox 0 0 2037 3266; ppageno 0'>
   <div class='ocr_carea' id='block_1_1' title="bbox 315 134 1901 190">
    <p class='ocr_par' dir='ltr' id='par_1_1' title="bbox 315 134 1901 190">
     <span class='ocr_line' id='line_1_1' title="bbox 315 134 1901 190; baseline -0.003 -11"><span class='ocrx_word' id='word_1_1' title='bbox 315 139 400 180; x_wconf 81' lang='lat'>328</span> <span class='ocrx_word' id='word_1_2' title='bbox 721 138 771 178; x_wconf 90' lang='grc' dir='ltr'>Β.</span> <span class='ocrx_word' id='word_1_3' title='bbox 806 137 1082 179; x_wconf 85' lang='lat' dir='ltr'>CYRILLI</span> <span class='ocrx_word' id='word_1_4' title='bbox 1123 136 1510 178; x_wconf 67' lang='lat' dir='ltr'><strong>ALEXANDR„</strong></span> <span class='ocrx_word' id='word_1_5' title='bbox 1657 134 1901 190; x_wconf 76' lang='lat' dir='ltr'><strong>xii.38—40.</strong></span> 
     </span>
    </p>
   </div>
   <div class='ocr_carea' id='block_1_2' title="bbox 274 241 1987 2444">
    <p class='ocr_par' dir='ltr' id='par_1_2' title="bbox 317 241 1906 396">
     <span class='ocr_line' id='line_1_2' title="bbox 317 241 1906 312; baseline -0.003 -14"><span class='ocrx_word' id='word_1_6' title='bbox 317 246 547 312; x_wconf 85' lang='grc' dir='ltr'>θήσεσθε.</span> <span class='ocrx_word' id='word_1_7' title='bbox 601 248 678 298; x_wconf 78' lang='grc' dir='ltr'>καὶ</span> <span class='ocrx_word' id='word_1_8' title='bbox 714 252 854 298; x_wconf 83' lang='grc' dir='ltr'>τοῦτο</span> <span class='ocrx_word' id='word_1_9' title='bbox 893 248 1035 310; x_wconf 83' lang='grc' dir='ltr'>δηλοῖ</span> <span class='ocrx_word' id='word_1_10' title='bbox 1067 244 1121 297; x_wconf 90' lang='grc' dir='ltr'>τό</span> <span class='ocrx_word' id='word_1_11' title='bbox 1154 246 1230 296; x_wconf 83' lang='grc' dir='ltr'>Οὐ</span> <span class='ocrx_word' id='word_1_12' title='bbox 1267 245 1333 309; x_wconf 86' lang='grc' dir='ltr'>μὴ</span> <span class='ocrx_word' id='word_1_13' title='bbox 1371 245 1510 309; x_wconf 77' lang='grc' dir='ltr'>ἰ’δητε.</span> <span class='ocrx_word' id='word_1_14' title='bbox 1562 244 1616 295; x_wconf 83' lang='grc' dir='ltr'>οὐ</span> <span class='ocrx_word' id='word_1_15' title='bbox 1653 242 1748 310; x_wconf 77' lang='grc' dir='ltr'>γὰρ</span> <span class='ocrx_word' id='word_1_16' title='bbox 1780 241 1906 295; x_wconf 77' lang='grc' dir='ltr'>εἶπεν</span> 
     </span>
     <span class='ocr_line' id='line_1_3' title="bbox 319 324 1901 396; baseline -0.004 -15"><span class='ocrx_word' id='word_1_17' title='bbox 319 329 391 381; x_wconf 80' lang='grc' dir='ltr'>ὅτι</span> <span class='ocrx_word' id='word_1_18' title='bbox 415 328 638 396; x_wconf 84' lang='grc' dir='ltr'>πωρώσω</span> <span class='ocrx_word' id='word_1_19' title='bbox 664 329 820 380; x_wconf 83' lang='grc' dir='ltr'>αὐτῶν</span> <span class='ocrx_word' id='word_1_20' title='bbox 844 327 928 382; x_wconf 78' lang='grc' dir='ltr'>τὰς</span> <span class='ocrx_word' id='word_1_21' title='bbox 955 328 1160 394; x_wconf 80' lang='grc' dir='ltr'><em>καρδίας,</em></span> <span class='ocrx_word' id='word_1_22' title='bbox 1189 330 1263 378; x_wconf 85' lang='grc' dir='ltr'>καὶ</span> <span class='ocrx_word' id='word_1_23' title='bbox 1288 326 1537 395; x_wconf 80' lang='grc' dir='ltr'>τυφλώσω</span> <span class='ocrx_word' id='word_1_24' title='bbox 1570 324 1678 380; x_wconf 78' lang='grc' dir='ltr'>τοὺς</span> <span class='ocrx_word' id='word_1_25' title='bbox 1710 326 1901 393; x_wconf 87' lang='grc' dir='ltr'>ὀφθαλ-</span> 
     </span>
    </p>

    <p class='ocr_par' dir='ltr' id='par_1_3' title="bbox 274 406 1983 1051">
     <span class='ocr_line' id='line_1_4' title="bbox 274 406 1907 476; baseline -0.003 -14"><span class='ocrx_word' id='word_1_26' title='bbox 274 414 302 456; x_wconf 86' lang='lat' dir='ltr'>b</span> <span class='ocrx_word' id='word_1_27' title='bbox 318 410 449 476; x_wconf 76' lang='grc' dir='ltr'>μους,</span> <span class='ocrx_word' id='word_1_28' title='bbox 477 411 589 462; x_wconf 82' lang='grc' dir='ltr'>ἀλλ’</span> <span class='ocrx_word' id='word_1_29' title='bbox 616 410 688 462; x_wconf 75' lang='grc' dir='ltr'>ὅτι</span> <span class='ocrx_word' id='word_1_30' title='bbox 715 409 802 461; x_wconf 81' lang='grc' dir='ltr'>κᾶν</span> <span class='ocrx_word' id='word_1_31' title='bbox 828 409 1079 474; x_wconf 82' lang='grc' dir='ltr'>ἀκούσητε,</span> <span class='ocrx_word' id='word_1_32' title='bbox 1106 409 1161 460; x_wconf 81' lang='grc' dir='ltr'>οὐ</span> <span class='ocrx_word' id='word_1_33' title='bbox 1185 407 1250 473; x_wconf 87' lang='grc' dir='ltr'>μὴ</span> <span class='ocrx_word' id='word_1_34' title='bbox 1277 408 1529 472; x_wconf 84' lang='grc' dir='ltr'>ἀκούσητε·</span> <span class='ocrx_word' id='word_1_35' title='bbox 1572 406 1661 459; x_wconf 75' lang='grc' dir='ltr'>κᾶν</span> <span class='ocrx_word' id='word_1_36' title='bbox 1686 407 1826 472; x_wconf 75' lang='grc' dir='ltr'>ἴδητε,</span> <span class='ocrx_word' id='word_1_37' title='bbox 1854 407 1907 457; x_wconf 82' lang='grc' dir='ltr'>οὐ</span> 
     </span>
     <span class='ocr_line' id='line_1_5' title="bbox 320 488 1908 559; baseline -0.004 -15"><span class='ocrx_word' id='word_1_38' title='bbox 320 492 385 557; x_wconf 84' lang='grc' dir='ltr'>μὴ</span> <span class='ocrx_word' id='word_1_39' title='bbox 424 493 566 557; x_wconf 80' lang='grc' dir='ltr'>ἰ’δητε,</span> <span class='ocrx_word' id='word_1_40' title='bbox 593 493 668 543; x_wconf 80' lang='grc' dir='ltr'>ἵνα</span> <span class='ocrx_word' id='word_1_41' title='bbox 697 491 764 556; x_wconf 84' lang='grc' dir='ltr'>μὴ</span> <span class='ocrx_word' id='word_1_42' title='bbox 801 491 1179 559; x_wconf 75' lang='grc' dir='ltr'>ἐπιστραφέντας</span> <span class='ocrx_word' id='word_1_43' title='bbox 1215 489 1435 555; x_wconf 78' lang='grc' dir='ltr'>ἱάσωμαι.</span> <span class='ocrx_word' id='word_1_44' title='bbox 1489 494 1526 540; x_wconf 80' lang='grc' dir='ltr'>εἰ</span> <span class='ocrx_word' id='word_1_45' title='bbox 1564 489 1658 556; x_wconf 80' lang='grc' dir='ltr'>γὰρ</span> <span class='ocrx_word' id='word_1_46' title='bbox 1696 488 1908 552; x_wconf 76' lang='grc' dir='ltr'>ἤκουσαν</span> 
     </span>
     <span class='ocr_line' id='line_1_6' title="bbox 320 570 1949 641; baseline -0.004 -14"><span class='ocrx_word' id='word_1_47' title='bbox 320 578 398 627; x_wconf 79' lang='grc' dir='ltr'>καὶ</span> <span class='ocrx_word' id='word_1_48' title='bbox 433 573 556 626; x_wconf 77' lang='grc' dir='ltr'>εἶδον</span> <span class='ocrx_word' id='word_1_49' title='bbox 582 574 724 641; x_wconf 83' lang='grc' dir='ltr'>ὅνπερ</span> <span class='ocrx_word' id='word_1_50' title='bbox 760 575 903 641; x_wconf 83' lang='grc' dir='ltr'>ἐχρῆν</span> <span class='ocrx_word' id='word_1_51' title='bbox 928 572 1118 640; x_wconf 90' lang='grc' dir='ltr'>τρόπον,</span> <span class='ocrx_word' id='word_1_52' title='bbox 1147 573 1315 640; x_wconf 78' lang='grc' dir='ltr'>ἔτυχον</span> <span class='ocrx_word' id='word_1_53' title='bbox 1342 571 1400 623; x_wconf 78' lang='grc' dir='ltr'>ἂν</span> <span class='ocrx_word' id='word_1_54' title='bbox 1429 570 1618 625; x_wconf 79' lang='grc' dir='ltr'>πάντως</span> <span class='ocrx_word' id='word_1_55' title='bbox 1655 570 1902 639; x_wconf 83' lang='grc' dir='ltr'>ὠφελείας.</span> <span class='ocrx_word' id='word_1_56' title='bbox 1927 588 1949 626; x_wconf 90' lang='grc'><strong>5</strong></span> 
     </span>
     <span class='ocr_line' id='line_1_7' title="bbox 321 651 1908 722; baseline -0.004 -14"><span class='ocrx_word' id='word_1_57' title='bbox 321 658 489 708; x_wconf 83' lang='grc' dir='ltr'>οὐκοῦν</span> <span class='ocrx_word' id='word_1_58' title='bbox 523 657 577 707; x_wconf 82' lang='grc' dir='ltr'>οὐ</span> <span class='ocrx_word' id='word_1_59' title='bbox 615 656 839 721; x_wconf 78' lang='grc' dir='ltr'>τιμωρίας</span> <span class='ocrx_word' id='word_1_60' title='bbox 874 655 1132 720; x_wconf 80' lang='grc' dir='ltr'>ἀναγκαίας</span> <span class='ocrx_word' id='word_1_61' title='bbox 1171 654 1264 722; x_wconf 76' lang='grc' dir='ltr'>ἔχει</span> <span class='ocrx_word' id='word_1_62' title='bbox 1301 654 1516 718; x_wconf 80' lang='grc' dir='ltr'>δήλωσιν</span> <span class='ocrx_word' id='word_1_63' title='bbox 1550 655 1574 705; x_wconf 85' lang='grc' dir='ltr'>ὀ</span> <span class='ocrx_word' id='word_1_64' title='bbox 1609 651 1772 718; x_wconf 89' lang='grc' dir='ltr'>λόγος,</span> <span class='ocrx_word' id='word_1_65' title='bbox 1804 651 1908 703; x_wconf 82' lang='grc' dir='ltr'>οὐδὲ</span> 
     </span>
     <span class='ocr_line' id='line_1_8' title="bbox 320 735 1905 805; baseline -0.003 -15"><span class='ocrx_word' id='word_1_66' title='bbox 320 739 432 805; x_wconf 80' lang='grc' dir='ltr'>ὅρον</span> <span class='ocrx_word' id='word_1_67' title='bbox 472 737 862 803; x_wconf 74' lang='grc' dir='ltr'>καταδικάζοντος</span> <span class='ocrx_word' id='word_1_68' title='bbox 904 739 979 788; x_wconf 82' lang='grc' dir='ltr'>καὶ</span> <span class='ocrx_word' id='word_1_69' title='bbox 1021 735 1470 805; x_wconf 75' lang='grc' dir='ltr'>καταψηφιζομένου</span> <span class='ocrx_word' id='word_1_70' title='bbox 1512 740 1607 786; x_wconf 82' lang='grc' dir='ltr'>τῶν</span> <span class='ocrx_word' id='word_1_71' title='bbox 1645 736 1905 797; x_wconf 86' lang='grc' dir='ltr'>Ἰουδαίων,</span> 
     </span>
     <span class='ocr_line' id='line_1_9' title="bbox 320 816 1909 887; baseline -0.003 -16"><span class='ocrx_word' id='word_1_72' title='bbox 320 819 452 871; x_wconf 81' lang='grc' dir='ltr'>ἀλλὰ</span> <span class='ocrx_word' id='word_1_73' title='bbox 490 825 585 871; x_wconf 82' lang='grc' dir='ltr'>τῶν</span> <span class='ocrx_word' id='word_1_74' title='bbox 625 820 878 887; x_wconf 88' lang='grc' dir='ltr'>χρησίμων</span> <span class='ocrx_word' id='word_1_75' title='bbox 917 820 1022 870; x_wconf 82' lang='grc' dir='ltr'>ἐστὶ</span> <span class='ocrx_word' id='word_1_76' title='bbox 1059 817 1453 885; x_wconf 88' lang='grc' dir='ltr'>προαγγελτικός.</span> <span class='ocrx_word' id='word_1_77' title='bbox 1519 816 1618 884; x_wconf 83' lang='grc' dir='ltr'>ᾔδει</span> <span class='ocrx_word' id='word_1_78' title='bbox 1656 816 1750 883; x_wconf 79' lang='grc' dir='ltr'>γὰρ</span> <span class='ocrx_word' id='word_1_79' title='bbox 1783 821 1909 868; x_wconf 83' lang='grc' dir='ltr'>ποῖοι</span> 
     </span>
     <span class='ocr_line' id='line_1_10' title="bbox 320 897 1909 968; baseline -0.003 -15"><span class='ocrx_word' id='word_1_80' title='bbox 320 902 525 967; x_wconf 62' lang='grc' dir='ltr'>ἔμελλον</span> <span class='ocrx_word' id='word_1_81' title='bbox 559 902 791 968; x_wconf 87' lang='grc' dir='ltr'>γίνεσθαι,</span> <span class='ocrx_word' id='word_1_82' title='bbox 824 902 902 952; x_wconf 79' lang='grc' dir='ltr'>καὶ</span> <span class='ocrx_word' id='word_1_83' title='bbox 940 899 1217 968; x_wconf 82' lang='grc' dir='ltr'>ἀπεφήνατο</span> <span class='ocrx_word' id='word_1_84' title='bbox 1255 901 1361 966; x_wconf 80' lang='grc' dir='ltr'>περὶ</span> <span class='ocrx_word' id='word_1_85' title='bbox 1400 899 1569 950; x_wconf 79' lang='grc' dir='ltr'>αὐτῶν.</span> <span class='ocrx_word' id='word_1_86' title='bbox 1637 897 1767 962; x_wconf 87' lang='grc' dir='ltr'>πλὴν</span> <span class='ocrx_word' id='word_1_87' title='bbox 1805 897 1909 949; x_wconf 82' lang='grc' dir='ltr'>οὐδὲ</span> 
     </span>
     <span class='ocr_line' id='line_1_11' title="bbox 322 980 1983 1051; baseline -0.003 -16"><span class='ocrx_word' id='word_1_88' title='bbox 322 983 443 1035; x_wconf 80' lang='grc' dir='ltr'>κατὰ</span> <span class='ocrx_word' id='word_1_89' title='bbox 469 983 663 1035; x_wconf 82' lang='grc' dir='ltr'>πάντων</span> <span class='ocrx_word' id='word_1_90' title='bbox 690 987 835 1051; x_wconf 85' lang='grc' dir='ltr'>χωρεῖ</span> <span class='ocrx_word' id='word_1_91' title='bbox 856 983 881 1034; x_wconf 84' lang='grc' dir='ltr'><strong>ὁ</strong></span> <span class='ocrx_word' id='word_1_92' title='bbox 908 980 1070 1048; x_wconf 80' lang='grc' dir='ltr'>λόγος,</span> <span class='ocrx_word' id='word_1_93' title='bbox 1086 981 1219 1033; x_wconf 79' lang='grc' dir='ltr'>ἀλλὰ</span> <span class='ocrx_word' id='word_1_94' title='bbox 1245 980 1364 1032; x_wconf 79' lang='grc' dir='ltr'>κατὰ</span> <span class='ocrx_word' id='word_1_95' title='bbox 1389 981 1547 1044; x_wconf 89' lang='grc' dir='ltr'>μόνων</span> <span class='ocrx_word' id='word_1_96' title='bbox 1566 984 1660 1031; x_wconf 80' lang='grc' dir='ltr'>τῶν</span> <span class='ocrx_word' id='word_1_97' title='bbox 1678 980 1908 1031; x_wconf 86' lang='grc' dir='ltr'>ἀπίστων·</span> <span class='ocrx_word' id='word_1_98' title='bbox 1934 1004 1983 1030; x_wconf 82' lang='grc' dir='ltr'>ιο</span> 
     </span>
    </p>

    <p class='ocr_par' dir='ltr' id='par_1_4' title="bbox 282 1061 1982 1707">
     <span class='ocr_line' id='line_1_12' title="bbox 282 1061 1912 1132; baseline -0.002 -16"><span class='ocrx_word' id='word_1_99' title='bbox 282 1089 304 1116; x_wconf 89' lang='lat' dir='ltr'>c</span> <span class='ocrx_word' id='word_1_100' title='bbox 322 1068 500 1117; x_wconf 74' lang='grc' dir='ltr'>πολλοὶ</span> <span class='ocrx_word' id='word_1_101' title='bbox 527 1064 621 1131; x_wconf 78' lang='grc' dir='ltr'>γὰρ</span> <span class='ocrx_word' id='word_1_102' title='bbox 647 1064 1026 1117; x_wconf 84' lang='grc' dir='ltr'>πεπιστεύκασιν</span> <span class='ocrx_word' id='word_1_103' title='bbox 1052 1063 1109 1132; x_wconf 73' lang='grc' dir='ltr'>ἐξ</span> <span class='ocrx_word' id='word_1_104' title='bbox 1130 1064 1302 1114; x_wconf 80' lang='grc' dir='ltr'>αὐτῶν.</span> <span class='ocrx_word' id='word_1_105' title='bbox 1356 1063 1477 1114; x_wconf 81' lang='grc' dir='ltr'>οὕτω</span> <span class='ocrx_word' id='word_1_106' title='bbox 1501 1061 1588 1125; x_wconf 75' lang='grc' dir='ltr'>μὲν</span> <span class='ocrx_word' id='word_1_107' title='bbox 1613 1063 1696 1113; x_wconf 76' lang='grc' dir='ltr'>οὖν</span> <span class='ocrx_word' id='word_1_108' title='bbox 1720 1062 1912 1112; x_wconf 84' lang='grc' dir='ltr'>ἐκδεδώ-</span> 
     </span>
     <span class='ocr_line' id='line_1_13' title="bbox 322 1142 1911 1211; baseline -0.003 -13"><span class='ocrx_word' id='word_1_109' title='bbox 322 1170 467 1198; x_wconf 91' lang='grc' dir='ltr'>κασιν</span> <span class='ocrx_word' id='word_1_110' title='bbox 502 1150 543 1198; x_wconf 79' lang='grc' dir='ltr'>οἱ</span> <span class='ocrx_word' id='word_1_111' title='bbox 588 1145 931 1211; x_wconf 84' lang='grc' dir='ltr'>ἑβδομήκοντα.</span> <span class='ocrx_word' id='word_1_112' title='bbox 999 1145 1118 1198; x_wconf 79' lang='grc' dir='ltr'>εἰκὸς</span> <span class='ocrx_word' id='word_1_113' title='bbox 1158 1144 1221 1207; x_wconf 76' lang='grc' dir='ltr'>δὲ,</span> <span class='ocrx_word' id='word_1_114' title='bbox 1262 1143 1332 1195; x_wconf 78' lang='grc' dir='ltr'>ὅτι</span> <span class='ocrx_word' id='word_1_115' title='bbox 1376 1145 1400 1194; x_wconf 86' lang='grc' dir='ltr'>ὁ</span> <span class='ocrx_word' id='word_1_116' title='bbox 1444 1142 1810 1210; x_wconf 81' lang='grc' dir='ltr'>Εὐαγγελιστὴς</span> <span class='ocrx_word' id='word_1_117' title='bbox 1853 1147 1911 1211; x_wconf 85' lang='grc' dir='ltr'>τῇ</span> 
     </span>
     <span class='ocr_line' id='line_1_14' title="bbox 321 1224 1913 1296; baseline -0.003 -16"><span class='ocrx_word' id='word_1_118' title='bbox 321 1229 563 1296; x_wconf 79' lang='grc' dir='ltr'>Ἑβραίων</span> <span class='ocrx_word' id='word_1_119' title='bbox 590 1227 773 1279; x_wconf 81' lang='grc' dir='ltr'>ἐκδόσει</span> <span class='ocrx_word' id='word_1_120' title='bbox 799 1226 1135 1292; x_wconf 83' lang='grc' dir='ltr'>ἀκολουθήσας</span> <span class='ocrx_word' id='word_1_121' title='bbox 1159 1226 1323 1293; x_wconf 76' lang='grc' dir='ltr'>ἑτέρως</span> <span class='ocrx_word' id='word_1_122' title='bbox 1349 1225 1527 1293; x_wconf 82' lang='grc' dir='ltr'>ἐχούσῃ</span> <span class='ocrx_word' id='word_1_123' title='bbox 1552 1224 1682 1291; x_wconf 77' lang='grc' dir='ltr'>παρὰ</span> <span class='ocrx_word' id='word_1_124' title='bbox 1707 1224 1793 1289; x_wconf 79' lang='grc' dir='ltr'>τὴν</span> <span class='ocrx_word' id='word_1_125' title='bbox 1818 1229 1913 1276; x_wconf 85' lang='grc' dir='ltr'>τῶν</span> 
     </span>
     <span class='ocr_line' id='line_1_15' title="bbox 322 1305 1912 1375; baseline -0.004 -13"><span class='ocrx_word' id='word_1_126' title='bbox 322 1310 665 1375; x_wconf 85' lang='grc' dir='ltr'>ἑβδομήκοντα,</span> <span class='ocrx_word' id='word_1_127' title='bbox 691 1309 790 1362; x_wconf 75' lang='grc' dir='ltr'>εἷπε</span> <span class='ocrx_word' id='word_1_128' title='bbox 824 1309 879 1361; x_wconf 89' lang='grc' dir='ltr'>τό</span> <span class='ocrx_word' id='word_1_129' title='bbox 908 1309 1002 1361; x_wconf 61' lang='grc' dir='ltr'>Δια</span> <span class='ocrx_word' id='word_1_130' title='bbox 1027 1311 1146 1361; x_wconf 65' lang='grc' dir='ltr'>τοῦτο</span> <span class='ocrx_word' id='word_1_131' title='bbox 1176 1312 1252 1361; x_wconf 77' lang='grc' dir='ltr'>οὐκ</span> <span class='ocrx_word' id='word_1_132' title='bbox 1281 1305 1477 1369; x_wconf 57' lang='grc' dir='ltr'>ἠδύναντο</span> <span class='ocrx_word' id='word_1_133' title='bbox 1504 1307 1732 1370; x_wconf 73' lang='grc' dir='ltr'>πιστεύειν,</span> <span class='ocrx_word' id='word_1_134' title='bbox 1756 1305 1912 1370; x_wconf 84' lang='grc' dir='ltr'>ἐπειδὴ</span> 
     </span>
     <span class='ocr_line' id='line_1_16' title="bbox 323 1388 1982 1462; baseline -0.002 -18"><span class='ocrx_word' id='word_1_135' title='bbox 323 1393 609 1462; x_wconf 81' lang='grc' dir='ltr'>ἐτύφλωσεν</span> <span class='ocrx_word' id='word_1_136' title='bbox 635 1392 820 1446; x_wconf 83' lang='grc' dir='ltr'>αὐτούς·</span> <span class='ocrx_word' id='word_1_137' title='bbox 861 1394 937 1443; x_wconf 81' lang='grc' dir='ltr'>καὶ</span> <span class='ocrx_word' id='word_1_138' title='bbox 964 1391 1083 1442; x_wconf 75' lang='grc' dir='ltr'>ὅσον</span> <span class='ocrx_word' id='word_1_139' title='bbox 1109 1389 1193 1454; x_wconf 73' lang='grc' dir='ltr'>μὲν</span> <span class='ocrx_word' id='word_1_140' title='bbox 1216 1392 1265 1441; x_wconf 83' lang='grc' dir='ltr'>ἐκ</span> <span class='ocrx_word' id='word_1_141' title='bbox 1298 1392 1381 1453; x_wconf 80' lang='grc' dir='ltr'>τῆς</span> <span class='ocrx_word' id='word_1_142' title='bbox 1415 1394 1691 1458; x_wconf 82' lang='grc' dir='ltr'>προφανοῦς</span> <span class='ocrx_word' id='word_1_143' title='bbox 1717 1388 1909 1458; x_wconf 74' lang='grc' dir='ltr'>λέξεως,</span> <span class='ocrx_word' id='word_1_144' title='bbox 1936 1414 1982 1451; x_wconf 89' lang='lat'>15</span> 
     </span>
     <span class='ocr_line' id='line_1_17' title="bbox 324 1471 1913 1542; baseline -0.003 -17"><span class='ocrx_word' id='word_1_145' title='bbox 324 1475 408 1526; x_wconf 84' lang='grc' dir='ltr'>οὐκ</span> <span class='ocrx_word' id='word_1_146' title='bbox 451 1474 630 1542; x_wconf 80' lang='grc' dir='ltr'>ε’ίρηκεν</span> <span class='ocrx_word' id='word_1_147' title='bbox 670 1474 741 1525; x_wconf 80' lang='grc' dir='ltr'>ὅτι</span> <span class='ocrx_word' id='word_1_148' title='bbox 781 1476 805 1525; x_wconf 85' lang='grc' dir='ltr'>ὁ</span> <span class='ocrx_word' id='word_1_149' title='bbox 845 1472 966 1527; x_wconf 79' lang='grc' dir='ltr'>Θεὸς</span> <span class='ocrx_word' id='word_1_150' title='bbox 1009 1473 1292 1541; x_wconf 81' lang='grc' dir='ltr'>ἐτύφλωσεν</span> <span class='ocrx_word' id='word_1_151' title='bbox 1332 1472 1513 1525; x_wconf 78' lang='grc' dir='ltr'>αὐτούς.</span> <span class='ocrx_word' id='word_1_152' title='bbox 1581 1471 1700 1525; x_wconf 78' lang='grc' dir='ltr'>εἰκὸς</span> <span class='ocrx_word' id='word_1_153' title='bbox 1740 1471 1801 1533; x_wconf 74' lang='grc' dir='ltr'>δὲ,</span> <span class='ocrx_word' id='word_1_154' title='bbox 1843 1471 1913 1522; x_wconf 78' lang='grc' dir='ltr'>ὅτι</span> 
     </span>
     <span class='ocr_line' id='line_1_18' title="bbox 327 1552 1914 1622; baseline -0.001 -14"><span class='ocrx_word' id='word_1_155' title='bbox 327 1556 480 1611; x_wconf 78' lang='grc' dir='ltr'>ἄλλος</span> <span class='ocrx_word' id='word_1_156' title='bbox 506 1562 645 1607; x_wconf 84' lang='grc' dir='ltr'>τοῦτο</span> <span class='ocrx_word' id='word_1_157' title='bbox 671 1557 865 1621; x_wconf 88' lang='grc' dir='ltr'>ἐποίησε</span> <span class='ocrx_word' id='word_1_158' title='bbox 891 1554 1009 1622; x_wconf 82' lang='grc' dir='ltr'>πρὸς</span> <span class='ocrx_word' id='word_1_159' title='bbox 1037 1554 1090 1605; x_wconf 76' lang='grc' dir='ltr'>τὸ</span> <span class='ocrx_word' id='word_1_160' title='bbox 1116 1554 1181 1618; x_wconf 85' lang='grc' dir='ltr'>μὴ</span> <span class='ocrx_word' id='word_1_161' title='bbox 1208 1553 1494 1622; x_wconf 77' lang='grc' dir='ltr'>ἐπιστρέψαι</span> <span class='ocrx_word' id='word_1_162' title='bbox 1529 1553 1635 1606; x_wconf 83' lang='grc' dir='ltr'>τοὺς</span> <span class='ocrx_word' id='word_1_163' title='bbox 1660 1552 1914 1606; x_wconf 81' lang='grc' dir='ltr'>Ἰουδαίους</span> 
     </span>
     <span class='ocr_line' id='line_1_19' title="bbox 327 1634 1907 1707; baseline -0.004 -16"><span class='ocrx_word' id='word_1_164' title='bbox 327 1641 404 1691; x_wconf 82' lang='grc' dir='ltr'>καὶ</span> <span class='ocrx_word' id='word_1_165' title='bbox 444 1644 601 1707; x_wconf 83' lang='grc' dir='ltr'>τυχεῖν</span> <span class='ocrx_word' id='word_1_166' title='bbox 641 1637 826 1692; x_wconf 79' lang='grc' dir='ltr'>ἰάσεως.</span> <span class='ocrx_word' id='word_1_167' title='bbox 894 1642 932 1688; x_wconf 81' lang='grc' dir='ltr'>εἰ</span> <span class='ocrx_word' id='word_1_168' title='bbox 977 1636 1026 1688; x_wconf 82' lang='grc' dir='ltr'>δὲ</span> <span class='ocrx_word' id='word_1_169' title='bbox 1068 1638 1145 1688; x_wconf 80' lang='grc' dir='ltr'>καὶ</span> <span class='ocrx_word' id='word_1_170' title='bbox 1189 1634 1420 1705; x_wconf 76' lang='grc' dir='ltr'>δεξόμεθα</span> <span class='ocrx_word' id='word_1_171' title='bbox 1460 1635 1531 1686; x_wconf 80' lang='grc' dir='ltr'>ὅτι</span> <span class='ocrx_word' id='word_1_172' title='bbox 1577 1636 1601 1686; x_wconf 87' lang='grc' dir='ltr'>ὁ</span> <span class='ocrx_word' id='word_1_173' title='bbox 1643 1634 1764 1689; x_wconf 76' lang='grc' dir='ltr'>Θεὸς</span> <span class='ocrx_word' id='word_1_174' title='bbox 1805 1634 1907 1686; x_wconf 85' lang='grc' dir='ltr'>ἐτύ-</span> 
     </span>
    </p>

    <p class='ocr_par' dir='ltr' id='par_1_5' title="bbox 283 1716 1987 2277">
     <span class='ocr_line' id='line_1_20' title="bbox 283 1716 1914 1791; baseline -0.004 -18"><span class='ocrx_word' id='word_1_175' title='bbox 283 1733 310 1775; x_wconf 88' lang='lat' dir='ltr'>d</span> <span class='ocrx_word' id='word_1_176' title='bbox 329 1726 542 1791; x_wconf 84' lang='grc' dir='ltr'>φλωσεν,</span> <span class='ocrx_word' id='word_1_177' title='bbox 572 1722 692 1772; x_wconf 78' lang='grc' dir='ltr'>οὕτω</span> <span class='ocrx_word' id='word_1_178' title='bbox 728 1720 931 1784; x_wconf 83' lang='grc' dir='ltr'>νοητεόν,</span> <span class='ocrx_word' id='word_1_179' title='bbox 958 1718 1029 1770; x_wconf 77' lang='grc' dir='ltr'>ὅτι</span> <span class='ocrx_word' id='word_1_180' title='bbox 1064 1718 1402 1785; x_wconf 83' lang='grc' dir='ltr'>παρεχώρησεν</span> <span class='ocrx_word' id='word_1_181' title='bbox 1433 1716 1601 1770; x_wconf 78' lang='grc' dir='ltr'>αὐτοὺς</span> <span class='ocrx_word' id='word_1_182' title='bbox 1636 1721 1803 1768; x_wconf 81' lang='grc' dir='ltr'>παθεῖν</span> <span class='ocrx_word' id='word_1_183' title='bbox 1828 1716 1914 1780; x_wconf 82' lang='grc' dir='ltr'>τὴν</span> 
     </span>
     <span class='ocr_line' id='line_1_21' title="bbox 327 1798 1986 1873; baseline -0.004 -18"><span class='ocrx_word' id='word_1_184' title='bbox 327 1804 583 1873; x_wconf 87' lang='grc' dir='ltr'>τύφλωσιν</span> <span class='ocrx_word' id='word_1_185' title='bbox 610 1802 701 1854; x_wconf 82' lang='grc' dir='ltr'>ὑπὸ</span> <span class='ocrx_word' id='word_1_186' title='bbox 740 1808 823 1853; x_wconf 85' lang='grc' dir='ltr'>τοῦ</span> <span class='ocrx_word' id='word_1_187' title='bbox 863 1798 1107 1864; x_wconf 82' lang='grc' dir='ltr'>διαβόλου,</span> <span class='ocrx_word' id='word_1_188' title='bbox 1133 1801 1216 1851; x_wconf 82' lang='grc' dir='ltr'>οὐκ</span> <span class='ocrx_word' id='word_1_189' title='bbox 1255 1798 1461 1865; x_wconf 78' lang='grc' dir='ltr'>ἀγαθοὺς</span> <span class='ocrx_word' id='word_1_190' title='bbox 1499 1799 1637 1853; x_wconf 78' lang='grc' dir='ltr'>ὄντας</span> <span class='ocrx_word' id='word_1_191' title='bbox 1677 1798 1762 1863; x_wconf 87' lang='grc' dir='ltr'>τὴν</span> <span class='ocrx_word' id='word_1_192' title='bbox 1797 1799 1909 1867; x_wconf 75' lang='grc' dir='ltr'>ἕξιν.</span> <span class='ocrx_word' id='word_1_193' title='bbox 1937 1829 1986 1854; x_wconf 86' lang='lat'>20</span> 
     </span>
     <span class='ocr_line' id='line_1_22' title="bbox 329 1879 1913 1951; baseline -0.003 -14"><span class='ocrx_word' id='word_1_194' title='bbox 329 1887 451 1937; x_wconf 77' lang='grc' dir='ltr'>οὕτω</span> <span class='ocrx_word' id='word_1_195' title='bbox 504 1884 597 1951; x_wconf 77' lang='grc' dir='ltr'>γὰρ</span> <span class='ocrx_word' id='word_1_196' title='bbox 646 1884 974 1950; x_wconf 90' lang='grc' dir='ltr'>παραδίδωσιν</span> <span class='ocrx_word' id='word_1_197' title='bbox 1013 1886 1075 1936; x_wconf 76' lang='grc' dir='ltr'>εἷς</span> <span class='ocrx_word' id='word_1_198' title='bbox 1116 1880 1341 1946; x_wconf 86' lang='grc' dir='ltr'>ἀδόκιμον</span> <span class='ocrx_word' id='word_1_199' title='bbox 1386 1886 1495 1932; x_wconf 83' lang='grc' dir='ltr'>νοῦν</span> <span class='ocrx_word' id='word_1_200' title='bbox 1540 1883 1614 1932; x_wconf 77' lang='grc' dir='ltr'>καὶ</span> <span class='ocrx_word' id='word_1_201' title='bbox 1656 1884 1719 1934; x_wconf 82' lang='grc' dir='ltr'>εἷς</span> <span class='ocrx_word' id='word_1_202' title='bbox 1763 1879 1913 1933; x_wconf 80' lang='grc' dir='ltr'>πάθος</span> 
     </span>
     <span class='ocr_line' id='line_1_23' title="bbox 328 1960 1916 2034; baseline -0.004 -15"><span class='ocrx_word' id='word_1_203' title='bbox 328 1968 437 2022; x_wconf 74' lang='grc' dir='ltr'>τοὺς</span> <span class='ocrx_word' id='word_1_204' title='bbox 477 1965 833 2033; x_wconf 84' lang='grc' dir='ltr'>ὁμοιοτρόπους.</span> <span class='ocrx_word' id='word_1_205' title='bbox 895 1967 943 2016; x_wconf 86' lang='grc' dir='ltr'>ἐν</span> <span class='ocrx_word' id='word_1_206' title='bbox 977 1963 1014 2034; x_wconf 73' lang='grc' dir='ltr'>ᾧ</span> <span class='ocrx_word' id='word_1_207' title='bbox 1054 1963 1103 2015; x_wconf 84' lang='grc' dir='ltr'>δὲ</span> <span class='ocrx_word' id='word_1_208' title='bbox 1142 1969 1342 2015; x_wconf 83' lang='grc' dir='ltr'>τοιοῦτοι</span> <span class='ocrx_word' id='word_1_209' title='bbox 1380 1961 1521 2026; x_wconf 79' lang='grc' dir='ltr'>ἦσαν,</span> <span class='ocrx_word' id='word_1_210' title='bbox 1556 1963 1609 2013; x_wconf 81' lang='grc' dir='ltr'>οὐ</span> <span class='ocrx_word' id='word_1_211' title='bbox 1648 1963 1824 2013; x_wconf 89' lang='grc' dir='ltr'>δίκαιον</span> <span class='ocrx_word' id='word_1_212' title='bbox 1858 1960 1916 2026; x_wconf 79' lang='grc' dir='ltr'>ἦν</span> 
     </span>
     <span class='ocr_line' id='line_1_24' title="bbox 330 2043 1916 2115; baseline -0.002 -14"><span class='ocrx_word' id='word_1_213' title='bbox 330 2051 487 2103; x_wconf 79' lang='grc' dir='ltr'>αὐτοῖς</span> <span class='ocrx_word' id='word_1_214' title='bbox 514 2054 690 2115; x_wconf 83' lang='grc' dir='ltr'>γνῶναι</span> <span class='ocrx_word' id='word_1_215' title='bbox 717 2054 800 2099; x_wconf 84' lang='grc' dir='ltr'>τοῦ</span> <span class='ocrx_word' id='word_1_216' title='bbox 826 2047 1090 2113; x_wconf 90' lang='grc' dir='ltr'>μυστηρίου</span> <span class='ocrx_word' id='word_1_217' title='bbox 1116 2045 1170 2097; x_wconf 83' lang='grc' dir='ltr'>τὸ</span> <span class='ocrx_word' id='word_1_218' title='bbox 1205 2045 1353 2107; x_wconf 80' lang='grc' dir='ltr'>βάθος</span> <span class='ocrx_word' id='word_1_219' title='bbox 1389 2046 1464 2095; x_wconf 77' lang='grc' dir='ltr'>καὶ</span> <span class='ocrx_word' id='word_1_220' title='bbox 1498 2043 1558 2095; x_wconf 79' lang='grc' dir='ltr'>τὰ</span> <span class='ocrx_word' id='word_1_221' title='bbox 1592 2043 1781 2113; x_wconf 79' lang='grc' dir='ltr'>κρύφια,</span> <span class='ocrx_word' id='word_1_222' title='bbox 1809 2043 1916 2098; x_wconf 76' lang='grc' dir='ltr'>τοὺς</span> 
     </span>
     <span class='ocr_line' id='line_1_25' title="bbox 330 2125 1917 2196; baseline -0.004 -13"><span class='ocrx_word' id='word_1_223' title='bbox 330 2130 448 2196; x_wconf 79' lang='grc' dir='ltr'>μηδὲ</span> <span class='ocrx_word' id='word_1_224' title='bbox 475 2131 558 2185; x_wconf 80' lang='grc' dir='ltr'>τὰς</span> <span class='ocrx_word' id='word_1_225' title='bbox 587 2129 779 2194; x_wconf 78' lang='grc' dir='ltr'>νομικὰς</span> <span class='ocrx_word' id='word_1_226' title='bbox 804 2128 1000 2183; x_wconf 79' lang='grc' dir='ltr'>ἐντολὰς</span> <span class='ocrx_word' id='word_1_227' title='bbox 1025 2126 1416 2194; x_wconf 89' lang='grc' dir='ltr'>διατηρήσαντας.</span> <span class='ocrx_word' id='word_1_228' title='bbox 1467 2128 1565 2177; x_wconf 75' lang='grc' dir='ltr'>ε’πεῖ</span> <span class='ocrx_word' id='word_1_229' title='bbox 1591 2126 1674 2177; x_wconf 75' lang='grc' dir='ltr'>οὖν</span> <span class='ocrx_word' id='word_1_230' title='bbox 1699 2127 1804 2177; x_wconf 75' lang='grc' dir='ltr'>οὔτε</span> <span class='ocrx_word' id='word_1_231' title='bbox 1834 2125 1917 2176; x_wconf 81' lang='grc' dir='ltr'>τὸν</span> 
     </span>
     <span class='ocr_line' id='line_1_26' title="bbox 332 2206 1987 2277; baseline -0.004 -12"><span class='ocrx_word' id='word_1_232' title='bbox 332 2213 490 2276; x_wconf 84' lang='grc' dir='ltr'>νόμον,</span> <span class='ocrx_word' id='word_1_233' title='bbox 532 2214 636 2264; x_wconf 79' lang='grc' dir='ltr'>οὔτε</span> <span class='ocrx_word' id='word_1_234' title='bbox 674 2211 734 2263; x_wconf 79' lang='grc' dir='ltr'>τὰ</span> <span class='ocrx_word' id='word_1_235' title='bbox 775 2209 1061 2276; x_wconf 80' lang='grc' dir='ltr'>εὐαγγελικά</span> <span class='ocrx_word' id='word_1_236' title='bbox 1101 2209 1319 2277; x_wconf 73' lang='grc' dir='ltr'>ἐδέξαντο</span> <span class='ocrx_word' id='word_1_237' title='bbox 1365 2208 1675 2273; x_wconf 81' lang='grc' dir='ltr'>διατάγματα,</span> <span class='ocrx_word' id='word_1_238' title='bbox 1713 2206 1796 2258; x_wconf 77' lang='grc' dir='ltr'>τὸν</span> <span class='ocrx_word' id='word_1_239' title='bbox 1833 2209 1917 2270; x_wconf 84' lang='grc' dir='ltr'>τῆς</span> <span class='ocrx_word' id='word_1_240' title='bbox 1939 2237 1987 2274; x_wconf 86' lang='lat'>25</span> 
     </span>
    </p>

    <p class='ocr_par' dir='ltr' id='par_1_6' title="bbox 292 2288 1917 2444">
     <span class='ocr_line' id='line_1_27' title="bbox 292 2288 1917 2360; baseline -0.004 -15"><span class='ocrx_word' id='word_1_241' title='bbox 292 2295 535 2348; x_wconf 79' lang='grc' dir='ltr'>οδιανοίας</span> <span class='ocrx_word' id='word_1_242' title='bbox 586 2293 781 2357; x_wconf 83' lang='grc' dir='ltr'>μύοντες</span> <span class='ocrx_word' id='word_1_243' title='bbox 833 2289 1102 2360; x_wconf 84' lang='grc' dir='ltr'>ὀφθαλμὸν,</span> <span class='ocrx_word' id='word_1_244' title='bbox 1148 2289 1224 2341; x_wconf 79' lang='grc' dir='ltr'>διὰ</span> <span class='ocrx_word' id='word_1_245' title='bbox 1273 2295 1413 2340; x_wconf 85' lang='grc' dir='ltr'>τοῦτο</span> <span class='ocrx_word' id='word_1_246' title='bbox 1465 2290 1518 2340; x_wconf 84' lang='grc' dir='ltr'>οὑ</span> <span class='ocrx_word' id='word_1_247' title='bbox 1569 2289 1782 2356; x_wconf 76' lang='grc' dir='ltr'>δέχονται</span> <span class='ocrx_word' id='word_1_248' title='bbox 1830 2288 1917 2353; x_wconf 85' lang='grc' dir='ltr'>τὴν</span> 
     </span>
     <span class='ocr_line' id='line_1_28' title="bbox 333 2372 1348 2444; baseline -0.006 -17"><span class='ocrx_word' id='word_1_249' title='bbox 333 2377 543 2444; x_wconf 89' lang='grc' dir='ltr'>φωτίσαι</span> <span class='ocrx_word' id='word_1_250' title='bbox 581 2374 840 2438; x_wconf 80' lang='grc' dir='ltr'>δυναμένην</span> <span class='ocrx_word' id='word_1_251' title='bbox 879 2372 1046 2426; x_wconf 79' lang='grc' dir='ltr'>αὐτοὺς</span> <span class='ocrx_word' id='word_1_252' title='bbox 1084 2372 1348 2423; x_wconf 87' lang='grc' dir='ltr'>παίδευσιν.</span> 
     </span>
    </p>
   </div>
   <div class='ocr_carea' id='block_1_3' title="bbox 332 2500 1920 2690">
    <p class='ocr_par' dir='ltr' id='par_1_7' title="bbox 332 2500 1920 2690">
     <span class='ocr_line' id='line_1_29' title="bbox 379 2500 1918 2551; baseline -0.004 -10"><span class='ocrx_word' id='word_1_253' title='bbox 379 2514 413 2549; x_wconf 89' lang='grc'>5.</span> <span class='ocrx_word' id='word_1_254' title='bbox 440 2505 626 2551; x_wconf 80' lang='grc' dir='ltr'>ἐτύγχανον</span> <span class='ocrx_word' id='word_1_255' title='bbox 642 2506 679 2540; x_wconf 87' lang='lat' dir='ltr'>k.</span> <span class='ocrx_word' id='word_1_256' title='bbox 750 2503 899 2550; x_wconf 87' lang='grc' dir='ltr'>πάντως]</span> <span class='ocrx_word' id='word_1_257' title='bbox 923 2508 960 2545; x_wconf 82' lang='grc'>-1-</span> <span class='ocrx_word' id='word_1_258' title='bbox 981 2504 1039 2547; x_wconf 80' lang='grc' dir='ltr'>τῆς</span> <span class='ocrx_word' id='word_1_259' title='bbox 1056 2503 1126 2538; x_wconf 82' lang='lat' dir='ltr'><strong>a.k.</strong></span> <span class='ocrx_word' id='word_1_260' title='bbox 1303 2513 1357 2536; x_wconf 89' lang='lat'>11.</span> <span class='ocrx_word' id='word_1_261' title='bbox 1383 2500 1441 2536; x_wconf 70' lang='grc' dir='ltr'>οὖν</span> <span class='ocrx_word' id='word_1_262' title='bbox 1458 2512 1529 2536; x_wconf 87' lang='lat' dir='ltr'>om.</span> <span class='ocrx_word' id='word_1_263' title='bbox 1547 2502 1617 2535; x_wconf 85' lang='lat' dir='ltr'>a.k.</span> <span class='ocrx_word' id='word_1_264' title='bbox 1795 2511 1848 2547; x_wconf 85' lang='lat'>17.</span> <span class='ocrx_word' id='word_1_265' title='bbox 1874 2502 1918 2544; x_wconf 90' lang='grc' dir='ltr'>μὴ</span> 
     </span>
     <span class='ocr_line' id='line_1_30' title="bbox 332 2549 1918 2597; baseline -0.004 -10"><span class='ocrx_word' id='word_1_266' title='bbox 332 2558 556 2597; x_wconf 79' lang='lat' dir='ltr'><strong>assumptum</strong></span> <span class='ocrx_word' id='word_1_267' title='bbox 574 2564 615 2586; x_wconf 81' lang='lat' dir='ltr'>ex</span> <span class='ocrx_word' id='word_1_268' title='bbox 634 2552 702 2586; x_wconf 83' lang='lat' dir='ltr'><strong>a.k.</strong></span> <span class='ocrx_word' id='word_1_269' title='bbox 722 2551 818 2585; x_wconf 85' lang='lat' dir='ltr'>deest</span> <span class='ocrx_word' id='word_1_270' title='bbox 835 2552 871 2585; x_wconf 91' lang='lat' dir='ltr'>in</span> <span class='ocrx_word' id='word_1_271' title='bbox 891 2551 968 2585; x_wconf 81' lang='lat' dir='ltr'><strong>Cat.</strong></span> <span class='ocrx_word' id='word_1_272' title='bbox 988 2550 1089 2584; x_wconf 88' lang='lat' dir='ltr'><strong>Harl.</strong></span> <span class='ocrx_word' id='word_1_273' title='bbox 1221 2560 1275 2594; x_wconf 89' lang='lat'>19.</span> <span class='ocrx_word' id='word_1_274' title='bbox 1301 2550 1542 2594; x_wconf 82' lang='grc' dir='ltr'>συνεχώρησεν</span> <span class='ocrx_word' id='word_1_275' title='bbox 1558 2549 1628 2581; x_wconf 88' lang='lat' dir='ltr'>a.k.</span> <span class='ocrx_word' id='word_1_276' title='bbox 1749 2559 1804 2583; x_wconf 82' lang='lat'>21.</span> <span class='ocrx_word' id='word_1_277' title='bbox 1829 2549 1918 2591; x_wconf 85' lang='grc' dir='ltr'>πάθη</span> 
     </span>
     <span class='ocr_line' id='line_1_31' title="bbox 333 2594 1920 2643; baseline -0.004 -10"><span class='ocrx_word' id='word_1_278' title='bbox 333 2600 403 2633; x_wconf 83' lang='lat' dir='ltr'>a.k.</span> <span class='ocrx_word' id='word_1_279' title='bbox 547 2610 602 2643; x_wconf 82' lang='lat'>23.</span> <span class='ocrx_word' id='word_1_280' title='bbox 629 2599 742 2633; x_wconf 78' lang='grc' dir='ltr'>αὐτοῖς</span> <span class='ocrx_word' id='word_1_281' title='bbox 761 2598 837 2632; x_wconf 85' lang='lat' dir='ltr'><strong>Cat.</strong></span> <span class='ocrx_word' id='word_1_282' title='bbox 858 2598 959 2631; x_wconf 79' lang='lat' dir='ltr'>Harl.</span> <span class='ocrx_word' id='word_1_283' title='bbox 978 2596 1099 2632; x_wconf 76' lang='grc' dir='ltr'>αὐτοὺς</span> <span class='ocrx_word' id='word_1_284' title='bbox 1116 2608 1135 2630; x_wconf 82' lang='lat' dir='ltr'>a</span> <span class='ocrx_word' id='word_1_285' title='bbox 1154 2596 1186 2639; x_wconf 84' lang='lat' dir='ltr'>(e</span> <span class='ocrx_word' id='word_1_286' title='bbox 1205 2596 1287 2639; x_wconf 79' lang='lat' dir='ltr'>Sil.).</span> <span class='ocrx_word' id='word_1_287' title='bbox 1306 2596 1342 2629; x_wconf 90' lang='lat' dir='ltr'>k.</span> <span class='ocrx_word' id='word_1_288' title='bbox 1362 2595 1428 2629; x_wconf 86' lang='lat' dir='ltr'>Ed.</span> <span class='ocrx_word' id='word_1_289' title='bbox 1583 2603 1638 2636; x_wconf 83' lang='lat'>25.</span> <span class='ocrx_word' id='word_1_290' title='bbox 1664 2594 1702 2628; x_wconf 85' lang='grc' dir='ltr'>τὸ</span> <span class='ocrx_word' id='word_1_291' title='bbox 1721 2594 1920 2640; x_wconf 78' lang='grc' dir='ltr'>εὐαγγέλιον</span> 
     </span>
     <span class='ocr_line' id='line_1_32' title="bbox 333 2640 1917 2690; baseline -0.004 -11"><span class='ocrx_word' id='word_1_292' title='bbox 333 2657 396 2690; x_wconf 82' lang='lat' dir='ltr'>pro</span> <span class='ocrx_word' id='word_1_293' title='bbox 415 2646 455 2679; x_wconf 83' lang='grc' dir='ltr'>τὰ</span> <span class='ocrx_word' id='word_1_294' title='bbox 474 2645 676 2690; x_wconf 81' lang='grc' dir='ltr'>εὐαγγελικὰ</span> <span class='ocrx_word' id='word_1_295' title='bbox 694 2646 903 2689; x_wconf 83' lang='grc' dir='ltr'>διατάγματα</span> <span class='ocrx_word' id='word_1_296' title='bbox 921 2655 952 2678; x_wconf 86' lang='lat' dir='ltr'>a.</span> <span class='ocrx_word' id='word_1_297' title='bbox 1118 2651 1174 2687; x_wconf 84' lang='lat'>27.</span> <span class='ocrx_word' id='word_1_298' title='bbox 1203 2642 1272 2676; x_wconf 80' lang='lat' dir='ltr'>Hie</span> <span class='ocrx_word' id='word_1_299' title='bbox 1290 2641 1527 2687; x_wconf 78' lang='lat' dir='ltr'><strong>sequebantur</strong></span> <span class='ocrx_word' id='word_1_300' title='bbox 1543 2641 1579 2674; x_wconf 88' lang='lat' dir='ltr'>in</span> <span class='ocrx_word' id='word_1_301' title='bbox 1598 2640 1664 2674; x_wconf 87' lang='lat' dir='ltr'>Ed.</span> <span class='ocrx_word' id='word_1_302' title='bbox 1685 2652 1755 2675; x_wconf 83' lang='lat' dir='ltr'><strong>ver.</strong></span> <span class='ocrx_word' id='word_1_303' title='bbox 1774 2652 1814 2683; x_wconf 91' lang='lat'>41</span> <span class='ocrx_word' id='word_1_304' title='bbox 1836 2652 1917 2674; x_wconf 87' lang='lat' dir='ltr'>cum</span> 
     </span>
    </p>
   </div>
   <div class='ocr_carea' id='block_1_4' title="bbox 333 2686 1920 2966">
    <p class='ocr_par' dir='ltr' id='par_1_8' title="bbox 333 2686 1920 2966">
     <span class='ocr_line' id='line_1_33' title="bbox 334 2686 1919 2735; baseline -0.004 -9"><span class='ocrx_word' id='word_1_305' title='bbox 334 2692 592 2726; x_wconf 82' lang='lat' dir='ltr'>commentariis</span> <span class='ocrx_word' id='word_1_306' title='bbox 612 2691 662 2725; x_wconf 81' lang='grc' dir='ltr'>ὅτι</span> <span class='ocrx_word' id='word_1_307' title='bbox 679 2690 948 2735; x_wconf 72' lang='grc' dir='ltr'>μὲν-διαμονήν</span> <span class='ocrx_word' id='word_1_308' title='bbox 966 2689 999 2735; x_wconf 88' lang='lat' dir='ltr'>(e</span> <span class='ocrx_word' id='word_1_309' title='bbox 1017 2701 1143 2724; x_wconf 87' lang='lat' dir='ltr'><strong>comm.</strong></span> <span class='ocrx_word' id='word_1_310' title='bbox 1161 2701 1197 2722; x_wconf 88' lang='lat' dir='ltr'><strong>m</strong></span> <span class='ocrx_word' id='word_1_311' title='bbox 1216 2689 1276 2722; x_wconf 89' lang='lat' dir='ltr'>Es.</span> <span class='ocrx_word' id='word_1_312' title='bbox 1299 2699 1361 2722; x_wconf 88' lang='lat'>102</span> <span class='ocrx_word' id='word_1_313' title='bbox 1382 2689 1502 2732; x_wconf 80' lang='lat' dir='ltr'>paucis</span> <span class='ocrx_word' id='word_1_314' title='bbox 1521 2687 1690 2730; x_wconf 74' lang='lat' dir='ltr'>omissis).</span> <span class='ocrx_word' id='word_1_315' title='bbox 1716 2686 1735 2730; x_wconf 87' lang='grc' dir='ltr'>ἢ</span> <span class='ocrx_word' id='word_1_316' title='bbox 1754 2688 1864 2721; x_wconf 82' lang='grc' dir='ltr'>τοίνυν</span> <span class='ocrx_word' id='word_1_317' title='bbox 1880 2688 1919 2721; x_wconf 83' lang='grc' dir='ltr'>τὸ</span> 
     </span>
     <span class='ocr_line' id='line_1_34' title="bbox 333 2734 1920 2781; baseline -0.004 -9"><span class='ocrx_word' id='word_1_318' title='bbox 333 2738 500 2781; x_wconf 81' lang='grc' dir='ltr'>καθῆσθαι</span> <span class='ocrx_word' id='word_1_319' title='bbox 525 2738 586 2781; x_wconf 85' lang='grc' dir='ltr'>τὴν</span> <span class='ocrx_word' id='word_1_320' title='bbox 610 2740 670 2772; x_wconf 86' lang='grc' dir='ltr'>τοῦ</span> <span class='ocrx_word' id='word_1_321' title='bbox 696 2739 868 2772; x_wconf 84' lang='grc' dir='ltr'>δεσπότου</span> <span class='ocrx_word' id='word_1_322' title='bbox 893 2736 1002 2781; x_wconf 78' lang='grc' dir='ltr'>φύσιν</span> <span class='ocrx_word' id='word_1_323' title='bbox 1027 2736 1193 2780; x_wconf 78' lang='grc' dir='ltr'>σημαίνει,</span> <span class='ocrx_word' id='word_1_324' title='bbox 1219 2734 1238 2778; x_wconf 83' lang='grc' dir='ltr'>ἢ</span> <span class='ocrx_word' id='word_1_325' title='bbox 1263 2735 1323 2778; x_wconf 85' lang='grc' dir='ltr'>τὴν</span> <span class='ocrx_word' id='word_1_326' title='bbox 1346 2734 1528 2775; x_wconf 86' lang='grc' dir='ltr'>βασιλείαν</span> <span class='ocrx_word' id='word_1_327' title='bbox 1553 2734 1667 2776; x_wconf 82' lang='grc' dir='ltr'>αὐτοῦ,</span> <span class='ocrx_word' id='word_1_328' title='bbox 1691 2735 1920 2777; x_wconf 82' lang='grc' dir='ltr'>παρεστώτων</span> 
     </span>
     <span class='ocr_line' id='line_1_35' title="bbox 334 2779 1918 2830; baseline -0.004 -11"><span class='ocrx_word' id='word_1_329' title='bbox 334 2785 442 2818; x_wconf 73' lang='grc' dir='ltr'>αὐτῶν</span> <span class='ocrx_word' id='word_1_330' title='bbox 462 2784 567 2830; x_wconf 82' lang='grc' dir='ltr'>[αὐτῷ</span> <span class='ocrx_word' id='word_1_331' title='bbox 586 2783 672 2830; x_wconf 89' lang='lat' dir='ltr'>a.k.]</span> <span class='ocrx_word' id='word_1_332' title='bbox 693 2785 728 2818; x_wconf 81' lang='grc' dir='ltr'>ἐν</span> <span class='ocrx_word' id='word_1_333' title='bbox 746 2784 896 2829; x_wconf 80' lang='grc' dir='ltr'>σχήματι</span> <span class='ocrx_word' id='word_1_334' title='bbox 914 2783 1068 2817; x_wconf 84' lang='grc' dir='ltr'>δουλείας</span> <span class='ocrx_word' id='word_1_335' title='bbox 1085 2786 1150 2816; x_wconf 83' lang='grc' dir='ltr'>τῶν</span> <span class='ocrx_word' id='word_1_336' title='bbox 1168 2782 1334 2826; x_wconf 79' lang='grc' dir='ltr'>Σεραφὶμ,</span> <span class='ocrx_word' id='word_1_337' title='bbox 1353 2781 1373 2814; x_wconf 80' lang='grc' dir='ltr'>ἂ</span> <span class='ocrx_word' id='word_1_338' title='bbox 1391 2781 1542 2824; x_wconf 79' lang='grc' dir='ltr'>ὑπεράνω</span> <span class='ocrx_word' id='word_1_339' title='bbox 1561 2780 1636 2814; x_wconf 81' lang='grc' dir='ltr'>ἐστι</span> <span class='ocrx_word' id='word_1_340' title='bbox 1653 2780 1707 2813; x_wconf 78' lang='grc' dir='ltr'>καὶ</span> <span class='ocrx_word' id='word_1_341' title='bbox 1724 2779 1918 2822; x_wconf 78' lang='grc' dir='ltr'>ἐντιμότερα</span> 
     </span>
     <span class='ocr_line' id='line_1_36' title="bbox 334 2825 1917 2875; baseline -0.004 -11"><span class='ocrx_word' id='word_1_342' title='bbox 334 2834 400 2864; x_wconf 89' lang='grc' dir='ltr'>τῶν</span> <span class='ocrx_word' id='word_1_343' title='bbox 428 2831 584 2875; x_wconf 80' lang='grc' dir='ltr'>ἀγγέλων</span> <span class='ocrx_word' id='word_1_344' title='bbox 613 2832 758 2865; x_wconf 82' lang='grc' dir='ltr'>πάντων.</span> <span class='ocrx_word' id='word_1_345' title='bbox 803 2829 1154 2875; x_wconf 81' lang='grc' dir='ltr'>διερμηνεὺεται-μία</span> <span class='ocrx_word' id='word_1_346' title='bbox 1184 2828 1302 2871; x_wconf 83' lang='grc' dir='ltr'>θεότης</span> <span class='ocrx_word' id='word_1_347' title='bbox 1330 2828 1382 2872; x_wconf 84' lang='lat' dir='ltr'>(in</span> <span class='ocrx_word' id='word_1_348' title='bbox 1412 2828 1473 2862; x_wconf 84' lang='lat' dir='ltr'>ES.</span> <span class='ocrx_word' id='word_1_349' title='bbox 1504 2837 1566 2860; x_wconf 86' lang='lat'>102</span> <span class='ocrx_word' id='word_1_350' title='bbox 1585 2838 1614 2866; x_wconf 83' lang='lat' dir='ltr'>e,</span> <span class='ocrx_word' id='word_1_351' title='bbox 1645 2836 1708 2869; x_wconf 86' lang='lat'>103</span> <span class='ocrx_word' id='word_1_352' title='bbox 1738 2825 1917 2858; x_wconf 80' lang='lat' dir='ltr'>nonnullis</span> 
     </span>
     <span class='ocr_line' id='line_1_37' title="bbox 334 2872 1917 2923; baseline -0.003 -14"><span class='ocrx_word' id='word_1_353' title='bbox 334 2877 489 2920; x_wconf 83' lang='lat' dir='ltr'>omissis)</span> <span class='ocrx_word' id='word_1_354' title='bbox 501 2878 618 2922; x_wconf 82' lang='grc' dir='ltr'>ὥσπερ</span> <span class='ocrx_word' id='word_1_355' title='bbox 635 2879 701 2923; x_wconf 80' lang='grc' dir='ltr'>γὰρ</span> <span class='ocrx_word' id='word_1_356' title='bbox 719 2879 737 2911; x_wconf 89' lang='grc' dir='ltr'>ὁ</span> <span class='ocrx_word' id='word_1_357' title='bbox 754 2877 1005 2922; x_wconf 70' lang='grc' dir='ltr'>ἄνθραξ-ἤτοι</span> <span class='ocrx_word' id='word_1_358' title='bbox 1021 2873 1333 2920; x_wconf 77' lang='grc' dir='ltr'>προσαγορεύσεων</span> <span class='ocrx_word' id='word_1_359' title='bbox 1349 2874 1402 2907; x_wconf 75' lang='grc' dir='ltr'>καὶ</span> <span class='ocrx_word' id='word_1_360' title='bbox 1418 2876 1608 2917; x_wconf 85' lang='grc' dir='ltr'>μαρτυριῶν</span> <span class='ocrx_word' id='word_1_361' title='bbox 1618 2873 1651 2915; x_wconf 89' lang='lat' dir='ltr'>(e</span> <span class='ocrx_word' id='word_1_362' title='bbox 1670 2883 1795 2905; x_wconf 82' lang='lat' dir='ltr'>comm.</span> <span class='ocrx_word' id='word_1_363' title='bbox 1808 2872 1844 2905; x_wconf 84' lang='lat' dir='ltr'>in</span> <span class='ocrx_word' id='word_1_364' title='bbox 1858 2872 1917 2905; x_wconf 88' lang='lat' dir='ltr'>Es.</span> 
     </span>
     <span class='ocr_line' id='line_1_38' title="bbox 340 2924 604 2966; baseline 0.011 -10"><span class='ocrx_word' id='word_1_365' title='bbox 340 2931 401 2966; x_wconf 87' lang='lat'>107</span> <span class='ocrx_word' id='word_1_366' title='bbox 423 2934 450 2964; x_wconf 84' lang='lat' dir='ltr'>e,</span> <span class='ocrx_word' id='word_1_367' title='bbox 474 2924 537 2956; x_wconf 84' lang='lat'>108</span> <span class='ocrx_word' id='word_1_368' title='bbox 557 2924 604 2965; x_wconf 86' lang='lat' dir='ltr'>c).</span> 
     </span>
    </p>
   </div>
  </div>
 </body>
</html>
