2037 3266
341 150 425 191 604
744 152 794 192 B.
829 152 1102 194 CYRILLI
1145 152 1530 194 ALEXANDR.
1768 167 1836 193 xv.
1859 161 1925 205 25.

343 264 404 313 εἰς
436 258 552 326 ὄψιν
576 262 745 312 ἐλθεῖν·
801 261 918 315 ἰ’σως
952 261 1044 329 γὰρ
1084 261 1142 312 ἂν
1180 262 1598 330 ἐξεμηχανήσαντο
1637 259 1718 311 τὸν
1745 261 1821 311 ἐπὶ
1859 262 1926 328 τῷ

343 341 768 407 συγγινώσκεσθαι
808 347 902 394 δεῖν
937 345 1038 406 οὐκΑ
1060 344 1282 411 ἄκομψον
1323 343 1471 409 λόγον
1520 344 1625 394 Οὐκ
1664 341 1926 406 ἀκηκόαμέν

343 447 388 476 τι
424 428 519 475 τῶν
545 426 812 491 ἀναγκαίων
838 427 941 476 οὔτε
979 424 1073 488 μὴν
1099 425 1354 488 τεθεάμεθά
1393 448 1452 488 τι,
1477 426 1711 491 λέγοντες,
1741 428 1837 475 τῶν
1864 427 1926 476 εἷς

343 506 507 558 πίστιν
534 508 812 572 ἐπαγωγῶν.
862 506 1017 571 ἐπειδὴ
1044 507 1092 558 δὲ
1119 508 1206 575 οὐχ
1231 507 1333 561 ἑνὸς
1358 512 1452 558 τῶν
1479 507 1625 573 ἁγίων
1650 510 1925 574 προφητῶν,

304 607 325 634 e
344 590 454 640 ἀλλ’
483 589 624 640 αὐτοῦ
650 595 732 640 τοῦ
759 589 937 640 ἄνωθεν
962 588 1156 654 ἥκοντός
1185 612 1235 640 τε
1271 592 1345 640 καὶ
1383 591 1444 643 ὡς
1479 589 1600 653 ἡμᾶς
1631 588 1925 651 ἐσταλμένου
1944 606 1967 644 5

344 671 704 722 διεπυνθάνοντο
729 675 959 738 Χριστοῦ,
986 671 1117 722 ἀλλὰ
1143 674 1218 722 καὶ
1246 671 1394 741 ξένων
1421 669 1672 735 θαυμάτων
1698 668 1926 736 γεγόνασι

344 754 525 819 θεωροί·
579 758 767 823 τυφλοῦ
801 753 895 820 γὰρ
935 752 1216 822 ὀφθαλμοὺς
1243 753 1447 823 ἀνέῳξεν
1474 755 1498 804 ὁ
1525 751 1750 819 Χριστὸς,
1778 751 1926 802 καίτοι

341 834 540 899 μηδενὸς
578 835 733 901 ἑτέρου
767 835 957 886 πώποτε
992 835 1267 900 δυνηθέντος
1297 833 1508 886 τοιοῦτόν
1533 857 1577 884 τι
1603 832 1919 900 ἐργάσασθαι·

341 918 391 967 τί
418 916 502 979 τὴν
528 922 623 968 τῶν
648 919 887 969 Ἰουδαίων
914 917 1138 969 ἀπόνοιαν
1165 917 1495 986 ἐξαιρήσεται3
1539 914 1568 980 ἢ
1595 920 1727 969 ποῖος
1754 915 1925 984 ἐξοίσει

340 1005 424 1049 τοῦ
472 998 756 1066 κολάζεσθαι
808 999 984 1066 λόγος;
1052 998 1340 1052 ἀκούσαντες
1383 998 1476 1064 γὰρ
1522 999 1596 1049 καὶ
1647 996 1925 1060 τεθεαμένοι,
1948 1023 1996 1048 10

339 1084 625 1150 μεμισήκασι
670 1089 746 1134 καὶ
787 1081 870 1133 τὸν
910 1081 1027 1134 Υἱὸν
1069 1085 1148 1134 καὶ
1189 1082 1258 1133 τὶν
1291 1079 1487 1150 Πατέρα.
1544 1079 1838 1144 μεμισήκασι
1876 1078 1926 1129 δὲ

341 1169 440 1218 πῶς
461 1187 471 1226 ;
513 1166 614 1216 οὕτε
640 1164 732 1231 γὰρ
753 1164 835 1216 τὸν
862 1164 991 1231 παρὰ
1013 1162 1204 1231 Πατρὸς
1230 1163 1285 1214 δι’
1314 1167 1431 1214 Υἱοῦ
1459 1161 1738 1226 τετιμήκασι
1764 1162 1925 1227 λόγον,

341 1249 445 1298 οὔτε
477 1247 571 1311 μὴν
602 1252 697 1301 τοῖς
731 1250 813 1311 τῆς
852 1246 977 1301 θείας
1017 1245 1209 1314 φύσεως
1255 1245 1420 1311 ἔργοις,
1460 1243 1514 1295 τὸ
1553 1245 1706 1296 αὐτοῖς
1745 1242 1926 1308 πρέπον

342 1329 656 1393 ἀτιμάσαντες
695 1333 865 1393 θαῦμα,
906 1332 1252 1389 δυσσεβοῦντες
1290 1330 1498 1393 ἐναργῶς
1536 1330 1597 1380 εἷς
1636 1326 1755 1389 ὅλην
1794 1325 1922 1376 ἁλώ-

121 1426 212 1460 908
226 1426 276 1461 A.
303 1434 509 1462 aoovrac
548 1411 633 1475 τὴν
672 1412 850 1462 τούτων
886 1410 1086 1477 ἐργάτην
1125 1415 1207 1461 τοῦ
1243 1413 1368 1460 Θεοῦ
1408 1408 1571 1477 φύσιν.
1623 1412 1919 1473 θαυματουρ-
1949 1429 1995 1467 15

340 1498 501 1559 γοῦντι
527 1492 619 1559 γὰρ
645 1497 712 1562 τῷ
730 1497 845 1562 Υἱῴ,
866 1495 1015 1556 συνῆν
1042 1491 1192 1556 δήπου
1217 1490 1406 1544 πάντως
1433 1492 1508 1541 καὶ
1535 1489 1673 1543 αὐτὸς
1695 1490 1719 1539 ὁ
1741 1489 1925 1554 Πατὴρ,

341 1576 428 1642 οὐχ
453 1577 513 1628 ὡς
545 1576 697 1641 ἕτερος
737 1577 790 1625 δι’
829 1575 985 1640 ἑτέρου
1024 1573 1168 1641 τυχὸν
1195 1575 1398 1640 ἐνεργῶν
1423 1572 1482 1623 τὰ
1520 1571 1758 1635 θαύματος
1798 1571 1924 1638 ἄξια,

340 1659 449 1708 ἀλλ’
481 1660 543 1711 ὡς
570 1655 633 1708 ὧν
660 1659 707 1709 ἐν
733 1660 835 1726 Υὶῲ
871 1656 946 1707 διὰ
981 1656 1067 1719 τὴν
1093 1655 1357 1720 ταυτότητα
1391 1657 1472 1718 τῆς
1500 1654 1691 1722 φύσεως
1730 1654 1806 1703 καὶ
1844 1655 1926 1716 τῆς

340 1740 504 1793 οὐσίας
543 1739 596 1790 τὸ
635 1739 1024 1805 ἀπαράλλακτον.
1092 1738 1343 1805 ἀχάριστοι
1378 1742 1630 1803 τοιγαροῦν
1656 1738 1697 1786 οὶ
1726 1735 1926 1788 τάλανες

339 1820 569 1883 Ἰουδαῖοι,
609 1823 683 1872 καὶ
723 1823 796 1872 ἐπὶ
823 1825 987 1888 πολλῇ
1031 1824 1088 1886 τῇ
1129 1820 1447 1887 ἀγνωμοσύνῃ
1487 1819 1597 1868 λίαν
1637 1816 1927 1883 κατηγορού-
1948 1840 1997 1864 20

339 1927 482 1967 μενοι,
523 1904 576 1954 δι’
621 1902 806 1956 οὐδενὸς
848 1901 932 1966 μὲν
974 1901 1157 1969 ἔχοντες
1197 1901 1346 1967 λόγου
1387 1900 1473 1963 τὴν
1515 1898 1803 1966 ἀσύγκριτον
1842 1904 1926 1949 τοῦ

341 1989 560 2051 Σωτῆρος
599 1985 926 2046 διδασκαλίαν,
954 1983 1251 2050 ἀτιμάζοντες
1290 1981 1339 2033 δὲ
1377 1981 1498 2048 πρὸς
1535 1982 1685 2050 τούτῳ
1721 1982 1774 2031 δι’
1805 1984 1923 2031 Υὶοῦ

340 2069 414 2118 καὶ
451 2069 499 2118 ἐν
524 2071 626 2137 Υὶῷ
663 2066 749 2131 τὴν
774 2071 857 2117 τοῦ
891 2065 1083 2131 Πατρὸς
1118 2065 1280 2134 φύσιν,
1315 2065 1464 2115 καίτοι
1499 2068 1594 2114 τῶν
1627 2061 1741 2126 ὑπὲρ
1777 2061 1926 2128 λόγον

295 2156 321 2196 b
340 2151 494 2203 αὐτοῖς
530 2147 781 2212 θαυμάτων
807 2151 1165 2214 ἀναδειχθεῖσαν
1197 2145 1494 2212 δημιουργὸν,
1522 2146 1595 2214 ἐφ’
1624 2144 1690 2198 οἷς
1722 2143 1780 2208 ἦν
1807 2142 1925 2198 εἶκὸς

341 2234 416 2281 καὶ
466 2230 548 2282 τὸν
595 2229 789 2299 σφόδρα
838 2229 1056 2295 σκληρὸν
1101 2231 1175 2279 καὶ
1225 2227 1448 2292 δυσήνιον
1498 2227 1707 2292 ἄγεσθαί
1749 2249 1799 2277 τε
1850 2227 1925 2276 καὶ
1947 2244 1994 2283 25

341 2317 589 2362 καλεῖσθαι
613 2312 781 2363 λοιπὸν
808 2315 870 2365 εἷς
905 2310 958 2361 τὸ
987 2315 1177 2378 φρονεῖν
1204 2309 1436 2360 δύνασθαι
1471 2308 1530 2359 τὰ
1565 2307 1719 2359 εἰκότα
1756 2311 1830 2359 καὶ
1865 2307 1925 2358 τὰ

341 2395 395 2445 δι’
422 2392 485 2444 ῶν
511 2394 598 2444 ε”δει
624 2397 851 2457 τιμᾶσθαι
882 2390 1021 2443 Θεόν.

276 2549 447 2597 25Ἀλλ’
489 2549 557 2590 ἵνα
592 2553 803 2604 ΠλΗρωθῌ
838 2550 860 2589 ὁ
899 2549 1022 2594 >xm-oc
1060 2549 1082 2589 ὁ
1121 2548 1164 2587 ἐν
1196 2549 1258 2599 τῷ
1293 2547 1411 2599 νόμῳ
1443 2544 1584 2586 αὐτῶν
1624 2544 1921 2600 τετραμμένος,

823 2632 887 2673 ὅτι
924 2630 1130 2679 ἐμίσΗσάν
1169 2645 1219 2677 με
1258 2629 1440 2685 δωρεάν.

416 2743 543 2795 Οὐδὲ
578 2750 717 2795 τοῦτο
751 2742 833 2807 μὲν
859 2742 1088 2809 ἀγνοηθὲν
1113 2747 1179 2812 τῷ
1211 2742 1269 2793 τὰ
1294 2741 1451 2793 πάντα
1483 2738 1922 2807 προανακηρύξαντι
1943 2764 1992 2800 30

388 2879 421 2910 9.
447 2871 512 2900 τῶν
529 2872 751 2912 assumptum
769 2879 810 2901 ex
831 2868 871 2901 E.
1020 2876 1070 2909 15.
1094 2866 1229 2911 ἐργάτιν
1246 2865 1442 2899 emendavit
1461 2864 1596 2908 Migne.
1733 2872 1787 2895 21.
1813 2861 1921 2904 λόγου

341 2915 400 2946 τοῦ
418 2913 477 2955 τὴν
497 2913 576 2955 (sic)
598 2913 639 2947 E.
871 2913 924 2954 28,
946 2924 1000 2958 29.
1029 2912 1272 2958 Sequebantur
1291 2912 1373 2945 haec
1392 2911 1496 2945 verba
1515 2911 1549 2943 in
1569 2909 1636 2944 Ed.
1655 2915 1686 2942 et
1706 2909 1760 2953 (ut
1779 2906 1864 2950 vid.)
1885 2906 1919 2939 in

342 2960 437 2994 hbris
457 2960 530 2993 sine
549 2970 668 3003 pausa.
