2022 3272
87 121 212 149 xv,z.
333 111 401 150 IN
447 111 487 151 S.
523 110 860 150 JOANNEM.
925 110 1048 150 Llss.
1084 111 1134 150 X.
1198 110 1335 151 CAP.
1373 110 1431 150 ΙΙ.
1595 110 1677 147 553

87 223 114 245 ‘⁶
140 219 434 283 γνωσθέντες
488 219 578 270 ὑπὸ
625 223 766 281 Θεοῦ,
808 223 909 272 πῶς
954 219 1101 269 πάλιν
1148 219 1452 286 ἐπιστρέφετε
1499 220 1573 269 ε’πὶ
1619 218 1677 268 τὰ

87 306 114 328 “
139 301 317 364 ἀσθενῆ
344 303 419 352 καὶ
444 300 614 368 πτωχὰ
640 306 854 368 στοιχεῖα
880 306 962 351 τοῦ
990 299 1192 363 κόσμου,
1223 300 1289 353 οἷς
1325 301 1472 351 πάλιν
1500 301 1678 351 ἄνωθεν

87 388 115 410 “
141 383 379 432 δουλεύειν
406 384 568 434 θέλετε
589 385 630 445 ;”
673 383 747 433 ὅτε
776 384 931 433 τοίνυν
958 386 999 433 οἱ
1035 388 1130 436 τοῖς
1167 383 1392 433 ἀσθενέσι
1428 383 1679 448 στοιχείοις

86 464 323 515 δουλεύειν
355 465 573 518 θέλοντες
607 467 971 531 ἀλλοτριοῦνται
999 468 1229 530 Χριστοῦ,
1257 470 1559 515 συνενοῦνται
1595 486 1674 529 γε-

44 544 178 609 5μὴν
213 550 253 596 οἱ
293 546 529 597 δουλεύειν
568 548 651 597 οὐκ
691 547 963 614 ἀνεχόμενοι
1003 551 1060 614 τῇ
1101 548 1251 597 κτίσει
1290 546 1420 613 παρὰ
1457 545 1540 597 τὸν
1575 546 1675 596 κτί-

85 650 254 690 σαντα,
282 633 381 681 πῶς
418 630 500 679 οὐκ
537 629 671 680 ἔσται
704 633 799 680 τῶν
831 628 1225 695 ὁμολογουμένων
1258 628 1329 679 ὅτι
1368 629 1543 693 τρόπος
1582 633 1678 681 τοῖς

84 708 141 777 ἐξ
162 711 308 760 ἐθνῶν
335 711 359 760 ὁ
386 714 468 774 τῆς
496 710 849 777 διακαθάρσεως
874 710 1008 761 ε”σται
1036 713 1117 774 τῆς
1149 712 1348 777 ἀρχαίας
1383 710 1567 774 ἀπάτης
1602 710 1677 761 διὰ

83 797 167 842 τοῦ
194 791 470 856 Πνεύματος
503 793 881 861 ἐπωφελεστάτη
914 792 1035 857 τομὴ
1070 797 1165 844 πᾶν
1192 790 1309 846 εἶδος
1347 793 1457 857 ἡμῖν
1484 794 1716 858 ἀγαθῶνο

82 873 396 940 πολυτρόπως
422 876 859 942 ἀντεισκομίζουσα.
915 877 963 926 ἐν
990 874 1083 940 γὰρ
1110 878 1168 942 τῇ
1200 879 1294 926 τῶν
1322 875 1523 944 φαύλων
1551 876 1671 925 ἀπο-

18 981 65 1005 10
85 955 211 1006 θέσει
250 959 325 1007 καὶ
367 958 590 1024 ἀποβολῇ
629 957 683 1008 τὸ
722 961 805 1021 τῆς
845 960 1011 1023 ἀρετῆς
1056 958 1424 1023 ἀντεισκρῖνεται
1474 955 1672 1010 κάλλος.

84 1037 204 1089 ὅπου
241 1037 334 1105 γὰρ
373 1038 632 1107 αἰσχρότης
673 1038 896 1102 ἐκποδὼν,
936 1042 1029 1090 ἐκεῖ
1063 1039 1116 1090 τὸ
1157 1037 1335 1103 σεμνὸν
1373 1040 1558 1106 ἀνίσχει
1600 1041 1677 1090 καὶ

84 1120 312 1188 φαίνεται.

160 1204 451 1267 Σημειωτεόν
487 1205 549 1266 δὲ,
585 1203 655 1255 ὅτι
695 1203 771 1255 διὰ
809 1202 895 1268 μὲν
933 1210 1016 1255 τοῦ
1050 1204 1328 1267 Πνεύματος
1369 1205 1394 1268 ἡ
1433 1203 1676 1271 περιτομὴ,

83 1283 171 1347 τὴν
201 1289 283 1349 τῆς
322 1286 674 1353 διακαθάρσεως
711 1288 1066 1353 ἀποπληροῦσα
1104 1288 1265 1355 χρείαν
1292 1289 1339 1337 ἐν
1368 1287 1490 1350 ἡμῖν,
1526 1309 1672 1353 χορη-

18 1386 64 1421 ¹5
84 1366 169 1432 γὸς
204 1367 253 1418 δὲ
287 1375 370 1419 τοῦ
400 1368 676 1432 Πνεύματος
708 1370 732 1419 ὁ
760 1368 874 1422 Υἱός
900 1376 927 1398 “
947 1368 1074 1419 Ἀπὸ
1111 1368 1206 1435 γὰρ
1238 1375 1320 1419 τοῦ
1354 1368 1676 1434 πληρώματος
1736 1360 1845 1435 ξςᾞέζᾶ

83 1450 280 1500 “ath-013
305 1449 476 1504 πάντες
502 1451 631 1515 ἡμεῖς
657 1451 908 1514 ἐλάβομεν
910 1452 934 1467 ”
965 1450 1083 1501 κατὰ
1118 1451 1203 1514 τὴν
1229 1450 1452 1501 Ἰωάννου
1486 1449 1670 1518 φωνὴν,

84 1554 160 1582 και
211 1532 350 1587 αὐτός
399 1534 531 1584 ἐστιν
582 1535 607 1584 ὁ
655 1532 776 1600 πρὸς
824 1533 945 1597 ἡμᾶς
996 1533 1139 1584 εἰπών
1185 1540 1211 1562 “
1238 1532 1424 1595 Λαβετε
1478 1536 1715 1595 Πνεῦμαει
1753 1545 1900 1580 871Α-

84 1617 140 1644 ‘⁶
138 1613 349 1681 ’.Αγιον”
392 1617 570 1682 ἐνεργεῖ
590 1621 840 1681 τοιγαροῦν
867 1615 954 1680 τὴν
980 1639 1042 1669 εις
1078 1616 1199 1679 ἡμᾶς
1234 1614 1580 1681 ἀνακάθαρσιν,
1612 1617 1675 1668 ὡς·
1738 1595 1828 1669 ἔξω
1842 1606 1897 1626 xx.

83 1698 132 1747 ἐν
170 1696 332 1767 τρόπῳ
370 1701 454 1762 τῆς
496 1698 572 1748 διὰ
610 1704 694 1750 τοῦ
736 1697 1016 1761 Πνεύματος
1055 1697 1303 1761 νοουμένης
1340 1700 1610 1764 περιτομῆς,
1650 1699 1675 1748 ὁ

15 1798 64 1822 20
86 1780 254 1847 Πατὴρ
294 1782 348 1830 δι’
390 1784 522 1831 Υἱοῦ.
579 1780 825 1832 κεκένωται
865 1781 1021 1831 τοίνυν
1058 1777 1113 1831 τὸ
1154 1778 1324 1846 πικρὸν
1364 1781 1439 1830 καὶ
1480 1779 1675 1830 ἀνόσιον

82 1867 178 1913 τῶν
222 1864 276 1914 δι’
323 1863 532 1917 ἐναντίας
579 1862 817 1927 τόλμημα,
862 1861 927 1926 μὴ
979 1860 1364 1912 καταδεισοῖντων
1409 1865 1565 1923 εἰπεῖν,
1613 1863 1674 1914 ὡς

82 1945 270 2011 ἐπείπερ
306 1945 522 2008 ἄμπελον
552 1943 636 2008 μὲν
666 1943 831 1995 ἑαυτὸν
858 1944 1036 2010 εἴρηκεν
1064 1945 1088 1994 ὁ
1116 1942 1245 2005 Υἱὸς,
1271 1941 1485 2008 γεωργὸν
1511 1942 1559 1993 δὲ
1593 1940 1675 1993 τὸν

85 2028 279 2093 Πατέρα
317 2029 393 2077 καὶ
432 2026 570 2089 Θεὸν,
611 2027 636 2076 ὁ
680 2025 819 2079 αὐτὸς
864 2027 947 2076 οὐκ
994 2025 1129 2076 ἔσται
1175 2024 1294 2075 κατὰ
1340 2024 1490 2092 φύσιν
1528 2025 1669 2093 αὐτῶ.

83 2108 230 2174 λόγος
256 2108 350 2174 γὰρ
377 2110 521 2163 οὐδεὶς
548 2108 804 2175 ἐπιτρέψει,
826 2110 962 2176 φησὶ,
984 2106 1154 2158 ταυτὸν
1181 2111 1242 2161 εἷς
1269 2107 1437 2157 οὐσιαν
1462 2105 1675 2172 γεωργόν
1736 2113 1842 2188 ἓέξὲἃ

15 2205 63 2244 25
84 2214 133 2242 τε
160 2194 236 2242 καὶ
263 2191 480 2254 ἄμπελον
507 2190 721 2241 νοεῖσθαί
741 2213 870 2241 ποτε.
923 2189 1036 2240 ὅταν
1063 2191 1144 2240 οὖν
1166 2190 1437 2254 εὑρίσκηται
1464 2187 1674 2255 γεωργὸς

84 2274 109 2322 ὁ
139 2271 253 2326 Υἱὸς
292 2271 368 2323 διὰ
405 2275 488 2336 τῆς
525 2274 573 2323 ἐν
610 2272 852 2335 Πνεύματι
891 2274 1157 2338 περιτομῆς,
1197 2272 1547 2321 διακεισθωσαν
1585 2271 1718 2334 ἠδηί)

83 2347 269 2416 λοιπὸν,
313 2357 375 2408 ὡς
424 2355 612 2421 ἐπείπερ
656 2353 891 2418 ἀλλήλοις
935 2355 1156 2416 ὁμοειδεῖς
1207 2356 1250 2404 οἱ
1297 2354 1511 2418 γεωργοὶ,
1555 2351 1673 2403 καθὸ

83 2435 356 2504 πεφύκασιν
395 2436 647 2502 ἄνθρωποι,
686 2435 931 2501 πρόδηλον
970 2436 1041 2486 ὅτι
1079 2438 1162 2498 τῆς
1203 2434 1321 2500 πρὸς
1360 2434 1443 2485 τὸν
1479 2434 1674 2500 Πατέρα

85 2520 160 2569 καὶ
186 2517 310 2569 Θεὸν
338 2515 703 2581 ὁμοουσιότητος
730 2517 813 2567 οὐκ
840 2517 1094 2583 ἀλλότριος
1122 2518 1146 2567 ὁ
1171 2516 1300 2569 Υἱός.

136 2681 165 2705 1.
193 2668 438 2714 ε’πιστρεφεται
455 2669 496 2703 E.
676 2668 709 2701 8.
737 2682 819 2710 τομη
839 2667 941 2700 edidi.
960 2668 998 2700 τὸ
1015 2667 1059 2711 μὴ
1079 2666 1161 2700 E.F.
1183 2665 1248 2699 Ed.
1267 2680 1321 2710 γρ.
1341 2665 1493 2708 ἀποτομὴ
1513 2663 1578 2699 Ed.
1597 2676 1672 2708 mg.

85 2729 119 2762 9.
144 2716 308 2751 ἇποθεσει
328 2716 368 2749 Ε.
375 2716 400 2749 F
418 2727 489 2760 mg
509 2714 575 2748 Ed.
595 2725 666 2758 mg.
686 2714 847 2748 υποθέσει
866 2713 933 2747 Ed.
1128 2725 1181 2755 14.
1208 2712 1461 2756 διακαθάρσεως
1479 2711 1672 2746 emendavi.

85 2764 140 2798 διὰ
158 2764 355 2808 καθάρσεως
374 2761 440 2796 Ed.
587 2771 641 2806 25
668 2761 843 2805 εὑρίσκητε
865 2760 905 2794 E.

144 2982 235 3009 τοι.
262 2983 307 3009 11.
846 2982 872 3018 4
897 2981 917 3006 Β
