2022 3272
119 122 289 169 xiv.18.
367 132 439 173 IN
485 137 526 176 S.
561 137 897 184 JOANNEM.
961 143 1084 185 LIB.
1120 145 1196 187 IX.
1259 147 1393 190 CAP.
1429 148 1463 190 Ι.
1624 149 1703 188 471

117 239 430 303 εἷσκομισειεν
468 245 539 298 ἄν.
597 247 673 299 ι’να
718 272 874 302 τοινυν
913 253 1122 324 ἐπιδειξῃ
1161 261 1350 326 σαφῶς,
1388 258 1458 309 ὅτι
1502 258 1585 309 τὸν
1626 281 1707 321 της
1727 267 1752 308 b

115 319 384 414 ἑτερότητος
428 325 578 393 λόγον
620 331 674 380 06
719 333 828 383 καθ’
870 333 1028 401 ἔτερόν
1069 361 1174 388 τινα
1223 343 1433 390 νοεῖσθαι
1483 341 1708 401 βούλεται

114 399 304 466 τρόπον,
333 407 466 459 ἀλλὰ
500 410 620 462 κατὰ
654 412 802 476 μόνον
829 415 883 466 τὸ
920 418 1044 472 ἱδιως
1081 419 1308 488 ὑπάρχειν
1342 421 1469 473 αὐτό·
1514 426 1710 485 Πνεῦμα

114 482 207 549 γὰρ
244 485 299 537 τὸ
334 491 530 554 Πνεῦμα
568 516 644 544 και
684 497 772 564 οὐχ
803 496 994 562 Υἱὸς,
957 523 1120 568 ωσπερ
1160 504 1242 553 οὖν
1274 502 1389 558 Υἱὸς
1424 506 1449 555 6
1480 503 1595 558 Υἱὸς
1633 505 1709 554 καὶ

71 566 168 615 5οὐ
210 569 395 637 Πατήρ·
439 575 875 641 ἀποσταλησεσθαι
914 579 996 632 τὸν
1025 584 1348 650 Παράκλητον
1386 586 1542 646 εἰπὼν,
1569 586 1708 640 αὐτὸς

114 647 243 749 7ἷξειν
269 653 631 720 ἐπαγγέλλεται,
659 661 745 728 οὐχ
771 661 928 728 ετερόν
955 687 999 714 τι
1025 664 1080 715 τὸ
1110 670 1304 731 Πνεῦμα
1332 667 1557 723 δεικνὺς
1536 694 1564 734 η
1593 669 1707 734 ὅπερ

115 732 246 782 ἐστιν
272 735 425 799 αὐτὸς,
453 740 640 806 ε’πειπερ
676 743 808 794 ἐστὶν
833 746 882 795 ἐκ
917 752 1000 797 τοῦ
1028 748 1220 815 Πατρὸς
1258 750 1374 802 ιδιον
1403 755 1600 815 Πνεῦμα
1631 775 1707 802 και

115 814 257 865 αὐτοῦ
282 823 468 870 νοεῖται·
507 823 583 872 καὶ
610 829 717 877 νοῦς
742 826 885 877 αὑτοῦ
912 827 988 878 διὰ
1014 835 1152 881 τοῦτο
1188 854 1264 883 και
1302 831 1589 896 ὠνόμασται
1631 837 1706 886 καὶ

113 901 230 961 γοῦν
255 899 281 948 6
310 900 505 956 Παῦλος
541 908 696 972 φησιν
721 907 835 959 αὐτὸ
873 908 930 974 δὴ
965 917 1105 962 τοῦτο
1139 936 1386 1012 σημαινων
1413 923 1441 944 “
1459 916 1627 979 Ημεΐς
1656 916 1704 968 δε

46 984 140 1017 10“
169 984 279 1030 νοῦν
321 984 538 1049 Χριστοῦ
587 987 799 1055 ε”χομεν.”
859 1014 1096 1048 συνιεντες
1140 1018 1297 1048 τοινυν
1339 998 1490 1063 ὀρθῶς
1535 1020 1584 1048 τε
1630 1022 1705 1050 και

113 1061 351 1127 ἀπλανῶς,
376 1067 451 1116 καὶ
478 1065 532 1118 τὸ
557 1069 872 1136 ἐκτρεπεσθαί
894 1097 975 1125 ποι
1001 1076 1131 1141 παρὰ
1157 1076 1210 1129 τὸ
1243 1077 1362 1133 εἰκὸς
1400 1082 1462 1134 ὡς
1497 1080 1707 1135 ἀκαλλὲς

114 1143 428 1210 διωθούμενοι,
476 1152 551 1200 καὶ
595 1157 692 1206 τοῖς
742 1176 825 1217 της
877 1158 1195 1210 θεοπνεύστου
1246 1165 1437 1230 γραφῆς
1488 1161 1706 1226 ἑπόμενοι

114 1224 289 1291 λόγοις,
318 1231 526 1297 φαμὲν“’
502 1255 574 1283 οτι
601 1235 688 1302 οὐχ
714 1235 871 1302 ἕτερόν
894 1261 938 1289 τι
966 1241 1076 1307 παρ’
1105 1241 1260 1306 αὐτὸν,
1285 1243 1403 1295 ὅσον
1430 1245 1538 1310 ἧκεν
1563 1250 1706 1297 εἷπειν

113 1311 176 1361 εἷς
220 1312 482 1377 ταυτότητα
529 1317 752 1384 φυσικὴν,
797 1321 1084 1388 διῃρημενως
1127 1347 1176 1374 τε
1221 1348 1296 1376 και
1339 1327 1700 1383 Ξδιοσυστάτως

48 1397 92 1434 ¹5
112 1396 250 1442 τοῦτο
276 1392 367 1460 γὰρ
394 1393 520 1458 οἶμαι
546 1401 703 1453 συνεὶς
729 1403 804 1452 καὶ
841 1404 865 1453 ὁ
905 1407 1159 1460 θεσπέσιος
1189 1411 1385 1462 Παῦλος
1409 1411 1704 1477 παραμίσγει

110 1473 358 1538 πολλάκις,
393 1499 468 1528 και
507 1481 568 1533 ὡς
607 1481 777 1533 ταύτὸν
815 1481 870 1535 ὃν
907 1484 1127 1554 ἑκάτερον
1161 1490 1382 1558 εἷσφερει,
1419 1491 1501 1543 τὸν
1531 1493 1696 1560 Παρά-

1727 937 1748 964 ρ
1772 932 1784 954 1
1800 923 1874 954 Cor.

1768 967 1799 998 ii.
1819 967 1867 999 16.

112 1555 288 1619 κλητόν
320 1562 441 1627 φημι
480 1583 555 1612 και
595 1562 679 1614 τὸν
704 1564 838 1619 Υἱόν.
890 1568 1104 1635 εὑρησεις
1141 1571 1235 1638 γὰρ
1275 1572 1480 1640 λέγοντα
1507 1579 1615 1626 “Ei
1655 1576 1747 1629 δέᾱ
1770 1569 1866 1600 Rom

127 1643 234 1691 ζτις
276 1643 472 1706 Πνεῦμα
511 1647 728 1711 Χριστοῦ
772 1649 856 1700 οὐκ
895 1649 1002 1718 ἔχει,
1043 1653 1178 1708 οὗτος
1218 1655 1302 1706 οὐκ
1343 1656 1475 1707 ἐστιν
1515 1659 1699 1722 αὐτοῦ,”

113 1741 188 1770 και
227 1720 375 1773 παλιν
413 1725 548 1780 εὐθύς
590 1734 616 1756 “
640 1732 699 1779 Εἰ
741 1729 789 1781 δε
831 1733 1045 1798 Χριστὸς
1089 1737 1136 1786 ἐν
1177 1738 1296 1800 ὑμῖν,
1336 1737 1389 1789 τὸ
1430 1763 1516 1803 μεν
1558 1745 1701 1805 σῶμα

44 1820 93 1844 20
114 1808 139 1830 ‘⁶
166 1802 328 1869 νεκρὸν
359 1805 435 1856 διὰ
470 1807 557 1871 τὴν
588 1810 839 1876 ἀμαρτιαν,
869 1813 924 1865 τὸ
961 1815 1009 1866 δε
1038 1820 1235 1882 Πνεῦμα
1275 1819 1366 1886 ζωὴ
1406 1821 1482 1872 διὰ
1521 1824 1697 1873 δικαιο-

114 1884 364 1950 “συ’νην.”
412 1890 592 1945 ἀκούεις
630 1898 733 1947 πῶς
768 1895 1040 1961 Χριστὸν
1022 1922 1142 1966 εχειν
1182 1902 1435 1968 διαρῥηδην
1474 1905 1707 1969 ὁμολογεῖ

110 1965 219 2020 τοὺς
257 1966 310 2018 τὸ
340 1972 536 2034 Πνεῦμα
573 1973 813 2034 λαβόντας
853 1978 1030 2029 αὐτοῦ·
1020 2020 1031 2042 ,
1088 1984 1212 2049 φησὶ
1252 1981 1299 2033 δὲ
1337 2007 1412 2035 και
1451 1986 1500 2036 ἐν
1530 1986 1701 2052 ἑτεροις

111 2051 299 2099 αΔοκῶ
338 2073 432 2118 γαρ
470 2053 602 2119 κάγὼ
641 2059 836 2121 Πνεῦμα
877 2063 1001 2111 Θεοῦ
1040 2061 1177 2130 ἔχειν.
1183 2064 1207 2080 ’
1255 2066 1279 2115 6
1320 2066 1368 2116 δε
1405 2072 1545 2118 τοῦτο
1582 2067 1700 2134 πρὸς

110 2129 231 2193 ἡμᾶς
274 2133 416 2184 εἰπών
455 2142 481 2164 “
506 2140 563 2187 ΕΖ
603 2138 800 2203 δοκιμὴν
838 2141 1025 2207 ζητεῖτε,
1068 2147 1206 2213 φησι,
1250 2153 1333 2198 τοῦ
1372 2150 1421 2199 ἐν
1460 2151 1560 2212 ἐμοι
1604 2158 1696 2200 λα-

42 2217 90 2255 ²5
111 2218 138 2240 ‘⁶
164 2218 363 2269 λοῦντος
391 2220 648 2283 Χριστοῦ,’
676 2223 751 2272 καὶ
778 2222 888 2287 ἡμῖν
914 2223 963 2276 δε
998 2231 1094 2280 τοῖς
1123 2229 1492 2281 πεπιστευκόσιν
1517 2233 1697 2296 ἐνοικῆ-

110 2317 195 2355 σαι
222 2297 439 2362 Χριστὸν
466 2299 541 2350 δια
575 2305 659 2366 τῆς
693 2305 900 2359 πίστεως
934 2308 1217 2364 πολλακις’
1194 2311 1450 2381 επεύχεται,
1472 2313 1620 2365 καίτοι
1646 2314 1700 2366 τὸ

113 2379 308 2441 Πνεῦμα
334 2381 582 2448 δεχόμενος
608 2384 661 2436 τὸ
681 2385 854 2453 Αγιον.
899 2412 972 2440 και
999 2390 1065 2455 μή
1093 2415 1162 2446 τις
1189 2393 1359 2445 οἷεσθω
1386 2396 1590 2461 Ae'yew‘
1564 2401 1739 2461 7]μᾶς,ο

111 2457 182 2509 ὅτι
232 2464 326 2510 τῶν
370 2463 626 2529 ὀνομάτων,
672 2467 775 2531 ἠτοι
824 2475 919 2521 τῶν
958 2474 1235 2538 προσώπων
1280 2477 1462 2542 ἀναιρεῖ
1505 2477 1592 2542 τὴν
1637 2483 1700 2532 εἰς

109 2539 327 2610 ἑκατερον
352 2545 544 2609 στάσιν,
574 2547 600 2612 ἢ
638 2549 709 2599 ὅτι
744 2550 827 2601 τὸν
852 2553 969 2603 Υἱὸν
995 2555 1083 2622 οὐχ
1109 2554 1227 2606 Υἱὸν
1252 2554 1369 2608 εἶναι
1393 2562 1544 2625 φησιν
1568 2559 1700 2610 ἀλλα

39 2640 89 2676 30
111 2626 318 2689 Πνεῦμα,
353 2627 500 2693 ἠγουν
535 2628 588 2680 τὸ
625 2634 822 2696 Πνεῦμα
858 2637 1056 2698 Πνεῦμα
1093 2635 1179 2700 μὲν
1213 2639 1296 2688 οὐκ
1336 2637 1472 2703 οἶδεν,
1499 2640 1616 2692 Υὶὸν
1650 2641 1698 2693 δε

160 2804 190 2826 1.
218 2794 388 2837 κομίσειεν
406 2795 448 2829 Ε.
595 2808 679 2831 1-21
701 2798 783 2832 citat
801 2811 836 2844 p.
1004 2801 1231 2842 ,βούλεσθαι
1252 2803 1292 2838 Ε.
1445 2818 1477 2848 4.
1504 2808 1522 2840 6
1539 2807 1610 2843 υἱὸς
1627 2809 1697 2845 υἱὸς

109 2838 249 2873 inverso
267 2840 388 2875 ordine
408 2841 449 2877 E.
591 2852 625 2888 5.
651 2844 690 2878 οὐ
709 2845 749 2878 Ε.
755 2857 788 2889 p.
808 2846 884 2891 οὐχὶ
903 2812 998 2881 Ed?
1125 2850 1159 2883 8.
1185 2850 1238 2883 καὶ
1258 2851 1454 2886 secundum
1472 2862 1695 2899 assumptum

110 2897 152 2919 ex
171 2886 212 2920 Ε.
216 2898 251 2931 p.
375 2899 427 2923 ΙΙ.
454 2889 529 2935 ποι]
549 2906 593 2934 πη
613 2902 646 2934 p.
666 2906 717 2925 τοι
736 2892 1191 2940 Ε.15.παρασμίγει
1210 2897 1290 2940 (Sic)
1312 2897 1352 2931 E.
1486 2911 1538 2946 19.
1566 2900 1643 2945 ἡμῖν
1660 2914 1695 2947 p.

112 2943 167 2967 20.
193 2933 252 2976 τὴν
269 2942 492 2980 assumptum
510 2949 550 2972 ex
569 2950 614 2983 p.,
633 2937 676 2972 cf.
697 2950 802 2984 supra
822 2940 889 2985 378
903 2939 938 2974 b.
1084 2951 1139 2987 27.
1166 2943 1349 2989 δεχόμενον
1368 2945 1408 2979 Ε.

1767 1614 1832 1643 viii.
1850 1623 1879 1654 9.

1762 1759 1880 1792 Ib.10.

1766 2085 1779 2107 1
1794 2077 1868 2108 Cor.

1762 2121 1818 2152 vii.
1833 2129 1886 2158 40.

1765 2173 1779 2193 2
1795 2164 1870 2194 Cor.

1762 2208 1828 2239 xiii.
1849 2215 1878 2247 3.
