2037 3266
43 1038 46 1040 .
94 1005 148 1037 Ps.
167 1004 236 1037 lxii.

315 158 399 197 558
685 157 767 198 .B.
802 156 1082 198 CYRILLI
1123 155 1505 197 ALEXANDR.
1777 169 1845 195 xv.
1864 167 1904 204 4.

315 266 398 327 τῆς
424 267 698 331 εἰλικρινοῦς
723 287 772 316 τε
800 267 876 317 καὶ
903 268 1111 330 ἀληθοῦς
1137 263 1268 331 παρὰ
1293 269 1525 331 Χριστοῦ.
1577 265 1705 314 τουτὶ
1731 261 1824 328 γὰρ
1851 260 1908 313 ἂν

315 346 383 410 ε’ίη
430 345 485 397 τὸ
531 348 832 413 ἀριθμεῖσθαι
877 347 1048 399 λοιπὸν
1092 348 1141 398 ἐν
1185 345 1402 411 κλήμασι
1449 351 1546 399 τοῖς
1596 350 1654 414 τῇ
1705 342 1908 413 ἀμπέλῳ

314 429 688 497 προσπεφυκόσι
726 433 784 497 τῇ
823 430 1039 497 ἀληθινῇ,
1073 431 1195 498 φημὶ
1235 428 1291 493 δὴ
1330 431 1549 497 Χριστῷ.
1606 426 1821 493 δευτέρας
1860 425 1909 477 δὲ

316 508 443 573 οἶμαι
489 512 738 580 φροντίδος
789 510 981 576 καρπὸς,
1028 509 1128 561 κατ’
1170 511 1334 561 οὐδένα
1373 509 1551 576 τρόπον
1589 512 1672 574 τῆς
1716 508 1909 575 πρώτης

315 593 736 656 μειονεκτούμενος,
791 598 983 656 μᾶλλον
1035 592 1082 644 δὲ
1134 594 1209 643 καὶ
1259 592 1616 658 συντονωτέραν
1667 591 1788 658 έχων
1832 587 1949 659 ἐφ’5

276 675 465 742 οὲαυτῴ
520 698 606 739 την
655 674 900 740 μέριμναν,
952 674 1007 726 τὸ
1066 674 1357 741 ἐνηρμόσθαι
1412 679 1570 743 φιλεῖν
1625 676 1702 724 καὶ
1762 672 1912 740 ἀπριξ

316 757 510 823 ἔχεσθαι
548 763 632 808 τοῦ
671 761 810 821 Θεοῦ,
845 756 921 808 διὰ
961 760 1043 822 τῆς
1081 759 1129 807 ἐν
1165 779 1319 823 εργοις
1357 756 1608 821 νοουμένης
1645 754 1847 821 ἀγάπης,
1879 753 1909 819 ἢ

317 840 392 889 καὶ
436 841 518 902 τῆς
568 840 705 905 ἁγίας
749 862 799 891 τε
843 862 918 890 και
964 840 1088 892 θειας
1133 839 1326 902 ἐντολῆς
1371 837 1457 902 τὴν
1497 837 1752 904 πλήρωσιν
1796 860 1906 905 εχει.

317 925 456 972 τοῦτο
494 921 588 987 γὰρ
627 921 749 985 ἡμᾶς
787 919 1133 975 ἀδιασπάστως
1172 920 1449 988 ἐνυπάρχειν
1488 922 1614 989 αὐτῷ
1652 923 1728 970 καὶ
1766 921 1907 983 ἐμπε-

317 1005 498 1069 πῆχθαι
536 1009 670 1066 ποιεῖ,
706 1002 825 1055 κατὰ
858 1003 942 1054 τὸν
977 1003 1182 1069 λέγοντα
1218 1001 1492 1072 ψαλμῳδόν
1518 1001 1842 1066 (ὅἘκολλήθη
1883 1002 1981 1066 ἡιο

319 1090 346 1113 “
372 1085 507 1153 ψυχή
543 1109 634 1148 μου
669 1087 826 1136 ὀπίσω
861 1086 999 1136 σου.”
1043 1086 1127 1136 οὐκ
1156 1084 1343 1151 ἀρκέσει
1368 1089 1620 1151 τοιγαροῦν
1646 1083 1764 1150 πρὸς
1795 1083 1907 1135 ὀλό-

318 1173 497 1232 κληρον
542 1168 651 1231 ἡμῖν
696 1168 941 1232 θυμηδίαν,
984 1167 1086 1232 ἤτοι
1136 1165 1253 1233 πρὸς
1300 1167 1556 1233 ἀγιασμὸν,
1602 1165 1686 1217 τὸν
1733 1168 1795 1221 ὡς
1836 1167 1912 1217 ἐπὶ

316 1248 495 1299 ἐκθέσει
533 1255 616 1300 τοῦ
652 1248 924 1315 ἁγιάζοντος
963 1249 1084 1313 ἡμᾶς
1124 1253 1357 1315 Χριστοῦ,
1396 1248 1450 1300 τὸ
1490 1251 1789 1316 εἰσδεχθῆναι
1827 1246 1912 1311 μὲν

273 1332 380 1384 ᾶὼς
405 1332 453 1382 ἐν
480 1331 611 1401 τάξει
646 1330 920 1396 κλημάτων·
966 1335 1136 1399 χρῆναι
1172 1331 1220 1382 δὲ
1254 1331 1373 1397 πρὸς
1406 1331 1558 1400 τούτῳ
1591 1332 1727 1398 φημὶ,
1756 1331 1831 1381 καὶ
1857 1329 1911 1381 τὸ

317 1412 393 1463 διὰ
419 1416 502 1476 τῆς
528 1414 708 1467 τελείας
736 1437 784 1465 τε
812 1415 887 1464 καὶ
914 1416 1200 1467 ἀνελλιποῦς
1238 1412 1426 1479 ἀγάπης
1462 1413 1671 1478 γνησίως
1706 1413 1908 1463 ἀκολου·
1931 1436 1979 1475 15

317 1498 426 1546 θεῖν.
479 1497 526 1545 ἐν
551 1494 646 1562 γὰρ
674 1495 730 1560 δὴ
755 1495 906 1565 τούτῳ
933 1494 1151 1559 μάλιστα
1187 1500 1345 1549 καλῶς
1385 1494 1442 1546 ἀν
1469 1495 1566 1563 ε”χοι
1602 1497 1677 1546 καὶ
1713 1493 1913 1559 σώζοιτο

316 1579 400 1640 τῆς
444 1579 492 1628 ἐν
532 1578 775 1641 Πνεύματι
817 1577 1096 1642 κολλήσεως
1138 1577 1387 1641 νοουμένης
1433 1577 1535 1641 ἤτοι
1581 1578 1842 1646 συναφείας
1885 1577 1911 1640 ἡ

318 1658 526 1722 δύναμις.
589 1659 745 1724 ἐπειδὴ
781 1661 937 1711 τοίνυν
973 1661 1064 1729 ε”φη
1099 1658 1313 1725 Χριστὸς
1349 1665 1444 1713 τοῖς
1480 1659 1646 1710 ἑαυτοῦ
1679 1663 1913 1723 μαθηταῖς

95 1740 204 1781 Supra

362 1739 382 1759 ,Ι
555 1743 566 1756 t
631 1746 650 1755 Α
911 1742 922 1760 Ι
980 1744 990 1758 2
1185 1740 1197 1757 ἱ
1280 1740 1293 1755 N
1422 1741 1432 1755 Ι
1569 1740 1585 1758 ,Χ
1773 1741 1786 1756 Ι

96 1795 154 1815 ver
181 1794 212 1824 3·
319 1748 346 1771 ‘⁶
388 1745 497 1806 Ηδη
544 1764 670 1805 υμεις
721 1745 916 1808 καθαροι
968 1765 1076 1792 εστε
1128 1744 1203 1791 δια
1247 1764 1330 1792 τον
1373 1748 1523 1807 λογον
1567 1764 1620 1791 ον
1663 1749 1912 1805 λελαληκα

321 1830 347 1852 “
377 1825 530 1887 ὑμῖν·”
591 1824 666 1874 ἵνα
701 1823 765 1887 μή
801 1846 870 1877 τις
905 1824 1078 1887 οἰηθείη
1115 1823 1229 1874 ποτὲ
1262 1827 1357 1873 τῶν
1388 1821 1525 1891 ἅπαξ
1556 1823 1912 1889 κεκαθαρμένων
1932 1846 1983 1872 20

320 1905 625 1959 ἀδιαπτώτως
661 1905 782 1972 ἔχειν
809 1904 1055 1967 δύνασθαι,
1085 1907 1160 1956 καὶ
1196 1909 1234 1955 εἰ
1267 1904 1332 1968 μή
1368 1928 1473 1956 τινα
1506 1903 1650 1972 τυχὸν
1677 1908 1737 1958 εἰς
1773 1903 1827 1956 τὸ
1864 1905 1912 1955 εὖ

321 1985 434 2038 εῖναι
473 1993 653 2039 ποιοῖτο
693 1987 923 2051 σπουδὴν,
950 1986 1316 2053 προσεπιτάττει
1350 1988 1613 2054 χρησίμως,
1646 1986 1716 2037 ὅτι
1749 2009 1907 2052 προσ-

281 2068 424 2133 εήκοι
465 2069 617 2132 μένειν
656 2072 704 2120 ἐν
746 2070 888 2138 αὐτῷ.
954 2071 1029 2120 καὶ
1072 2071 1121 2120 τί
1161 2075 1300 2120 τοῦτο
1345 2069 1510 2131 ε”σται;
1560 2068 1716 2135 ἕτερον
1756 2068 1908 2132 οὐδὲν,

338 2149 359 2168 rt
703 2153 713 2168 l
922 2156 941 2164 a·-
1132 2151 1142 2167 κ
1189 2153 1199 2167 )
1336 2156 1355 2164 Α
1449 2149 1462 2164 x
1556 2150 1568 2167 x
1662 2156 1682 2165 Α
1810 2149 1821 2166 Ι

321 2174 382 2205 ως
417 2174 470 2215 γε
506 2175 585 2215 μοι
621 2156 850 2220 φαινεται,
878 2158 1068 2213 μαλλον
1095 2155 1142 2202 δε
1177 2174 1384 2217 εναργως
1416 2174 1471 2201 το
1499 2154 1574 2202 δια
1600 2174 1683 2202 του
1711 2154 1912 2201 Παυλου

104 2241 115 2261 1
128 2231 200 2261 Cor.
217 2241 249 2262 x.

103 2283 140 2305 12
322 2238 480 2286 καλῶς
531 2233 771 2299 εἰρημένον
813 2231 1014 2283 ((“Ὠστε
1066 2234 1090 2283 ὁ
1144 2236 1294 2283 δοκῶν
1339 2232 1534 2283 ἑστάναι
1576 2233 1796 2292 βλεπέτω
1845 2231 1910 2295 μὴ
1934 2258 1982 2296 25

323 2322 349 2343 “
375 2313 549 2382 πέσῃ·”
603 2315 746 2380 μυρία
792 2313 885 2380 γὰρ
931 2313 989 2364 ἂν
1035 2316 1110 2364 καὶ
1158 2319 1254 2367 τοῖς
1297 2315 1386 2378 ἤδη
1437 2315 1644 2374 βεβαίως
1690 2316 1912 2363 δοκοῦσιν

322 2394 517 2446 ἑστάναι
567 2395 864 2460 συναντήσαι
915 2395 974 2445 τὰ
1018 2395 1337 2459 ὀλισθήματα,
1380 2394 1444 2459 μὴ
1490 2397 1593 2463 οὐχὶ
1639 2393 1912 2461 διεδράσθαι

323 2481 480 2530 καλῶς
526 2479 575 2527 ἐν
619 2476 788 2541 οἷσπερ
841 2476 900 2527 ἂν
951 2475 1039 2528 εἶεν
1091 2477 1166 2528 διὰ
1214 2480 1402 2540 πολλῆς
1455 2478 1578 2542 ἄγαν
1621 2476 1912 2541 ποιουμένοις

323 2561 551 2622 σπουδῆς.
618 2563 687 2610 δεῖ
728 2558 777 2610 δὲ
822 2558 948 2622 οἶμαι
993 2561 1067 2610 καὶ
1108 2559 1269 2624 πάσης
1308 2560 1429 2623 ἡμᾶς
1471 2560 1634 2628 ἀξιοῦν
1673 2560 1912 2612 ἐπιεικείας

324 2642 399 2691 καὶ
436 2640 624 2709 νήψεως
661 2641 719 2691 τὰ
755 2642 861 2691 καθ’
891 2641 1094 2704 ἑαυτοὺς,
1121 2639 1206 2692 κᾶν
1238 2642 1507 2707 ἐρηρεῖσθαί
1537 2664 1637 2694 πως
1671 2644 1784 2707 δοκῇ
1818 2664 1908 2703 τις,
1933 2669 1983 2705 30

326 2723 380 2772 δι’
409 2724 623 2774 ἐπίδοσιν
649 2723 734 2787 τὴν
760 2722 848 2787 ἤδη
883 2724 1247 2790 προηνυσμένην
1273 2727 1335 2776 εἷς
1370 2722 1667 2788 κατόρθωσιν
1698 2724 1905 2788 ἀγαθῶν.

1260 2798 1278 2818 τι

372 2870 405 2905 5.
433 2863 485 2896 καὶ
503 2868 727 2907 assumptum
745 2875 785 2896 ex
808 2863 847 2896 E.
1009 2873 1039 2909 7.
1067 2878 1247 2906 νοουμενης
1264 2868 1484 2907 assumptum
1505 2874 1546 2896 ex
1566 2862 1607 2896 E.
1681 2861 1699 2905 ἢ
1718 2861 1910 2895 emendavi.

325 2907 343 2950 ἢ
364 2909 403 2941 E.
425 2909 491 2942 Ed.
510 2924 564 2953 γρ.
586 2909 603 2952 ἣ
626 2910 690 2944 Ed.
708 2922 780 2952 mg.
922 2923 972 2953 14.
999 2926 1029 2944 τ(
1032 2925 1108 2956 ιυτῳ
1129 2911 1167 2943 E.
1186 2924 1285 2943 τουτο
1309 2909 1334 2942 Ε
1338 2908 1372 2942 d.
1507 2919 1561 2942 22.
1587 2909 1854 2952 προσεπιτάττει
1874 2907 1911 2941 F.

327 2953 393 2988 Ed.
414 2967 484 3000 mg.
504 2957 769 2998 προσεπιτιὶττοι
789 2956 853 2990 Ed.
1000 2957 1054 2991 26
1083 2946 1225 2991 δοκουσι
1241 2956 1412 2997 βεβαίως
1407 2967 1465 2989 ΙΙἊ
1470 2967 1505 2989 el
1508 2967 1546 2989 so
1565 2954 1686 2989 ordine
1706 2955 1746 2989 E.
