2011 3266
284 138 369 177 214
688 138 736 178 B.
772 137 1048 178 CYRILLI
1089 135 1472 177 ALEXANDR.
1776 147 1817 172 X.
1833 131 1870 172 8.

284 250 379 296 τῶν
418 247 490 315 ἐφ’
532 245 599 299 οἷς
645 245 702 311 ἦν
741 247 766 297 5
806 245 965 312 λόγος,
1004 247 1058 297 τό
1100 245 1272 299 Πάντες
1318 245 1484 311 φησὶν,
1526 241 1786 306 οἰησόμεθα
1825 239 1873 291 δὲ

285 329 501 392 οὐδαμῶς
547 328 601 378 τὸ
647 333 742 378 τῶν
784 329 931 394 ἁγίων
972 331 1235 396 προφητῶν
1277 328 1546 377 ἀθετεῖσθαι
1589 324 1871 390 πρόσωπον·

284 414 385 463 πῶς
423 409 516 475 γὰρ
555 409 613 461 ἂν
647 410 877 474 ἠθέτησεν
912 411 936 460 5
976 413 1058 473 τῆς
1096 411 1261 460 ἑαυτοῦ
1299 408 1564 474 παρουσίας
1603 406 1657 457 δι’
1692 405 1874 456 ἐκείνων

62 489 145 520 Hos.
159 489 212 520 xii.

67 542 115 564 ω.
286 492 459 558 ἐναργῆ
496 492 806 556 καταστήσας
842 491 902 543 τὰ
941 490 1207 555 μηνύματα,
1234 491 1259 541 5
1295 490 1449 555 λέγων
1477 497 1502 519 “
1522 488 1652 554 Ἐγὼ
1687 485 1873 553 ὁράσεις

240 575 266 616 b
288 581 314 602 ‘⁶
340 573 597 637 ἐπλήθυνα,
657 577 733 624 καὶ
796 576 844 624 ἐν
901 575 1038 641 χερσὶ
1101 576 1363 640 προφητῶν
1427 571 1675 633 ὡμοιώθην
1698 568 1736 629 ;”
1799 571 1873 619 καὶ
1894 578 1917 618 5

101 659 108 665 ”
171 660 179 666 '
468 657 480 673 Ι
585 655 595 671 x
670 658 679 672 5
808 656 817 673 Ι
1014 654 1027 669 x
1087 656 1097 670 f
1250 655 1260 671 Ι
1380 653 1391 670 Χ
1451 657 1461 670 5
1526 653 1538 669 Ι
1714 651 1727 666 Χ
1813 651 1825 666 f

62 659 157 691 H1er.
169 670 191 691 ¹·
289 660 505 707 Μωυσεα
540 680 626 719 μεν
654 656 916 725 αναδειξας,
941 679 1061 721 προς
1106 659 1316 722 Ιερεμιαν
1343 656 1391 704 δε
1426 676 1570 704 ειπων
1598 660 1624 682 “
1647 656 1732 715 Μη
1764 657 1874 716 λεγε

287 745 313 767 “
339 737 410 789 ὅτι
438 739 655 804 νεώτερος
682 738 774 804 ἐγώ
802 742 905 801 εἰμι,
934 738 1003 789 ὅτι
1028 737 1146 804 πρὸς
1172 735 1352 789 πάντας
1377 736 1456 789 οὓς
1481 735 1537 785 ἂν
1562 735 1875 803 ἐξαποστελῶ

287 826 314 849 “
338 843 395 870 σε
443 820 668 888 πορεύσῃ,
714 821 790 871 καὶ
842 818 962 870 κατὰ
1012 819 1168 870 πάντα
1219 818 1313 869 ὅσα
1366 816 1424 868 ἂν
1469 816 1749 879 ἐντείλωμαί
1795 837 1875 865 σοι

63 899 213 981 {zema
286 908 313 930 ‘⁶
341 901 621 966 λαλήσεις·”
661 901 780 968 πρὸς
818 902 866 953 δὲ
901 901 984 953 τὸν
1010 899 1239 967 μακάριον
1265 899 1487 966 Ἰεζεκιήλ
1515 906 1542 928 “
1563 897 1646 949 Υἱὲ
1685 897 1871 964 ἀνθρώ-

285 990 313 1013 “
340 1006 445 1047 που,
485 984 799 1052 ἐξαποστελῶ
841 983 934 1048 ἐγώ
976 1006 1035 1034 σε
1079 982 1198 1049 πρὸς
1241 981 1324 1033 τὸν
1364 980 1490 1032 οἶκον
1529 986 1611 1032 τοῦ
1649 978 1871 1045 Ἰσραὴλ,
1897 996 1946 1023 10

287 1073 313 1095 ‘⁶
338 1064 445 1118 τοὺς
479 1065 939 1132 παραπικραίνοντοῖς
979 1089 1034 1130 με
1054 1064 1097 1127 ;”
1140 1066 1306 1116 οὐκοῦν
1339 1065 1363 1114 5
1397 1069 1480 1114 τοῦ
1514 1062 1662 1128 λόγου
1693 1060 1876 1116 σκοπὸς

286 1149 369 1199 οὐκ
404 1152 467 1201 εἰς
501 1146 585 1198 τὸν
620 1153 714 1198 τῶν
747 1149 895 1214 ἁγίων
925 1152 1187 1216 προφητῶν
1220 1147 1475 1213 τέτραπται
1517 1144 1673 1213 χορὸν,
1701 1145 1789 1212 ὁρᾷ
1826 1142 1876 1194 δὲ

285 1235 476 1294 μᾶλλον
515 1235 576 1284 εὶς
615 1230 827 1293 ἐκείνους,
867 1231 1001 1297 οἵπερ
1042 1228 1169 1294 ἦσάν
1207 1252 1322 1281 ποτε
1367 1228 1487 1279 κατὰ
1527 1226 1612 1291 τὴν
1644 1227 1876 1277 Ἰουδαίαν

248 1314 577 1380 οπροφητειάς
628 1311 997 1379 ὑποκρινόμενοι,
1049 1314 1125 1363 καὶ
1176 1314 1582 1380 ψευδηγοροῦντες
1633 1310 1696 1362 ὡς
1746 1306 1876 1374 παρὰ

288 1399 413 1445 Θεοῦ
453 1395 659 1459 ἥκοντες,
699 1397 774 1445 καὶ
813 1394 895 1446 τὸν
934 1392 1054 1445 λαὸν
1093 1393 1421 1446 ἀναπείθοντες
1460 1394 1513 1443 οὐ
1551 1397 1645 1445 τοῖς
1685 1392 1874 1454 ἀληθῶς
1898 1413 1946 1451 15

285 1476 416 1543 παρὰ
462 1481 588 1528 Θεοῦ
632 1476 991 1546 προφητεύουσι
1038 1476 1406 1527 καταπείθεσθαι
1452 1479 1663 1536 μᾶλλον,
1707 1471 1736 1536 ἢ
1779 1476 1877 1526 τοῖς

287 1560 395 1625 παρ’
440 1560 593 1610 αὐτῶν
635 1557 1064 1622 διαπεπλασμένοις
1106 1557 1442 1625 ἐπιχειρήμασί
1477 1579 1526 1607 τε
1569 1557 1643 1606 καὶ
1689 1554 1872 1620 λόγοις,

288 1643 392 1707 περὶ
417 1639 482 1692 ῶν
507 1664 599 1693 που
632 1644 756 1708 φησὶ
794 1643 869 1692 καὶ
907 1639 1045 1694 αὐτὸς
1081 1641 1106 1690 ὁ
1137 1639 1309 1705 Κύριος
1345 1641 1369 1690 5
1403 1637 1595 1690 πάντων
1622 1635 1877 1699 Δεσπότης

64 1725 225 1800 {iffi-21
289 1726 365 1775 καὶ
415 1723 536 1778 Θεός
581 1730 608 1752 “
636 1724 740 1773 Οὐκ
792 1722 1096 1773 ἀπέστελλον
1146 1720 1254 1775 τοὺς
1305 1719 1570 1789 προφήτας,
1621 1721 1698 1770 καὶ
1747 1718 1879 1768 αὐτοὶ

291 1813 317 1835 “
343 1806 547 1872 ἔτρεχον·
604 1806 686 1856 οὐκ
731 1804 955 1869 ἐλάλησα
1000 1803 1118 1870 πρὸς
1161 1802 1340 1866 αὐτοὺς,
1380 1805 1454 1853 καὶ
1495 1804 1625 1853 αὐτοὶ
1667 1799 1876 1869 ἐπροφή-
1898 1823 1950 1850 20

64 1889 119 1973 11¹2·-
132 1888 198 1920 xiv.
289 1895 317 1918 “
342 1888 523 1939 τευον·”
585 1887 704 1953 πρὸς
743 1886 797 1937 δέ
828 1910 882 1952 γε
920 1886 1002 1937 τὸν
1041 1885 1271 1951 μακάριον
1309 1885 1534 1951 Ἰερεμίαν
1573 1891 1599 1913 “
1625 1885 1787 1946 Ψευδῆ
1836 1886 1878 1933 οἱ

243 1979 316 2020 d“
343 1973 585 2039 προφῆται
623 1968 1009 2037 προφητεύουσιν
1044 1971 1118 2020 ἐπὶ
1156 1972 1222 2037 τῷ
1262 1966 1460 2031 ὀνόματί
1494 1989 1600 2030 μου,
1634 1966 1718 2016 οὐκ
1756 1963 1874 2015 ἀπέ-

289 2060 316 2082 “
343 2061 515 2103 στειλα
560 2050 726 2105 αὐτοὺς
773 2053 849 2102 καὶ
894 2052 978 2102 οὐκ
1027 2050 1251 2114 ἐλάλησα
1293 2048 1411 2116 πρὸς
1456 2046 1623 2102 αὐτοὺς
1668 2049 1743 2098 καὶ
1795 2046 1879 2097 οὐκ

290 2143 317 2165 “
346 2133 648 2199 ἐνετειλάμην
674 2135 849 2195 αὐτοῖς,
881 2132 951 2184 ὅτι
989 2131 1177 2199 ὁράσεις
1212 2135 1286 2183 καὶ
1323 2131 1613 2194 οἱωνίσματα
1647 2131 1722 2180 καὶ
1757 2151 1875 2195 προ-

66 2219 227 2301 ξῙέΧΧΧὶν·
293 2226 318 2247 “
345 2218 538 2285 φητειας
588 2217 780 2283 καρδίας
830 2216 984 2266 αὐτῶν
1035 2215 1167 2265 αὐτοι
1216 2213 1601 2281 προφητεύουσιν
1652 2213 1774 2275 ὑμῖν
1841 2213 1950 2268 εὶ25

292 2299 593 2367 “προφῆταί
640 2303 753 2359 εἱσι,
804 2299 879 2347 καὶ
931 2319 969 2347 ει
1019 2297 1121 2347 ἐστι
1174 2295 1320 2361 λόγος
1374 2296 1551 2362 Κυρίου
1602 2296 1650 2345 ἐν
1701 2295 1876 2355 αὐτοῖς,

68 2391 120 2422 Ib-
140 2390 227 2421 xxiii.
293 2387 321 2410 ‘⁶
348 2378 767 2444 ἀπαντησατωσάν
805 2401 897 2443 μοι.
949 2379 998 2429 τί
1033 2401 1087 2429 το
1127 2378 1303 2445 ἄχυρον
1338 2376 1457 2443 πρὸς
1496 2376 1578 2427 τὸν
1610 2399 1747 2427 σιτον
1770 2375 1813 2438 ;”
1854 2377 1880 2427 5

294 2462 378 2526 μὲν
407 2485 498 2529 γαρ
533 2460 678 2528 λόγος
713 2461 858 2514 ὅντως
894 2461 919 2511 5
955 2459 1085 2527 παρὰ
1112 2463 1238 2510 Θεοῦ
1274 2457 1639 2527 τροφιμωτάτην
1666 2458 1760 2525 ε’χει
1793 2456 1881 2522 τὴν

401 2647 458 2694 ν]
484 2652 520 2689 -Ι-
542 2649 688 2684 ἐκείνους
705 2660 735 2683 a.
871 2657 904 2693 5.
931 2663 984 2682 και
1003 2647 1153 2683 Μωυσεα
1170 2648 1231 2691 μὲν
1247 2647 1424 2690 ἀναδείξας
1441 2658 1509 2680 ass.
1528 2657 1569 2680 ex
1592 2645 1632 2679 Β.
1769 2653 1802 2689 7.
1827 2643 1879 2679 ὅτι

295 2695 372 2740 alt.]
394 2697 479 2729 διότι
497 2707 527 2731 a.
608 2694 751 2741 πάντας]
776 2699 812 2736 -1-
833 2696 919 2739 πρὸς
942 2695 1060 2730 Holst.
1083 2695 1149 2729 Ed.
1172 2694 1290 2728 invitis
1312 2694 1352 2728 B.
1355 2705 1385 2727 a.
1467 2693 1688 2736 ἐξαποστελῶ
1707 2691 1749 2725 Β.
1775 2690 1819 2725 cf.
1844 2691 1879 2724 in

295 2742 556 2787 xiiProph.13
574 2742 608 2777 b.
628 2743 863 2785 ἐξαποστειἊω
881 2754 911 2776 a.
930 2742 975 2776 cf.
993 2754 1099 2787 supra
1122 2742 1229 2776 168e.
1247 2741 1429 2774 ἀποστελῶ
1450 2740 1513 2774 Ht.
1532 2739 1599 2774 Ed.
1692 2749 1744 2782 13.
1769 2736 1880 2770 Ἰούδα

294 2789 508 2835 προφητείαν
527 2790 603 2823 Cat.
624 2789 724 2823 Harl.
787 2789 1000 2833 προφητείαν
1017 2800 1047 2823 a.
1182 2797 1235 2830 15.
1262 2801 1422 2831 ηκοντες
1413 2786 1603 2830 assumpsit
1621 2797 1638 2819 e
1657 2784 1734 2819 Cat.
1752 2790 1792 2817 ut
1808 2782 1879 2818 vid.

295 2836 390 2870 Aub.
530 2847 586 2870 20.
612 2835 847 2881 προεφήτευον
863 2848 894 2870 a.
913 2835 957 2870 cf.
975 2836 1011 2869 in
1030 2835 1075 2869 xii
1096 2835 1226 2880 Proph.
1242 2834 1357 2880 57Sb,
1377 2834 1442 2878 788
1458 2844 1487 2866 c.
1631 2841 1687 2874 25.
1713 2830 1742 2864 εἷ
1759 2841 1829 2864 om.
1847 2841 1879 2864 a

298 2900 353 2932 28.
379 2891 462 2932 ὀνοος
483 2899 523 2932 Β.
543 2898 646 2934 ὅντως
671 2900 689 2931 ὁ
715 2897 912 2932 emendavit
931 2899 994 2933 Ht.
1013 2905 1046 2933 et
1066 2899 1113 2932 ita
1133 2910 1164 2932 a.
1232 2890 1540 2947 τροφητομωτάτην
1559 2894 1601 2928 Β.
1620 2893 1754 2939 τροφὴν
1768 2907 1878 2937 τομω-

296 2946 398 2988 τάτην
419 2946 481 2980 Ht.
499 2946 760 2991 τρωφιμωτάτην
777 2957 795 2980 e
814 2944 891 2979 Cat.
909 2951 949 2979 ut
966 2945 1036 2980 vid.
1054 2943 1252 2979 emendavit
1268 2943 1363 2977 Aub.
1382 2948 1415 2976 et
1432 2941 1480 2976 ita
1496 2952 1526 2976 a.
