2037 3266
298 769 325 809 (1
920 761 1235 812 ΚΕΦΑΛΗ
1294 766 1357 814 Θ.

374 936 466 978 ’Ότι
498 939 666 991 φυσικὸν
702 942 745 982 ἐν
780 941 831 998 τῷ
866 944 946 999 Tic}
981 944 1026 985 τὸ
1062 948 1130 997 τῆς
1166 947 1348 998 θεότητος
1383 948 1546 1000 ἀξίωμα,
1584 948 1656 991 κᾶν
1691 950 1895 1003 εἰληφέναι

525 1020 689 1073 λέγηται
729 1024 842 1062 τοῦτο
882 1025 987 1075 παρὰ
1028 1026 1188 1077 Πατρὸς
1227 1028 1288 1067 διὰ
1319 1027 1364 1067 τὸ
1400 1028 1645 1081 ἀνθρώπινον
1682 1031 1745 1071 καὶ

825 1101 868 1142 τὸ
898 1105 964 1154 τῆς
993 1106 1267 1149 ταπεινώσεως
1298 1109 1443 1160 σχῆμα.

386 1270 528 1329 Πάτερ
565 1272 656 1320 ἅγιε
694 1274 882 1331 τήρΗσον
920 1276 1075 1319 αὐτοὺς
1113 1278 1157 1319 ὲν
1196 1281 1256 1333 τῷ
1287 1277 1468 1327 ὀνόματί
1504 1293 1580 1321 σου
1617 1277 1654 1336 ᾧ
1685 1279 1882 1322 δέδωκάς
1950 1303 1973 1342 5

746 1373 831 1410 μοι,
869 1359 938 1401 ἵνα
976 1357 1081 1402 ὦσιν
1117 1360 1164 1402 ἓν
1203 1361 1347 1403 καθὼς
1385 1359 1519 1412 ἡμεῖς.

411 1513 759 1567 ἘΠΙΤΗΡΕΙ
795 1522 1013 1587 πανταχῆ
1048 1525 1148 1571 τοῖν
1175 1522 1302 1572 δυοῖν
1340 1520 1641 1587 πραγμάτοιν
1672 1519 1757 1586 τὴν
1783 1525 1845 1576 εἷς
1880 1522 1928 1574 ἓν

337 1596 626 1661 ἀναπλοκὴν,
653 1604 736 1649 τοῦ
774 1622 823 1650 τε
862 1602 1158 1667 ἀνθρωπίνου
1194 1605 1316 1672 φημὶ
1351 1602 1405 1654 τὸ
1442 1604 1550 1654 καθ’
1580 1604 1702 1667 ἡμᾶς
1740 1603 1928 1671 ἔχοντος

336 1678 698 1744 σμικροπρεπὲς,
726 1683 802 1732 καὶ
829 1687 912 1733 τοῦ
938 1687 1094 1734 θεϊκοῦ
1120 1684 1206 1748 τὴν
1232 1684 1456 1736 ἀνωτάτω
1481 1689 1655 1736 πασῶν
1680 1685 1928 1740 ὠδίνοντος

336 1758 498 1827 δόξαν.
552 1761 829 1828 κεκέρασται
871 1762 964 1831 γὰρ
1011 1765 1066 1834 ἐξ
1106 1767 1285 1834 ἀμφοῖν
1324 1768 1348 1817 ὁ
1395 1765 1558 1833 λόγος,
1595 1769 1672 1818 καὶ
1715 1766 1927 1834 καθάπερ
1948 1793 1996 1819 10

114 1853 204 1890 970
220 1852 272 1890 A.
297 1840 393 1891 3τά
428 1842 477 1892 ἐν
511 1846 607 1896 τοῖς
642 1845 858 1911 ἀνωτέρω
898 1846 1190 1915 διειληφότες
1229 1848 1468 1914 ἐλέγομεν,
1502 1849 1607 1899 οὕτε
1645 1848 1764 1915 πρὸς
1802 1850 1927 1918 ὕψος

335 1924 524 1977 τελείως
559 1926 778 1996 ἀναπηδᾷ
811 1927 865 1978 τὸ
902 1927 1170 1995 θεοπρεπὲς,
1198 1930 1302 1980 οὔτε
1328 1929 1422 1994 μὴν
1448 1933 1510 1984 εἷς
1542 1928 1669 1981 ἅπαν
1693 1934 1788 1981 τῶν
1815 1932 1923 1982 καθ’

335 2005 455 2069 ἡμᾶς
495 2008 812 2059 ἀπανίσταται
850 2009 1049 2076 μέτρων·
1117 2011 1239 2065 Θεὸς
1277 2011 1371 2078 γάρ
1409 2013 1513 2063 ἐστι
1551 2012 1798 2079 γενόμενος
1836 2011 1922 2064 ἄν·

335 2090 537 2153 θρωπος,
577 2088 764 2160 ἀῤῥήτῳ
805 2093 893 2142 τινὶ
934 2094 1010 2142 καὶ
1055 2091 1293 2162 ἀφράστῳ
1338 2092 1527 2163 συνόδῳ
1567 2093 1722 2159 μέσην
1759 2092 1924 2162 ὥσπερ

333 2167 438 2219 τινὰ
478 2169 639 2237 χώραν
680 2172 874 2240 ἐπέχων,
916 2175 977 2227 ὡς
1019 2174 1137 2238 μήτε
1178 2174 1285 2228 τοὺς
1325 2177 1409 2238 τῆς
1453 2177 1660 2240 ἀληθοῦς
1705 2174 1922 2241 θεότητος
1944 2197 1991 2236 15

333 2249 470 2316 ὅρους
506 2253 763 2319 ἐκδραμεῖν,
799 2254 915 2319 μήτε
955 2254 1050 2319 μὴν
1091 2255 1366 2322 ὁλοτρόπως
1404 2255 1510 2310 τοὺς
1548 2259 1632 2320 τῆς
1671 2257 1918 2324 ἀνθρωπό-

332 2354 470 2395 τητος
515 2335 780 2385 ἀπολιπεῖν.
836 2338 1009 2387 ἀνωθεῖ
1053 2336 1140 2401 μὲν
1183 2336 1277 2403 γὰρ
1322 2336 1464 2388 αὐτὸν
1507 2338 1534 2401 ἡ
1585 2339 1634 2388 ἐκ
1678 2341 1803 2389 Θεοῦ
1844 2343 1921 2390 καὶ

334 2414 527 2480 Πατρὸς
544 2415 808 2482 ἀπόῤῥητος
828 2416 1063 2482 γέννησις,
1081 2417 1197 2468 καθὸ
1218 2417 1378 2484 Λόγος
1403 2419 1506 2469 ἐστὶ
1531 2421 1607 2470 καὶ
1629 2419 1919 2486 Μονογενὴς,

330 2498 393 2549 εἷς
425 2497 594 2547 οὐσίαν
624 2496 709 2561 τὴν
735 2497 893 2562 θεϊκὴν
918 2501 994 2549 καὶ
1028 2502 1088 2553 εἷς
1123 2498 1269 2568 δόξαν
1295 2498 1381 2564 τὴν
1415 2500 1566 2570 τούτῳ
1591 2502 1919 2568 παρεπομένην

285 2587 311 2629 b
330 2575 532 2632 εἰκότως·
578 2578 853 2646 ὑποβιβάζει
879 2580 935 2631 δέ
959 2603 1059 2634 πως
1086 2581 1114 2645 ἡ
1147 2581 1343 2635 κένωσις
1368 2585 1432 2635 εἷς
1457 2581 1511 2633 τὸ
1537 2582 1645 2634 καθ’
1675 2583 1795 2647 ἡμᾶς
1831 2585 1918 2653 οὐχ
1938 2607 1986 2633 20

327 2658 490 2726 ὥσπερ
517 2661 566 2710 ἐκ
591 2661 700 2721 βίας
721 2667 1017 2713 πλεονεκτεῖν
1044 2663 1297 2730 ἰσχύσασα
1325 2662 1408 2715 τὸν
1432 2667 1527 2714 τῶν
1553 2663 1681 2715 ὅλων
1705 2667 1917 2726 βασιλέα

325 2739 445 2803 μετὰ
472 2741 678 2809 Πατρός·
735 2743 907 2810 οὐγὰρ
933 2742 992 2794 ἂν
1016 2743 1221 2808 ἐβιάσθη
1256 2743 1373 2796 ποτὲ
1407 2745 1462 2796 τὸ
1497 2744 1627 2812 παρὰ
1660 2747 1855 2811 γνώμην
1889 2749 1915 2798 ὁ

329 2823 618 2890 Μονογενής’
672 2824 964 2891 αὐτόκλητος
990 2825 1038 2877 δὲ
1073 2830 1279 2890 μᾶλλον,
1306 2827 1362 2896 ἐξ
1385 2825 1574 2894 ἀγάπης
1598 2830 1681 2891 τῆς
1707 2832 1768 2882 εἷς
1794 2829 1914 2894 ἡμᾶς

1008 2965 1072 2996 1-4
1091 2965 1160 2988 om.
1180 2954 1221 2989 E.
