2037 3266
301 120 386 160 654
703 123 754 164 B.
789 122 1068 164 CYRILLI
1110 125 1494 166 ALEXANDR.
1632 126 1890 180 xvi.31,32.

301 228 587 296 φράσαντες,
633 232 1035 298 ἀκαταγωνίστοις
1085 234 1345 302 διὲπρεψαν
1387 234 1665 297 εὐτολμίαις,
1708 234 1762 284 οὐ
1806 232 1889 287 τὰς

299 315 393 362 τῶν
418 310 657 364 Ἰουδαίων
687 314 1048 377 ἐπαναστάσεις,
1081 316 1135 366 οὐ
1166 316 1249 366 τὸν
1280 316 1470 381 ἄκριτον
1495 321 1589 366 τῶν
1615 317 1889 381 Φαρισαίων

299 392 462 457 θυμὸν,
494 396 580 463 οὐχ
611 396 766 463 ἕτερόν
798 419 842 447 τι
874 401 969 448 τῶν
1001 399 1161 448 δεινῶν
1193 397 1405 461 δεδιότες,
1432 399 1544 449 ἀλλ’
1574 400 1621 449 ἐν
1646 399 1889 467 παῤῥησίᾳ

298 476 644 543 προεστηκότες
668 484 750 529 τοῦ
785 478 908 530 θείου
944 478 1256 544 κηρύγματος,
1283 503 1358 530 και
1395 481 1645 577 διαῤῥήδην
1671 481 1889 546 λέγοντες

76 552 237 636 ffgfavttss
300 563 328 587 ‘⁶
356 562 638 627 Πειθαρχεῖν
674 562 744 611 δεῖ
782 564 890 611 Θεῶ
930 565 1122 624 μᾶλλον
1160 559 1190 625 ἢ
1232 563 1508 628 ἀνθρώποις·
1560 564 1613 612 οὐ
1654 563 1930 626 δυνάμεθα5

76 647 128 713 {32
148 682 192 714 iv.
300 639 448 707 “γάρ
475 642 602 705 ἡμεῖς
634 641 665 692 ἃ
689 612 874 706 εἴδομενι
896 665 971 693 και
1008 642 1279 707 ηκούσαμεν
1304 643 1368 708 μὴ
1401 643 1613 696 λαλεῖν.”
1660 645 1708 695 ἐν
1734 641 1889 695 ταῦτῶ

78 734 128 756 ²0·
298 728 548 789 τοιγαροῦν
585 723 896 790 καθιδρύσθαι
935 723 1019 787 μὲν
1058 725 1189 776 οὔπω
1227 749 1346 791 προς
1384 726 1547 777 πίστιν
1587 725 1672 789 τὴν
1707 726 1889 776 τελείαν

77 815 164 849 943
178 814 231 851 A.
258 804 523 873 ειάπέδειξε,
556 804 632 856 διὰ
666 804 720 856 τὸ
756 804 898 870 μήπω
933 811 1190 872 γεγεῦσθαι
1225 810 1309 871 τῆς
1344 809 1583 861 κοινωνίας
1619 813 1700 858 τοῦ
1729 807 1883 858 Πνεύυ

294 909 454 949 ματος,
482 889 708 952 παραθεὶς
746 892 807 941 εἷς
842 886 1044 955 ’ἔλεγχον
1078 887 1164 952 τὴν
1197 888 1314 940 ὅσον
1347 890 1528 940 οὐδέπω
1560 890 1887 955 παρεσομένην

295 969 485 1031 δειλίαν,
537 972 613 1020 καὶ
670 969 741 1021 ὅτι
792 969 849 1034 δὴ
911 969 1086 1034 μέλλοι
1137 970 1481 1034 συμβήσεσθαι
1531 970 1782 1037 προειπὼν,
1833 972 1884 1021 οὐ
1908 997 1956 1021 10

294 1051 490 1117 μετρίως
528 1051 693 1105 αὐτοὺς
734 1050 912 1115 ὀνήσας
952 1053 1131 1118 ὁρᾶται.
1191 1054 1506 1104 διακείσονται
1542 1053 1634 1119 γὰρ
1669 1051 1885 1119 μειζόνως

292 1155 343 1183 τε
377 1135 451 1184 καὶ
483 1134 832 1200 ἐρηρεισμένως,
861 1134 931 1184 ὅτι
959 1134 1078 1189 Θεὸς
1113 1134 1231 1185 κατὰ
1265 1135 1415 1203 φύσιν
1453 1137 1597 1198 ἐστὶν,
1625 1134 1756 1186 οὐδὲν
1790 1139 1885 1185 τῶν

289 1214 567 1278 μελλόντων
586 1215 851 1282 ἠγνοηκότα
871 1216 1333 1280 καταλαμβάνοντες.
1375 1216 1474 1268 ἰδοῦ
1493 1223 1745 1283 τοιγαροῦν
1763 1240 1884 1283 παρ-

289 1296 437 1359 έσται,
477 1299 642 1366 φησὶν,
683 1299 766 1348 οὐκ
811 1301 872 1352 εἰς
920 1297 1106 1364 μακρὰν
1152 1299 1176 1348 ὁ
1223 1298 1400 1365 καιρὸς,
1445 1303 1635 1362 μᾶλλον
1680 1298 1728 1349 δὲ
1770 1299 1884 1349 εἵσω

292 1379 466 1443 βέβηκε
509 1384 678 1446 θυρῶν,
718 1379 794 1430 ὅτε
846 1381 968 1447 μόνον
1020 1379 1217 1449 ἀφέντες
1268 1380 1359 1449 ἐμὲ,
1399 1381 1725 1432 ἀπελεύσεσθε
1766 1380 1883 1447 πρὸς
1906 1403 1952 1441 15

242 1468 269 1509 b
288 1460 347 1511 τοὶ
386 1457 500 1512 ἴδια.
556 1466 695 1512 τοῦτο
735 1461 793 1512 δέ
821 1464 953 1512 ἐστιν
991 1462 1339 1529 εὐπεριστόλως
1379 1467 1535 1525 εἰπεῖν,
1575 1463 1650 1514 ὅτε
1691 1464 1884 1517 δειλίαις

288 1542 532 1609 ἀνάνδροις
571 1544 913 1609 κεκρατημένοι,
949 1543 1093 1608 μόνης
1134 1548 1216 1608 τῆς
1255 1546 1433 1596 ἑαυτῶν
1473 1549 1634 1613 ψυχῆς
1671 1545 1877 1612 προνοή-

289 1648 416 1686 σετε,
471 1628 547 1676 καὶ
597 1625 682 1689 τὴν
732 1630 798 1694 τῷ
859 1625 1135 1695 διδασκάλω
1195 1627 1585 1693 χρεωστουμένην
1637 1629 1882 1692 ἀγάπησιν

290 1706 486 1758 κατόπιν
515 1711 596 1771 τῆς
632 1710 808 1758 ἑαυτῶν
833 1709 1070 1774 σωτηρίας
1101 1708 1426 1773 ποιησάμενοι,
1453 1708 1571 1774 πρὸς
1607 1710 1786 1774 οὕσπερ
1825 1707 1882 1759 ἂν

289 1790 449 1855 εὕρητε
484 1791 785 1856 διοιχήσεσθε
820 1789 1006 1843 τόπους.
1057 1795 1157 1842 πῶς
1189 1791 1269 1841 οῦν
1302 1790 1396 1860 ἄρτι
1432 1790 1674 1853 πιστεύετε,
1700 1795 1794 1841 τῶν
1820 1795 1882 1844 εὶς
1903 1815 1951 1838 20

290 1872 504 1937 ἀνδρείαν
538 1872 748 1939 ἐλέγχων
783 1873 913 1922 οὔπω
951 1871 1034 1922 τὸν
1073 1872 1233 1940 ψόγον
1273 1871 1674 1938 διακρουσάμενοι,
1714 1871 1790 1923 διὰ
1827 1871 1881 1923 τὸ

289 1952 431 2017 μήπω
475 1958 760 2021 μεταλαχεῖν
800 1957 884 2018 τῆς
932 1953 1007 2004 διὰ
1054 1956 1328 2018 Πνεύματος
1376 1955 1659 2018 εὐτολμιάςς
1719 1953 1789 2005 ὅτι
1833 1953 1881 2005 δὲ

291 2033 548 2101 ἐτράποντο
585 2034 703 2102 πρὸς
742 2035 901 2105 φυγὴν
934 2040 975 2087 οἱ
1014 2035 1231 2102 μακάριοι
1270 2038 1489 2100 μαθηταὶ,
1521 2035 1606 2100 τὴν
1637 2041 1731 2087 τῶν
1755 2035 1876 2087 Ἰου-

252 2117 434 2168 Οδαίων
477 2119 559 2168 οὐκ
598 2117 860 2184 ἐνεγκόντες
898 2118 1084 2186 ἔφοδον,
1131 2118 1205 2170 ὅτε
1244 2121 1401 2185 παρῆν
1441 2120 1466 2168 ὁ
1511 2118 1757 2184 προδότης,
1795 2117 1881 2181 τὴν

291 2199 484 2250 ἀνόσιον
510 2205 604 2251 τῶν
636 2205 941 2266 στρατιωτῶν
971 2199 1260 2266 ἐπαγόμενος
1299 2205 1503 2266 σπεῖραν
1534 2202 1609 2250 καὶ
1646 2199 1753 2254 τοὺς
1785 2205 1878 2250 τῶν
1901 2221 1948 2258 25

291 2281 561 2345 ἡγουμένων
600 2282 843 2347 ὑπηρέτας,
883 2280 1140 2345 οὐδαμόθεν
1178 2283 1465 2350 ἀμφίλογον.
1525 2283 1647 2349 μόνον
1691 2280 1739 2331 δὲ
1773 2281 1878 2331 τότε

289 2364 667 2414 καταλελοίπασι
707 2361 790 2413 τὸν
832 2361 1064 2429 Χριστόν·
1132 2364 1255 2431 μόνον
1305 2363 1353 2414 δὲ
1404 2362 1572 2431 φαμὲν,
1613 2362 1731 2413 ὅσον
1771 2362 1879 2426 ἧκεν

289 2448 430 2495 εἰπεῖν
468 2448 530 2498 εἷς
567 2442 620 2495 τὸ
658 2448 870 2510 παρεῖναι
914 2444 1090 2508 μηδένα
1135 2449 1227 2495 τῶν
1267 2444 1468 2496 ἕπεσθαί
1502 2468 1550 2495 τε
1590 2446 1665 2495 καὶ
1699 2467 1876 2510 προσε-

289 2525 466 2591 δρεύειν
501 2524 730 2576 εἰωθότων
768 2526 910 2593 αὐτῷ·
965 2524 1106 2589 μόνος
1147 2525 1242 2591 γὰρ
1282 2527 1364 2576 οὐκ
1403 2524 1475 2590 ἦν,
1514 2525 1631 2577 καθὸ
1670 2527 1791 2580 Θεὸς
1829 2529 1878 2578 ἐκ

290 2611 415 2658 Θεοῦ
450 2609 524 2658 καὶ
556 2609 604 2658 ἐν
630 2610 738 2676 Θεῷ
772 2611 986 2675 φυσικῶς
1011 2630 1060 2658 τε
1098 2610 1174 2658 καὶ
1212 2607 1523 2662 ἀδιαστάτως·
1577 2610 1875 2674 ἀνθρωπινώ-
1897 2633 1947 2669 30

287 2712 422 2755 τερον
458 2690 513 2739 δέ
540 2712 640 2742 πως
675 2692 749 2739 καὶ
776 2694 916 2739 τοῦτο
943 2689 997 2739 δι’
1027 2689 1148 2753 ἡμᾶς
1182 2689 1456 2759 ἐφθέγξατο
1480 2688 1708 2756 Χριστὸς,
1734 2691 1877 2741 ἐκεῖνο

336 2839 364 2862 Ι.
392 2829 588 2873 φράσαντες
606 2828 689 2863 E.F.
709 2828 774 2864 Ed.
794 2839 868 2873 mg.
886 2827 1084 2872 φθάσαντες
1102 2828 1169 2862 Ed.
1347 2839 1401 2864 10.
1428 2829 1555 2864 δειλίαν
1574 2829 1615 2865 Ε.
1634 2828 1791 2863 δουλείαν
1809 2829 1876 2863 Ed.

290 2876 343 2910 18.
368 2875 653 2955 τοίἒδιδασκάλου
672 2876 713 2911 Ε,
870 2885 994 2919 19-21.
1021 2875 1392 2920 ἂν--διακρουσάμενοι
1410 2887 1480 2911 om.
1502 2876 1545 2911 E.
1700 2886 1756 2920 23.
1783 2876 1875 2920 ἐτρέ-

285 2936 389 2956 ποντο
441 2947 449 2956 .
