2001 3261
288 118 370 157 170
690 117 738 157 B.
772 116 1046 158 CYRILLI
1089 118 1469 159 ALEXANDR.
1729 118 1783 158 ix.
1808 127 1870 170 17.

221 283 265 322 17
327 278 525 326 Λέγουσιν
562 277 636 320 οὖν
675 280 802 320 Πάλιν
840 281 902 333 τῷ
938 283 1090 335 τυφλῷ
1122 279 1172 321 Τί
1211 281 1259 322 σὺ
1297 290 1435 328 Atel-etc
1473 281 1570 337 Περὶ
1608 280 1737 321 αὐτοῦ
1768 281 1833 322 ὅτι

725 363 869 406 ἤνοιξε
907 378 981 404 σου
1020 363 1118 404 τοὺς
1156 363 1435 419 ὀφθαλμούς,

362 473 658 538 Παραπαίειν
690 473 931 539 νομίζουσι
970 471 1077 526 τοὺς
1115 471 1174 523 τά
1213 473 1367 523 δίκαια
1399 471 1567 538 κρίνειν
1599 477 1867 538 προθυμου-

61 566 198 600 611A,
246 576 268 600 a
285 553 468 617 με’νους·
509 556 823 618 ἐπιλελῆσθαι
856 554 912 604 δέ
939 577 1019 618 μοι
1050 556 1244 605 δοκοῦσι
1270 560 1515 608 παντελῶς
1541 561 1623 605 τοῦ
1650 555 1873 620 λέγοντος

59 627 221 703 {ligeum
288 638 450 700 Κρῖμα
485 637 660 686 δίκαιον
687 637 885 702 κρίνατε,
913 636 1366 702 προκατειλημμένοι
1393 635 1442 687 δὲ
1468 635 1631 702 ὥσπερ
1655 641 1751 690 τοῖς
1777 636 1870 688 ἀπὸ

285 717 465 785 φθόνου
504 719 708 779 δεσμοῖς,
737 721 898 786 φωνῆς
934 718 1059 772 ὅλως
1092 718 1264 769 ἐπαΐειν
1299 718 1511 783 τιμώσης
1543 717 1758 785 Χριστὸν
1788 720 1870 770 οὐκ

283 798 540 865 ἀνέχονται,
573 801 685 850 ἀλλ’
714 798 880 866 ὥσπερ
920 799 1023 850 τινὰ
1062 805 1156 851 τῶν
1190 801 1345 854 αὐτοῖς
1383 800 1753 863 πολεμιωτάτων
1787 800 1870 851 τὸν

281 886 377 931 τῶν
400 880 687 950 παραδόξων
718 887 954 933 συνειπεῖν
981 882 1183 933 θέλοντα
1215 885 1588 949 παραιτούμενοι,
1617 886 1692 933 καὶ
1726 881 1870 948 μικρά

281 966 364 1026 τῆς
390 965 567 1014 ἑαυτῶν
594 966 936 1032 φροντίσαντες
972 968 1185 1033 κεφαλῆς
1217 965 1602 1031 παρατρέπουσιν
1629 963 1869 1031 ἀλαζόνως

280 1045 388 1099 τοὺς
414 1044 588 1111 λόγους
615 1048 688 1097 ἐπὶ
714 1045 796 1096 τὸν
823 1047 1090 1112 ἄνθρωπον,
1120 1046 1170 1100 ὃς
1196 1046 1253 1111 ἧν
1280 1047 1684 1114 τεθεραπευμένος,
1712 1048 1786 1096 καὶ
1813 1046 1867 1097 τὸ

279 1127 517 1181 πολλάκις
562 1127 796 1178 ἀκουσθέν
834 1129 1073 1194 ἐρωτῶσιν
1111 1133 1333 1192 εἰσαῦθις,
1371 1128 1744 1196 προκεκληκότες
1782 1127 1868 1192 μὲν

279 1210 368 1274 ἤδη
395 1208 584 1278 φαῦλόν
608 1233 657 1261 τε
688 1212 763 1261 καὶ
801 1210 1086 1277 ἁμαρτωλὸν
1112 1211 1194 1262 τὸν
1221 1212 1546 1279 ἐνεργήσαντά
1579 1235 1623 1264 τι
1659 1212 1778 1263 κατὰ
1812 1210 1867 1264 τὸ

234 1291 550 1353 ὺσάββατον·
605 1291 805 1354 οἰόμενοι
848 1292 895 1343 δὲ
936 1292 1011 1343 διὰ
1049 1299 1188 1344 τοῦτο
1227 1294 1559 1345 καταδικάσειν
1594 1295 1736 1345 αὐτοῦ
1775 1318 1867 1346 συν

279 1375 435 1428 αὐτοῖς
472 1397 554 1424 τον
587 1373 788 1443 τυφλὸν,
816 1398 891 1425 και
930 1380 1030 1429 ταῖς
1067 1377 1175 1442 παρ’
1205 1376 1358 1426 αυτῶν
1392 1376 1733 1440 ἀκολουθήσειν
1765 1382 1867 1476 φω-

279 1460 390 1517 ναῖς,
430 1455 514 1509 τὰς
553 1479 638 1519 μεν
676 1458 750 1507 ε’πι
791 1461 850 1524 τῇ
887 1463 971 1508 τοῦ
1009 1456 1189 1511 πάθους
1228 1459 1493 1525 ἀπαλλαγῇ
1521 1481 1864 1556 χαριστηριους

278 1536 417 1604 εὐχὰς
443 1538 827 1604 περιστείλαντα,
854 1539 1035 1590 δεδιότα
1072 1539 1119 1590 δὲ
1155 1563 1231 1590 και
1262 1563 1347 1603 την
1370 1541 1479 1606 παρ’
1508 1541 1692 1591 ἐκείνων
1717 1540 1866 1607 ὀργὴν

277 1620 674 1687 καταπεφρικότα,
702 1620 1047 1688 κατηγορήσειν
1074 1621 1278 1675 εὐκόλως
1305 1625 1366 1675 ὡς
1395 1622 1773 1688 παροινήσαντος
1799 1628 1866 1693 τῷ

278 1701 405 1771 νόμῳ
442 1701 517 1752 διὰ
548 1701 602 1752 τὸ
637 1702 908 1763 σάββατον.
962 1702 1168 1769 πονηρὸς
1191 1703 1275 1766 μὲν
1301 1705 1382 1754 οὖν
1410 1708 1505 1755 τῶν
1533 1707 1811 1771 Φαρισαιων
1837 1707 1862 1756 ὁ

277 1783 528 1849 λογισμὸς,
557 1784 626 1835 ὅτι
653 1784 701 1835 δὲ
729 1783 911 1848 ἀμαθὴς
939 1787 1022 1836 οὐκ
1049 1787 1341 1853 ἀμφίβολον.
1398 1787 1447 1836 τί
1468 1786 1560 1852 γὰρ
1587 1785 1644 1837 ἀν
1670 1788 1864 1852 ἠδικησε

239 1889 361 1918 οτου
395 1866 670 1935 παραδόξου
702 1865 788 1930 τὴν
820 1867 1069 1931 δύναμιν
1049 1866 1150 1921 ενὸς
1186 1867 1450 1935 ἀχαρίστου
1485 1868 1650 1938 φωνη·
1640 1909 1652 1931 ,
1700 1868 1728 1933 ἢ
1763 1874 1863 1925 πῶς

278 1951 360 1999 οὐκ
396 1952 444 2000 ἐν
472 1948 588 2018 δόξῃ
625 1953 877 2015 θεοπρεπεῖ
908 1954 1123 2017 φανεῖται
1157 1948 1370 2015 Χριστος
1409 1949 1535 2016 εἰπερ
1574 1951 1759 2016 ἐνικήθη
1798 1956 1864 2022 τῷ

277 2031 417 2100 φόβῳ
444 2030 498 2081 τὸ
525 2030 668 2098 τυχὸν
696 2032 720 2081 ὁ
746 2030 944 2099 τυφλὸς,
972 2033 1047 2082 καὶ
1083 2030 1136 2082 τὸ
1172 2033 1420 2094 ὑπομεῖναί
1447 2055 1491 2082 τι
1515 2037 1610 2083 τῶν
1635 2033 1865 2085 εἰωθότων

277 2119 444 2164 λυπεῖν
469 2113 838 2179 παραιτούμενος
864 2112 950 2172 τὴν
976 2112 1114 2180 χάριν
1139 2112 1412 2178 ἠρνήσατο;
1455 2114 1586 2164 ἀλλὰ
1621 2115 1767 2169 δεινὸς
1802 2120 1865 2169 εἷς

276 2195 330 2246 τὸ
371 2195 545 2246 πείθειν
584 2197 608 2245 ὁ
651 2194 826 2262 φθόνος
867 2193 975 2248 τοὺς
1016 2195 1266 2248 ὠδίνοντας
1308 2195 1450 2246 αὐτὸν
1487 2195 1605 2262 πρὸς
1649 2196 1703 2247 τὸ
1748 2200 1864 2263 δρᾶν

277 2277 550 2342 ἐπείγεσθαί
583 2299 627 2326 τι
667 2281 862 2341 θερμῶς,
890 2276 976 2326 κάν
1007 2277 1091 2344 ε”χῃ
1128 2276 1254 2327 πολὺ
1289 2276 1344 2327 τὸ
1380 2282 1617 2342 γελᾶσθαι
1655 2280 1859 2333 δικαίως·

278 2357 648 2423 ἀπηλλαγμένος
697 2357 744 2408 δὲ
794 2362 889 2408 τῶν
939 2359 1163 2409 τοιούτων
1213 2359 1238 2408 ὁ
1290 2364 1407 2420 νοῦς,
1460 2359 1725 2424 λογισμοὺς
1777 2360 1863 2421 μὲν

278 2440 532 2492 ἀσυνέτους
574 2443 791 2503 διαπηδᾶ,
832 2438 1077 2490 ἀθόλωτον
1116 2439 1163 2491 δὲ
1207 2439 1261 2490 τὸ
1307 2444 1471 2490 οἰκεῖον
1509 2443 1578 2492 ἀεὶ
1620 2442 1863 2508 διασώζων

277 2522 475 2583 κάλλος,
525 2520 715 2589 φέρεται
767 2522 867 2571 κατ’
915 2520 1025 2572 εὐθὺ
1069 2527 1152 2572 τοῦ
1203 2520 1478 2585 πρέποντος,
1526 2525 1600 2573 καὶ
1641 2528 1736 2574 τῶν
1778 2527 1862 2589 τῆς

326 2667 355 2690 1.
374 2656 476 2689 αὐτοῦ
496 2654 537 2689 Β.
553 2657 699 2689 σεαυτοῦ
720 2654 837 2688 Holst.
853 2654 920 2689 Ed.
1010 2664 1042 2699 7.
1062 2656 1135 2689 τινὰ
1153 2659 1219 2690 τῶν
1235 2655 1349 2691 αὐτοῖς
1367 2655 1560 2690 emendavi.
1574 2657 1688 2692 αὐτοῖς
1704 2672 1777 2691 τινα
1794 2662 1861 2692 τῶν

275 2703 389 2737 αυτοῖς
409 2702 449 2735 Β.
470 2701 537 2736 Ed.
596 2702 723 2735 Statim
740 2704 989 2745 πολεμῶτατῶν
1009 2702 1049 2736 Β.
1113 2704 1172 2736 τὸν
1188 2706 1254 2737 τῶν
1270 2703 1472 2747 παραδόξων
1489 2703 1594 2736 edidi.
1612 2718 1651 2737 το
1668 2708 1734 2738 τῶν
1750 2719 1859 2749 παρα-

276 2749 386 2791 δόξων
404 2749 447 2782 Β.
464 2750 502 2781 τὸ
520 2749 715 2792 παράδοξον
735 2748 799 2783 Ed.
817 2749 1012 2792 παράδοξον
1031 2749 1670 2793 Μ13Π6.11.προκεκληκότες
1689 2750 1730 2784 Β.
1747 2765 1859 2794 προσ-

276 2797 474 2839 κεκληκότες
494 2795 557 2829 Ht.
577 2795 643 2828 Ed.
768 2806 820 2829 12.
846 2810 877 2829 τι
896 2802 1119 2840 assumptum
1138 2808 1178 2830 ex
1199 2795 1241 2830 B.
1374 2807 1426 2840 13.
1454 2797 1690 2831 καταδικάσειν
1706 2797 1799 2831 edidi
1817 2810 1858 2831 ex

279 2873 332 2913 B.¹
352 2874 410 2918 qui
428 2875 656 2916 καταδικάζειν
672 2874 824 2908 exhibet.
842 2875 1069 2918 καταδικάζειν
1087 2875 1154 2909 Ed.
1328 2886 1381 2919 19.
1407 2875 1441 2909 τί
1456 2875 1521 2919 γὰρ
1539 2875 1683 2919 ἔμελλεν
1699 2875 1858 2920 ἀδικῆσαι

277 2922 337 2953 τοῦ
355 2921 550 2964 παραδόξου
568 2921 711 2964 σημείου
727 2921 787 2964 τὴν
805 2933 834 2955 a.

1891 652 1913 690 5

1892 1068 1940 1093 10

1886 1892 1935 1917 20
