2022 3272
89 133 170 173 xiv.
196 146 255 187 19.
335 132 405 173 IN
449 133 490 172 S.
527 133 861 173 JOANNEM.
933 133 1049 171 12113.
1090 133 1162 172 ΙΧ.
1228 133 1359 171 (ἎΧΙ).
1401 131 1429 170 Ι.
1592 132 1673 169 »173

87 241 321 306 παρέσται
350 244 424 292 καὶ
452 243 684 306 βοηθήσει
710 241 785 292 διὰ
811 247 895 292 τοῦ
925 240 1202 303 Πνεύματος
1235 245 1331 293 τοῖς
1367 239 1676 289 πιστεύουσιν

87 328 150 377 εὶς
189 323 344 386 αὑτὸν,
384 324 517 374 οὐδὲν
550 324 690 388 ἧττον
724 321 1090 389 ἐπαγγέλλεται,
1126 321 1213 373 κάν
1249 326 1311 375 εἷς
1351 320 1516 373 αὐτοῦς
1557 322 1672 369 ἀνα-

86 406 229 474 βαίνῃ
267 405 375 460 τοῦς
413 406 651 472 οὐρανοὺς,
678 405 796 469 μετὰ
833 405 919 470 τὴν
952 407 1001 456 ἐκ
1040 410 1214 471 νεκρῶν
1247 405 1524 464 ἀναβίωσιν,
1553 410 1577 431 “
1597 408 1676 451 νῦν

88 493 115 516 “
139 488 589 556 ἐμφανισθήσεσθαι
633 492 699 558 τῷ
748 487 996 558 προσώπῳ
1042 493 1126 538 τοῦ
1169 491 1294 538 Θεοῦ
1341 485 1455 551 ὑπὲρ
1501 484 1672 547 ἡμῶν,”

46 580 67 619 5
88 569 208 620 κατὰ
234 569 320 634 τὴν
345 576 428 622 τοῦ
458 571 657 622 Παύλου
686 569 865 639 φωνήν.

83 757 178 800 Ἔτι
216 760 367 816 μικρὸν
407 761 475 801 καὶ
512 761 534 803 ὁ
575 762 731 809 κόσμος
770 776 821 809 με
859 761 999 801 οὐκετι
1038 756 1206 816 θεωρεῖ,
1233 755 1350 807 ὑμεῖς
1390 757 1434 798 δὲ
1474 754 1676 811 θεωρεῖτέ

435 860 499 895 με,
537 847 601 887 ὅτι
637 845 723 892 ἐγὼ
760 845 826 901 ζῶ,
866 845 932 884 καὶ
971 841 1089 893 ὑμεῖς
1126 844 1315 900 ζήσεσθε.

165 969 274 1020 Ἐπὶ
313 969 475 1035 θύραις
513 969 648 1024 ὄντος
685 975 768 1021 τοῦ
805 968 999 1032 πάθους,
1040 973 1114 1020 καὶ
1153 967 1235 1020 τὸν
1270 971 1351 1031 τῆς
1393 965 1681 1034 ἀναλήψεως

93 1051 255 1118 καιρὸν
294 1051 679 1119 συνεισάγοντος,
719 1053 932 1106 ἄποπτος
977 1052 1176 1103 ε”σεσθαι
1217 1056 1283 1121 τῷ
1330 1051 1488 1119 κόσμῳ
1533 1050 1678 1117 φησὶ,

25 1152 73 1178 10
93 1134 323 1197 τουτέστι,
364 1140 460 1189 τοῖς
504 1140 600 1186 τῶν
644 1136 780 1186 θείων
823 1134 1181 1201 προτιμήσασιν
1221 1136 1414 1200 ἀγαθῶν
1457 1131 1543 1195 τὴν
1587 1136 1681 1180 τῶν

93 1217 401 1284 προσκαίρων
427 1216 714 1280 ἀπόλαυσιν,
741 1222 816 1268 καὶ
842 1222 937 1268 τῶν
963 1218 1192 1283 οὐρανίων
1218 1215 1277 1268 τὰ
1307 1216 1485 1281 ἐπίγεια
1513 1236 1676 1264 ποιου-

93 1299 248 1361 μένοις
273 1300 322 1350 ἐν
348 1300 575 1363 ἀμείνοσι.
628 1302 704 1351 καὶ
730 1304 826 1353 τοῖς
851 1299 937 1363 μὲν
962 1299 1051 1363 ἤδη
1083 1298 1432 1364 προειρημένοις
1467 1295 1683 1364 ἀδελφήν

94 1403 144 1431 τε
183 1383 258 1432 καὶ
297 1381 566 1448 σύνδρομον
604 1381 690 1447 τὴν
731 1382 938 1433 διάνοιαν
981 1382 1324 1450 ἐξυφαίνοντες,
1366 1381 1557 1445 ἐροῦμεν
1603 1380 1680 1427 εύ-

97 1462 269 1530 λόγως,
309 1463 380 1515 ὅτι
420 1463 504 1515 τὸν
541 1463 626 1527 μὲν
663 1463 987 1531 παράκλητον,
1028 1463 1258 1525 τουτέστι,
1297 1461 1352 1513 τὸ
1394 1465 1592 1524 Πνεῦμα
1629 1459 1683 1510 τὸ

29 1543 261 1612 Ῑ5Ἅγιον,
288 1547 483 1597 δέδωκεν
510 1547 534 1596 ὁ
563 1545 684 1600 Θεὸς
710 1549 786 1597 καὶ
814 1545 998 1612 Πατὴρ,
1027 1547 1081 1596 δι’
1108 1548 1226 1596 Υἱοῦ
1253 1543 1489 1609 δηλονότι·
1528 1541 1684 1593 πάντα

95 1628 189 1696 γὰρ
215 1629 271 1679 δι’
300 1629 444 1680 αὐτοῦ
468 1627 598 1695 παρὰ
626 1627 833 1694 Πατρός.
874 1627 1078 1692 ἐλήλυθε
1105 1625 1267 1693 γεμὴν,
1295 1627 1376 1676 οὐκ
1404 1627 1478 1676 ἐπὶ
1503 1626 1683 1679 πάντας

97 1711 387 1776 ἀδιακρίτως,
417 1711 650 1777 πονηρούς
683 1734 733 1761 τε
771 1713 845 1762 καὶ
880 1708 1100 1775 ἀγαθοὺς,
1128 1709 1239 1760 ἀλλ’
1267 1709 1339 1776 ἐφ’
1368 1707 1446 1761 οὓς
1476 1707 1533 1772 ἦν
1559 1708 1685 1775 αὐτῷ

97 1796 367 1854 βαδιεῖσθαι
390 1792 586 1860 πρέπον.
626 1793 744 1844 ὅσον
772 1792 857 1857 μὲν
883 1792 978 1858 γὰρ
1013 1792 1122 1856 ἧκεν
1148 1795 1210 1846 εἰς
1245 1790 1330 1855 τὴν
1356 1795 1439 1841 τοῦ
1477 1788 1685 1843 διδόντος

98 1875 469 1940 πλουσιωτάτην
494 1899 542 1926 τε
570 1899 644 1926 και
672 1876 886 1942 ἀφθονον
912 1874 1065 1942 χάριν,
1087 1875 1276 1927 οὐδεις
1258 1895 1432 1937 εμεινεν
1458 1873 1685 1938 ἀμετοχος

32 1980 81 2005 20
99 1962 194 2009 τῶν
225 1959 299 2009 ε’πι
339 1961 422 2021 τῆς
459 1960 564 2024 γῆς·
606 1965 634 1987 “
658 1959 841 2026 Ἐκχεῶ
876 1956 984 2024 γὰρ,
1012 1958 1164 2025 φησιν
1195 1957 1243 2006 ἐν
1273 1952 1561 2024 προφήταις,
1592 1951 1686 2004 ἀπο

117 2046 239 2091 ίτοῦ
283 2038 548 2103 πνεύματός
591 2063 682 2103 μου
721 2041 794 2091 ε’πι
840 2043 1005 2091 πᾶσαν
1042 2037 1241 2105 σάρκα·”
1289 2037 1489 2090 ἕκαστος
1537 2035 1688 2101 γεμὴν

101 2123 250 2192 ἑαυτῷ
284 2123 529 2189 παραίτιος
563 2123 739 2188 γίνεται
772 2127 856 2172 τοῦ
895 2124 1153 2185 κεκτῆσθαι
1190 2119 1243 2171 τὸ
1284 2119 1540 2170 θεόσδοτον
1570 2120 1685 2182 ἀγα-

103 2203 201 2267 θὸν,
228 2203 258 2269 ἢ
285 2205 360 2255 καὶ
386 2203 606 2268 μηδόλως
637 2204 774 2255 ἑλεῖν.
831 2206 873 2254 οἱ
907 2203 992 2267 μὲν
1018 2202 1112 2270 γὰρ
1146 2201 1222 2254 διὰ
1255 2200 1417 2264 πάσης
1450 2201 1690 2254 ἐπιεικείας

1741 404 1888 433 11‹-¹›.ix.

1742 457 1790 485 24.

1703 771 1746 805 19

1700 1652 1722 1675 a
1764 1643 1844 1676 814
1857 1642 1907 1676 A.

1745 1952 1830 1983 Joel.
1852 1951 1885 1982 ii.

1750 1998 1799 2026 23.

102 2287 185 2338 τὸν
212 2290 378 2338 οἰκεῖον
410 2288 807 2354 ἀποκαθαίροντες
846 2291 956 2337 νοῦν
986 2287 1219 2349 οὐδαμῶς,
1248 2286 1733 2352 ἐμφιλοχωροῦντεςὶ)

36 2381 83 2420 25
103 2369 151 2420 δὲ
178 2370 288 2420 λίαν
313 2374 409 2422 τοῖς
435 2369 484 2419 ἐν
510 2367 677 2438 κόσμῳ
703 2372 875 2431 κακοῖς,
893 2367 1113 2434 ἀμέτοχοι
1139 2369 1222 2431 τῆς
1249 2367 1374 2419 θείας
1399 2366 1692 2428 ἀπομενοῦσι

105 2451 309 2519 χάριτος,
337 2452 420 2501 οὐκ
455 2450 658 2518 ὄψονται
684 2449 902 2516 Χριστὸν
928 2452 975 2500 ἐν
1001 2452 1194 2511 ἑαυτοῖς,
1222 2447 1396 2515 ἐρήμην
1421 2452 1505 2498 τοῦ
1533 2447 1687 2498 Πνεύ-

106 2557 255 2598 ματος
282 2533 467 2600 ἔχοντες
492 2532 578 2596 τὴν
597 2533 804 2598 καρδίαν.
851 2532 926 2583 διά
953 2554 1024 2583 τοι
1051 2537 1191 2582 τοῦτο
1218 2532 1294 2581 καὶ
1319 2532 1368 2580 ἐν
1387 2528 1518 2598 τάξει
1543 2552 1685 2595 γεγο-

105 2614 234 2669 νότες
280 2619 347 2684 τῷ
390 2613 639 2681 προστάτῃ
684 2618 779 2664 τῶν
821 2615 1058 2681 ὀρφανῶν,
1104 2612 1194 2663 ὑπὸ
1238 2610 1430 2673 παντὸς,
1476 2613 1537 2664 ὡς
1581 2611 1691 2665 ἔπος

105 2701 261 2760 εἰπεῖν,
288 2694 619 2762 διαρπάζονται
653 2701 736 2746 τοῦ
767 2699 1064 2746 πλεονεκτεῖν
1091 2693 1353 2761 ἰσχύοντος,
1379 2692 1408 2758 ὴ
1434 2692 1630 2755 πάθους,
1661 2693 1689 2758 ἦ

38 2802 88 2839 3ο
108 2781 342 2844 δαίμονος,
370 2778 515 2844 ἤγουν
540 2777 698 2844 ἑτέρας
722 2776 847 2831 τινὸς
873 2776 1115 2840 ἐπιθυμίας
1143 2778 1386 2839 κοσμικῆς,
1414 2777 1488 2825 καὶ
1514 2774 1690 2828 παντὸς

194 2936 318 2971 16-18.
345 2936 519 2981 οὐκ-γὰρ
538 2947 607 2969 om.
628 2935 669 2969 E.
818 2945 869 2980 19.
899 2949 935 2967 τε
953 2946 1023 2969 om.
1042 2933 1084 2968 E.
1228 2942 1282 2978 27.
1310 2933 1344 2966 ἐν
1361 2932 1454 2976 τάξει
1472 2944 1543 2966 om.
1563 2932 1605 2968 Ε.

163 3004 256 3032 VOL.
280 3005 329 3033 11.
879 3003 901 3044 3
926 3003 948 3029 P
