1971 3272
91 150 173 191 viii.
196 163 261 203 24.
326 151 398 191 IN
441 151 483 192 S.
517 151 854 192 JOANNEM.
918 151 1041 192 LIss.
1071 152 1116 192 V.
1181 152 1314 192 (JAP.
1355 154 1428 192 lv,
1628 153 1674 191 19

88 260 257 310 ἐπείτοι
302 261 378 310 καὶ
423 262 448 310 ὁ
491 260 740 324 τληπαθὴς
786 259 1006 326 ἀροτρεὺς
1045 259 1287 323 ἀνατεμὼν
1326 260 1432 309 ἔσθ’
1475 259 1548 309 ὅτε
1590 259 1674 321 τὴν

89 340 310 408 ἄρουραν,
336 344 412 392 καὶ
437 340 608 395 πόνους
635 343 683 392 ἐν
709 343 827 409 αὐτῇ
854 340 1144 405 διηντληκὼς
1171 343 1224 391 οὐ
1249 346 1457 407 βραχεῖς,
1486 342 1561 390 καὶ
1592 339 1674 390 τὸν

89 421 275 489 σπόρον
312 423 653 491 ἐγκαταχώσας
699 428 794 477 τοῖς
840 423 1058 491 αὕλαξιν,
1099 421 1156 473 ἂν
1195 423 1268 489 ἰ’δῃ
1310 421 1669 489 διεφθαρμένον,
1693 441 1714 467 c

88 507 403 571 παλινδρομεῖ
440 504 558 570 πρὸς
608 505 821 571 ἄροτρον,
867 506 943 555 καὶ
993 509 1089 557 τοῖς
1139 505 1227 568 ἤδη
1279 503 1676 572 κατεφθαρμένοις

47 586 374 651 5ε’πισπει’ρειν
415 587 468 636 οὐ
514 591 742 637 κατοκνεῖ.
811 586 1134 652 διημαρτηκὼς
1181 584 1274 651 γὰρ
1325 587 1373 635 ἐν
1419 587 1542 652 ἀρχῇ
1593 590 1675 634 τοῦ

89 673 276 718 σκοποῦ
319 666 463 718 πάθοι
508 665 566 718 ἂν
611 669 664 718 οὐ
707 667 896 720 πάντως
941 670 989 718 ἐν
1034 673 1150 732 γοῦν
1195 673 1291 720 τοῖς
1342 666 1570 731 δευτέροις
1618 665 1676 716 τὰ

88 747 421 814 παραπλήσια.
472 749 692 813 τοιαύτην
718 748 999 812 ἐπασκήσας
1031 749 1115 812 τὴν
1142 749 1239 817 ἕξιν
1266 751 1341 799 καὶ
1369 750 1393 799 ὁ
1421 747 1675 800 θεσπέσιος

586 831 596 847 Ι

93 829 289 884 Παῦλός
331 853 424 881 που
469 835 621 899 φησιν
661 830 784 881 “Τά
824 830 942 881 αὐτὰ
987 831 1143 895 λέγειν
1183 832 1289 894 ὑμῖν
1327 832 1425 893 ἐμοὶ
1470 830 1554 893 μὲν
1593 831 1676 879 οὐκ
1740 828 1885 858 ῙΉᾸῙῙ·

1744 879 1769 900 I.

90 917 118 940 ‘⁶
144 911 357 977 ὀκνηρὸν,
384 914 490 975 ὑμῖν
519 912 567 962 δὲ
593 913 860 981 ἀσφαλε’ς.”
917 913 1030 980 ὁρᾷς
1066 911 1193 966 ὅπως
1228 911 1365 962 ὄκνου
1404 911 1624 977 κρείττων
1652 912 1675 960 ὁ

24 995 72 1040 ἰο
91 992 328 1044 διδάσκων
363 994 639 1058 εὑρίσκεται,
667 994 772 1044 τότε
811 998 906 1047 τοῖς
946 994 1258 1058 ἀκροωμένοις
1292 993 1346 1044 τὸ
1382 996 1430 1044 ἐν
1464 996 1683 1061 ἀσφαλεῖ

89 1081 184 1127 τῶν
205 1075 580 1140 ἐπιτηδευμάτων
606 1077 828 1143 γενέσθαι
855 1075 1092 1130 πολλάκις
1119 1079 1398 1137 ἀκολουθεῖ,
1430 1075 1678 1142 χρησίμως

90 1163 339 1223 τοιγαροῦν
383 1155 466 1207 τὸν
515 1158 632 1224 πρὸς
676 1158 930 1211 Ἰουδαίους
981 1156 1402 1223 ἀναμηρυσάμενος
1454 1155 1601 1221 λόγον
1652 1156 1722 1204 ὀᾶ

93 1239 268 1304 Κύριος
316 1239 450 1303 ἡμῶν
493 1240 681 1303 Ἰησοῦς
733 1241 758 1290 ὁ
804 1238 1034 1305 Χριστὸς,
1079 1240 1163 1289 οὐκ
1213 1241 1261 1289 ἐν
1305 1243 1401 1290 τοῖς
1452 1242 1679 1304 τυχοῦσιν

90 1319 288 1371 ε”σεσθαι
326 1326 409 1371 τοῦ
450 1319 516 1385 μὴ
554 1320 794 1372 πιστεύειν
834 1322 959 1389 αὐτῷ
998 1319 1085 1383 τὴν
1123 1320 1289 1385 ζημίαν
1327 1318 1674 1385 διισχυρίζεται·

25 1412 72 1450 15
92 1403 184 1452 δεῖν
224 1401 318 1467 γὰρ
357 1401 545 1454 πάντως
583 1403 620 1453 ἐν
659 1401 907 1470 ἁμαρτίαις
948 1399 1185 1451 ἀποθανεῖν
1224 1398 1332 1453 τοὺς
1373 1398 1680 1450 ἀπειθοῦντάς

91 1486 229 1550 φησι,
261 1481 316 1534 τὸ
356 1482 404 1533 δὲ
442 1483 660 1534 τεθνάναι
698 1482 1080 1551 πεφορτισμένον
1111 1485 1207 1535 τοῖς
1244 1479 1676 1544 πλημμελήμασιν,

91 1563 162 1615 ὅτι
212 1566 363 1632 φλογὶ
417 1569 474 1632 τῇ
524 1564 775 1634 παμφάγα)
825 1563 1100 1631 παραδώσει
1151 1563 1237 1627 τὴν
1289 1568 1371 1613 τοῦ
1428 1562 1680 1627 ἀνθρώπου

91 1644 269 1714 ψυχὴν,
303 1647 387 1697 οὐκ
426 1647 717 1715 ἀμφίλογον.

127 1821 235 1864 Ἐὰν
273 1822 350 1880 τὰρ
387 1823 442 1871 μή
483 1824 737 1865 ΠιστεύσΗτε
775 1825 839 1867 ὅτι
875 1822 962 1870 {seb
1000 1821 1096 1873 εἰμι,
1135 1819 1421 1863 ἀποθανεῖσθε
1459 1821 1503 1861 ὲν
1542 1817 1633 1861 ταῖς

27 1925 76 1949 20
693 1916 921 1973 ἁμαρτίαις
959 1916 1091 1964 ὑμῶν.
1699 1922 1720 1948 Θ

170 2030 536 2096 Ἀκριβέστερον
567 2034 822 2095 εἰσηγεῖται
856 2028 916 2080 τὰ
949 2028 1270 2097 συμφέροντα,
1299 2032 1375 2077 καὶ
1412 2023 1681 2094 φανότατον

95 2114 179 2175 τῆς
217 2113 455 2177 σωτηρίας
494 2111 724 2164 καθιστὰς
762 2110 845 2161 τὸν
875 2110 1052 2175 τρόπον
1084 2108 1368 2160 ὑποδεικνύει
1403 2105 1573 2157 λοιπὸν
1607 2104 1683 2155 διὰ

95 2194 232 2246 ποίας
272 2193 416 2247 ἰόντες
455 2194 565 2244 ὁδοῦ
603 2192 722 2258 πρὸς
759 2192 845 2256 τὴν
877 2197 972 2242 τῶν
1006 2190 1153 2255 ἁγίων
1185 2189 1511 2254 ἀναβήσονται
1543 2184 1679 2252 ζωὴν,

97 2276 174 2324 καὶ
212 2278 273 2328 εἷς
311 2274 397 2338 τὴν
434 2274 530 2325 ἄνω
569 2273 850 2340 γενήσονται
888 2272 1048 2331 πόλιν,
1085 2270 1170 2336 τὴν
1205 2269 1479 2336 ἐπουράνιον
1504 2269 1676 2334 Ἰερου-

29 2368 76 2406 25
97 2355 282 2420 σαλήμ.
338 2358 414 2406 καὶ
449 2357 503 2406 οὐ
537 2355 682 2419 μόνον
715 2354 786 2406 ὅτι
819 2353 1050 2421 προσήκει
1084 2353 1347 2404 πιστεῦσαί
1379 2357 1544 2418 φησιν,
1571 2348 1680 2398 ἀλλ’

98 2437 169 2487 ὅτι
195 2440 270 2488 καὶ
297 2441 359 2491 εἷς
385 2436 526 2488 αὐτὸν
552 2443 691 2488 τοῦτο
717 2436 939 2502 γενέσθαι
967 2436 1123 2499 δεήσει
1151 2433 1494 2501 διισχυρίζεται.
1540 2434 1684 2480 δικαι-

99 2517 274 2582 ούμεθα
308 2518 401 2584 γὰρ
435 2519 738 2572 πιστεύοντες
772 2521 834 2572 εἷς
869 2516 1010 2568 αὑτὸν
1037 2519 1100 2570 ὡς
1130 2520 1192 2569 εἷς
1219 2514 1344 2566 Θεὸν
1371 2516 1419 2565 ἐκ
1446 2517 1590 2572 Θεοῦ,
1622 2513 1683 2562 ὡς

100 2604 162 2652 εἰς
189 2602 389 2665 Σωτῆρα
415 2602 490 2650 καὶ
516 2598 762 2666 λυτρωτὴν
789 2600 863 2650 καὶ
889 2599 1099 2658 βασιλέα
1126 2602 1221 2648 τῶν
1247 2596 1373 2646 ὅλων
1401 2596 1474 2644 καὶ
1506 2592 1682 2657 Κύριον
1701 2619 1722 2642 a
1749 2609 1837 2643 509
1852 2608 1903 2641 A.

152 2766 181 2788 ῐ.
208 2754 333 2788 ἐπείτοι
352 2754 394 2787 Β.
414 2754 550 2797 ἐπείπερ
570 2754 689 2788 Holst.
709 2754 776 2788 Ed.
882 2754 915 2787 S.
943 2754 1018 2795 ὑμῖν
1035 2764 1105 2786 om.
1124 2764 1154 2785 a.
1267 2762 1319 2785 11.
1348 2749 1526 2783 ἀκολουθεῖ
1546 2749 1587 2782 Β.
1606 2749 1682 2782 ἀκο-

100 2800 266 2844 λουθήσει
285 2801 349 2835 Ht.
369 2800 436 2834 Ed.
536 2811 589 2834 12.
607 2800 906 2845 ἀναμηρυσάμενος
924 2799 999 2832 B.a.
1020 2798 1096 2832 Cat.
1118 2798 1215 2831 Harl.
1235 2797 1522 2841 ἀναμερισάμενος
1542 2796 1604 2829 Ht.
1618 2795 1684 2828 Ed.

107 2859 159 2891 13.
186 2849 203 2880 ὁ
222 2854 444 2891 assumptum
463 2858 504 2880 ex
524 2847 553 2880 B
569 2858 743 2891 suprascr.
845 2857 896 2887 14.
923 2845 1166 2889 διισχυρίζεται
1182 2844 1223 2877 B.
1238 2844 1289 2878 ὅτι
1308 2844 1517 2888 ἰσχυρίζεται
1538 2842 1601 2875 Ht.
1618 2841 1684 2874 Ed.

107 2902 160 2936 15.
197 2893 378 2928 ἀποθανεῖν
405 2893 440 2927 ἐν
465 2893 640 2937 ἁμαρτίαις
667 2893 806 2925 inverso
835 2891 957 2925 ordine
988 2891 1029 2924 B.
1057 2891 1123 2925 hoc
1152 2890 1275 2924 ordine
1302 2890 1365 2923 Ht.
1397 2889 1462 2923 Ed.
1490 2889 1626 2922 favente
1655 2899 1686 2920 a.

107 2940 161 2974 16.
187 2940 465 2984 πεφορτισμένον
484 2939 560 2973 B.a.
582 2939 645 2973 Ht.
664 2937 949 2983 πεφορτισμένων
967 2937 1060 2971 Aub.

858 3003 932 3032 D2
