2037 3266
323 123 408 164 530
724 125 775 166 B.
808 125 1089 167 CYRILLI
1128 124 1511 167 ALEXANDR.
1654 124 1736 165 xiv.
1757 135 1908 179 30,31.

323 232 531 298 ἠθέλησε
568 232 651 285 τὸν
689 234 806 287 ἰ’διον
836 235 968 299 Υἱὸν,
1004 236 1154 288 καίτοι
1191 234 1482 305 σύμμορφόν
1518 257 1569 286 τε
1607 234 1729 303 ἔχων
1766 230 1910 284 αὐτὸν

324 316 400 366 καὶ
430 319 489 382 τῇ
519 315 639 367 κατὰ
672 322 768 369 πᾶν
794 318 977 382 ἰσότητι
1014 321 1260 384 διαπρεπῆ,
1287 322 1348 372 εἰς
1383 317 1622 382 τοσαύτην
1648 317 1909 379 καταβῆναι

323 398 621 462 ταπείνωσιν,
660 401 723 454 ὡς
764 403 838 451 καὶ
884 401 1136 468 ἄνθρωπον
1174 400 1395 467 γενέσθαι
1438 401 1493 451 δι’
1533 400 1667 464 ἡμᾶς,
1707 399 1784 449 καὶ
1827 395 1910 447 τὸν

324 477 438 547 ὑπὲρ
488 483 571 545 τῆς
618 481 841 533 ἁπάντων
885 483 1003 550 ζωῆς
1051 481 1116 547 μὴ
1167 484 1440 549 ἐρυθριᾶσαι
1491 480 1711 533 θάνατον·
1771 484 1910 530 τοῦτο

285 562 565 630 Οπέπραχεν
605 564 629 613 ὁ
668 563 796 627 Υἱὸς,
835 567 1035 630 ἀγαπῶν
1075 563 1158 616 τὸν
1197 564 1472 631 γεννήτορα,
1512 563 1595 615 τὸν
1638 560 1952 614 ἐντετάλθαιὸ

322 642 595 710 λεγόμενον,
635 647 697 699 ὡς
738 647 831 715 ἰδία
872 647 1062 711 δυνάμει
1105 651 1339 713 νεκρῶσαι
1380 645 1465 711 μὲν
1503 649 1570 715 τῷ
1609 648 1691 709 τῆς
1732 641 1912 710 σαρκὸς

321 726 460 777 πάθει
500 725 583 778 τὸν
621 727 838 791 θάνατον,
875 729 929 780 τὸ
971 728 1020 780 δὲ
1060 732 1142 793 τῆς
1184 733 1368 798 φθορᾶς
1408 733 1677 780 καταλῦσαι
1717 725 1908 793 κράτος,

322 807 615 874 ζωοποιῆσαί
645 833 694 861 τε
729 811 837 864 τοὺς
863 812 1290 880 κατεφθαρμένους,
1318 813 1393 862 καὶ
1418 808 1503 874 τὴν
1529 808 1728 876 ἀρχαίαν
1755 808 1912 861 αὐτοῖς

322 891 454 944 αὖθις
480 893 745 944 ἀνανεῶσαι
772 893 935 963 δόξαν.
992 894 1068 945 διὰ
1103 892 1241 946 τοῦτό
1276 898 1444 962 φησιν,
1471 892 1542 944 ὅτι
1578 891 1744 945 στενὸς
1776 890 1860 955 μὲν
1886 891 1912 941 ὃ

321 976 415 1023 τῶν
442 971 604 1039 λόγων
630 974 801 1042 καιρός·
842 975 1103 1027 εἰσελαύνει
1128 975 1221 1042 γὰρ
1247 975 1336 1040 ἤδη
1363 974 1417 1027 τὸ
1444 974 1609 1037 πάθος,
1637 975 1712 1025 καὶ
1737 972 1792 1025 τὸ
1817 976 1912 1024 τῶν
1934 990 1982 1016 10

321 1053 560 1106 Ἰουδαίων
599 1057 667 1108 ἐπ’
709 1059 808 1121 ἐμοὶ
852 1058 1083 1125 λογισθὲν
1125 1058 1356 1123 ἀνεκαύθη
1398 1056 1637 1122 τόλμημα·
1687 1056 1913 1120 πείσομαι

320 1136 415 1203 γὰρ
442 1138 705 1203 ἐθελοντὴς,
731 1141 918 1207 ἐπείπερ
947 1143 1153 1209 ἀφῖγμαι
1181 1139 1258 1192 διὰ
1283 1146 1437 1191 τοῦτο.

400 1218 541 1284 Πλὴν
584 1221 757 1289 ἔρχεται
799 1229 817 1275 ὁ
863 1225 935 1275 τοῧ
979 1224 1147 1291 κόσμου
1186 1221 1331 1293 ἅρχων
1372 1227 1449 1273 καὶ
1493 1221 1531 1272 ἐν
1570 1221 1661 1289 ἐμοὶ
1707 1223 1782 1271 οὐκ
1821 1218 1912 1282 ἔχει

279 1307 305 1348 d
326 1298 451 1353 οὐδέν·
495 1303 755 1368 τουτέστιν,
791 1305 877 1372 οὐχ
917 1304 1170 1368 ἁλώσομαι
1207 1301 1639 1368 πεπλημμεληκὼς,
1671 1302 1780 1352 ἀλλ’
1810 1299 1914 1352 οὐδὲ

322 1383 566 1453 πρόφασις
593 1386 727 1437 ἔσται
753 1392 849 1441 τοῖς
866 1388 1109 1440 Ἰουδαίοις
1136 1390 1218 1451 τῆς
1244 1391 1305 1440 εὶς
1332 1383 1407 1448 ἐμὲ
1434 1384 1676 1452 παροινίας
1703 1385 1912 1449 εὔλογος·
1938 1396 1985 1436 15

322 1466 455 1518 οὐδὲν
490 1469 538 1517 ἐν
571 1468 671 1531 ἐμοὶ
710 1473 804 1519 τῶν
840 1469 967 1520 ἰδίων
1001 1470 1025 1519 ὁ
1064 1467 1288 1530 διάβολος
1327 1468 1435 1535 ἔχει·
1488 1468 1581 1518 ἰ’δια
1620 1465 1712 1533 γὰρ
1751 1464 1914 1532 ὥσπερ

322 1550 493 1600 ἐκείνου
519 1549 579 1601 τὰ
611 1555 791 1620 φαῦλα,
818 1553 893 1601 καὶ
928 1553 1011 1614 τῆς
1045 1550 1275 1617 ἁμαρτίας
1309 1551 1336 1614 ἡ
1372 1550 1558 1615 γε’νεσις
1593 1551 1765 1600 ἐκεῖνον
1792 1545 1915 1599 οἶδεν

322 1632 489 1700 ἀρχήν.
547 1632 618 1684 ὅτι
657 1633 705 1684 δὲ
741 1633 923 1698 ἀληθὴς
961 1639 1044 1684 τοῦ
1083 1636 1302 1699 Σωτῆρος
1338 1634 1363 1683 ὁ
1401 1631 1546 1698 λόγος
1580 1631 1796 1695 μάλιστα
1830 1629 1915 1693 μὲν

325 1717 400 1765 καὶ
427 1715 485 1784 ἐξ
507 1716 650 1779 αὐτῆς
675 1717 854 1767 κατίδοι
887 1739 956 1769 τις
994 1714 1051 1766 ἂν
1077 1718 1159 1779 τῆς
1186 1715 1483 1768 ἀκολουθίας.
1537 1718 1638 1767 πῶς
1671 1712 1764 1779 γὰρ
1798 1711 1910 1781 ἐξή-

323 1820 500 1863 μαρτεν
534 1799 559 1848 ὁ
598 1798 663 1862 μὴ
703 1797 832 1852 εἰδὼς
873 1799 1120 1864 ἁμαρτίαν,
1148 1799 1172 1848 ὀ
1209 1796 1353 1865 φύσει
1388 1799 1464 1848 καὶ
1498 1797 1695 1864 ἀληθεία
1727 1794 1861 1856 Θεὸς,
1890 1795 1985 1845 520

324 1883 503 1947 τροπῆς
529 1883 612 1944 τῆς
637 1881 715 1932 ἐπί
736 1904 781 1932 τι
806 1885 901 1932 τῶν
927 1881 1009 1931 οὐκ
1045 1878 1249 1947 ἐχόντων
1275 1880 1426 1945 ὀρθῶς
1460 1879 1754 1931 ἀνεπίδεκτος
1787 1899 1911 1928 παν-

287 1967 504 2025 θτελῶςς
557 1964 643 2030 οὐχ
683 1963 857 2027 ἥκιστα
896 1961 945 2013 δὲ
986 1964 1062 2013 καὶ
1101 1962 1155 2012 δι’
1193 1961 1347 2012 αὐτῶν
1386 1959 1608 2028 ὀψόμεθα
1645 1965 1783 2010 τοῦτο
1820 1963 1915 2010 τῶν

326 2045 757 2110 ἀναγεγραμμένων
793 2047 841 2095 ἐν
875 2049 972 2098 τοῖς
1012 2044 1162 2109 ἁγίοις
1201 2044 1578 2108 εὐαγγελισταῖς.
1640 2043 1665 2092 ὁ
1703 2039 1789 2104 μὲν
1822 2040 1915 2107 γὰρ

104 2125 197 2155 Infra

102 2169 257 2208 xviii.3S.

326 2125 844 2196 σοφώτατοςἸωάννης
870 2125 952 2177 τὸν
971 2125 1186 2177 Πιλάτον
1211 2125 1499 2187 εἰσκεκόμικε
1526 2122 1914 2190 λε’γονταωΕγὼ

328 2216 355 2238 “
382 2209 600 2272 οὐδεμίαν
643 2209 794 2259 αἰτίαν
837 2210 1039 2275 εὑρίσκω
1084 2209 1131 2258 ἐν
1173 2208 1345 2275 αὐτῷ,”
1388 2209 1463 2257 καὶ
1508 2206 1656 2257 πάλιν
1699 2203 1817 2268 μετὰ
1859 2203 1914 2256 τὸ
1936 2218 1984 2257 25

328 2292 549 2342 ἐπιθεῖναι
600 2291 842 2359 στέφανον
890 2289 973 2340 τὸν
1024 2290 1080 2358 ἐξ
1127 2291 1357 2350 ἀκανθῶν,
1407 2291 1789 2356 προσφωνοῦντα
1839 2288 1914 2337 καὶ

105 2373 238 2405 1b.xix.
329 2373 532 2439 λε’γοντα
558 2371 700 2423 “”Ιδε
727 2372 830 2438 ἄγω
865 2371 1007 2423 αὐτὸν
1035 2372 1141 2434 ὑμῖν
1166 2370 1272 2439 ἐξω,
1298 2370 1372 2420 ἵνα
1407 2374 1556 2435 γνῶτε
1593 2368 1663 2420 ὅτι
1698 2368 1915 2432 οὐδεμίαν

330 2463 357 2486 “
382 2456 534 2507 αἰτίαν
561 2456 761 2521 εὑρίσκω
796 2456 843 2505 ἐν
870 2452 1040 2524 αὑτῲ·”
1083 2454 1108 2503 ὁ
1135 2453 1189 2503 δέ
1215 2475 1269 2518 γε
1299 2456 1547 2505 Ματθαῖος
1581 2456 1642 2505 εἷς
1676 2449 1915 2514 τοσαύτην

330 2537 473 2590 αὐτὸν
513 2536 858 2603 μισοπονηρίαν
904 2537 1108 2604 ἀφῖχθαί
1150 2539 1317 2603 φησιν,
1357 2537 1417 2589 ὡς
1463 2536 1538 2585 καὶ
1582 2534 1914 2601 ἀπονίψασθαι

1472 2621 1491 2630 Α

111 2643 195 2676 855
212 2641 259 2675 Α.
292 2619 472 2675 ειαὺτὸν
510 2625 606 2674 τοῖς
641 2619 881 2672 Ἰουδαίοις
922 2617 1005 2672 τὰς
1051 2623 1208 2685 χεῖρας
1252 2619 1328 2668 καὶ
1370 2620 1513 2668 εὶπειν
1551 2615 1779 2685 αἈθῷός
1823 2617 1913 2674 εἶμι
1935 2631 1984 2668 30

108 2692 271 2724 S.Matth.

108 2737 270 2778 xxvii.24.
331 2711 358 2733 ‘⁶
385 2702 480 2754 ἀπὸ
515 2707 599 2753 τοῦ
633 2702 828 2764 αἵματος
862 2706 944 2752 τοῦ
980 2701 1158 2751 δικαίου
1192 2698 1409 2751 τούτου·”
1457 2699 1525 2750 ἐπ’
1555 2699 1709 2749 αὐτῶν
1739 2695 1787 2747 δὲ
1821 2700 1915 2747 τῶν

378 2902 458 2937 4—7.
486 2894 515 2926 A
535 2893 676 2926 θάνατον
693 2891 735 2925 ad
755 2891 896 2926 θάνατον
915 2890 1062 2925 transilit
1084 2890 1122 2924 E.
1271 2900 1322 2924 12.
1350 2888 1519 2923 ἐθελοντὶς
1538 2887 1578 2921 Ε.
1720 2885 1772 2920 16.
1799 2883 1912 2930 οὐδὲν]

339 2946 368 2979 -†-
395 2940 458 2983 γὰρ
478 2940 593 2973 minus
612 2939 698 2973 bene
718 2939 809 2972 Cutt.
958 2947 1008 2981 17.
1036 2937 1191 2981 γέννησις
1210 2935 1301 2969 Catt.
1445 2944 1501 2979 27.
1527 2933 1574 2968 ὅτ’
1595 2933 1635 2968 Ε.
