1971 3272
92 135 178 176 viii.
197 149 264 191 34.
353 138 426 178 IN
469 138 511 179 S.
545 139 881 180 JOANNEM.
945 139 1070 179 LIB.
1099 139 1146 179 V.
1210 140 1342 181 CAP.
1370 142 1419 180 V.
1621 142 1674 180 63

1736 249 1782 298 ff.
1804 249 1898 279 Rom.

90 246 166 294 καὶ
191 245 412 309 ἀοίδιμος,
439 248 669 313 ἐλογίσθη
697 246 745 298 δὲ
773 249 898 316 αὐτῷ
925 248 953 310 ἡ
979 248 1141 300 πίστις
1168 251 1229 301 εἰς
1257 248 1573 311 δικαιοσύνην,
1600 251 1674 298 καὶ
1737 304 1766 322 W
1799 302 1815 331 3

88 324 335 394 πρόφασις
378 329 504 397 αὐτῷ
548 330 741 394 γε’γονεν
785 330 1050 395 ἐλευθερίας
1097 331 1180 391 τῆς
1225 328 1345 378 κατὰ
1390 327 1514 378 Θεὸν
1555 329 1582 391 ἡ
1627 331 1714 379 ε’κυ

87 406 294 462 πίστεως
321 411 610 474 δικαιοσύνη.
664 412 831 461 οὐκοῦν
857 409 933 460 ὅτε
959 409 1225 463 πιστεύσας
1251 410 1513 473 ἐδικαιώθη,
1543 432 1677 460 τουτ-

87 486 232 551 έστιν,
260 489 335 540 ὅτε
361 490 447 554 τὴν
472 493 522 542 ἐκ
556 494 639 555 τῆς
677 493 905 558 ἁμαρτίας
935 493 1209 558 δυσγένειαν
1235 494 1541 555 ἀπεσείσατο,
1570 494 1676 543 τότε

46 569 267 638 5πε’φηνε
302 572 522 638 λαμπρὸς
561 576 636 624 καὶ
676 573 866 639 εὐγενὴς
901 577 976 625 καὶ
1014 574 1275 640 ἐλεύθερος.
1330 575 1538 638 ἀνοήτως
1574 597 1671 624 τοι-

89 657 268 718 γαροῦν
292 655 334 703 οἱ
358 653 576 705 Ἰουδαῖοι
601 654 687 718 τὴν
713 658 788 706 καὶ
816 655 959 707 αὑτὸν
984 656 1381 722 ἐλευθερώσασαν
1405 661 1488 706 τοῦ
1514 655 1678 720 γένους

88 731 171 783 τὸν
197 734 463 800 ἀρχηγέτην
495 736 828 802 περιπτύοντες
865 735 1018 804 χάριν,
1045 739 1119 788 ἐπὶ
1158 736 1304 800 μόνον
1336 735 1419 787 τὸν
1454 738 1508 787 δι’
1536 738 1678 800 αὐτῆς

89 815 462 881 ἐλευθερωθέντα
507 817 804 883 βαδίζουσιν,
847 820 959 869 ἀλλ’
1007 819 1111 870 οὐδὲ
1156 819 1263 869 ὅθεν
1308 821 1454 881 ἐστὶν,
1495 817 1524 882 ἢ
1571 818 1677 869 ὅποι

87 896 201 947 ποτὲ
224 898 410 960 βλέποι,
437 897 491 949 τὸ
518 901 566 949 ἐν
593 900 749 969 ἐκείνῳ
775 900 1001 966 λαμπρὸν
1026 900 1446 969 περισκεψάμενοι,
1472 899 1557 951 τὸν
1582 905 1678 951 τῶν

20 996 68 1022 10
86 979 135 1029 ἐν
173 979 297 1047 αὐτῷ
341 981 620 1031 καλλίστων
657 980 936 1047 ἀτιμάζουσι
978 981 1202 1049 χορηγὸν,
1243 985 1319 1033 καὶ
1361 982 1447 1046 τὴν
1485 980 1676 1046 ἁπάσης

87 1060 317 1125 εὐγενείας
353 1061 550 1130 ἀφέντες
583 1062 756 1127 πηγὴν,
783 1064 856 1114 ἐπὶ
891 1067 957 1132 τῷ
994 1062 1166 1127 ταύτης
1201 1064 1513 1131 μετεσχηκότι
1551 1069 1672 1131 φρο-
1695 1079 1716 1103 a
1748 1071 1832 1105 538
1847 1070 1899 1104 A·

88 1146 224 1191 νοῦσι
269 1143 407 1207 μέγα·
466 1143 741 1194 ἁλώσονται
787 1144 834 1195 δὲ
880 1148 955 1195 καὶ
1001 1146 1075 1195 ἐπὶ
1120 1149 1186 1214 τῷ
1232 1147 1395 1210 μηδενὶ
1439 1142 1677 1196 δουλεῦσαι

87 1222 270 1274 πώποτε
303 1224 458 1288 μάτην
488 1225 894 1292 ἐπικομπάζοντες,
927 1229 1002 1277 καὶ
1037 1227 1374 1294 διεψευσμένος
1410 1228 1566 1280 αὐτοῖς
1602 1228 1677 1277 καὶ

88 1304 113 1354 ὃ
138 1307 244 1370 περὶ
270 1305 438 1356 τούτου
464 1306 611 1371 λόγος
636 1307 768 1358 οὐδὲν
794 1307 935 1372 ἧττον
962 1309 1367 1375 διελεγχθήσεται.
1424 1308 1670 1359 δεδουλεύ-

22 1399 68 1437 15
88 1408 202 1436 κασι
239 1385 324 1448 μὲν
357 1386 451 1452 γὰρ
489 1387 765 1452 Αἰγυπτίοις
804 1389 883 1453 ε”τη
922 1388 1005 1439 τὸν
1041 1389 1242 1455 ἀριθμὸν
1278 1388 1562 1456 τετρακόσια
1601 1391 1676 1439 καὶ

86 1466 350 1533 τριάκοντα,
379 1471 452 1519 καὶ
479 1468 555 1520 διὰ
581 1472 664 1533 τῆς
690 1470 869 1521 ἄνωθεν
895 1469 1085 1538 χάριτος
1120 1471 1259 1534 μόλις
1294 1472 1677 1540 ἐξεκομίσθησαν

87 1549 145 1618 ἐξ
167 1549 293 1600 οἴκου
317 1551 545 1614 δουλείας,
573 1553 648 1602 καὶ
684 1553 733 1602 ἐκ
768 1553 964 1615 καμίνου
995 1555 1207 1619 σιδηρᾶς,
1237 1553 1359 1604 καθὰ
1387 1554 1671 1619 γέγραπται,
1738 1553 1900 1628 ξοῇυων·

87 1634 171 1695 τῆς
218 1633 490 1697 Αἰγυπτίων
533 1633 811 1702 πλεονεξίας
856 1633 1054 1698 δηλαδή.
1125 1635 1461 1686 δεδουλεύκασι
1507 1633 1556 1684 δὲ
1601 1637 1677 1685 καὶ

90 1714 414 1774 Βαβυλωνίοις
450 1717 525 1765 καὶ
550 1716 845 1782 Ἀσσυρίοις,
873 1715 948 1766 ὅτε
983 1721 1149 1767 πᾶσαν
1180 1717 1265 1781 τὴν
1289 1717 1529 1768 Ἰουδαίων
1555 1719 1670 1767 ἀνα-

19 1810 69 1835 20
88 1795 356 1859 στήσαντες
394 1796 567 1863 χώραν,
608 1798 683 1847 καὶ
723 1796 867 1860 αὐτὴν
907 1797 955 1847 δὲ
994 1797 1080 1861 τὴν
1109 1798 1446 1864 Ἰερουσαλὴμ,
1490 1802 1552 1852 εἰς
1590 1798 1719 1862 τὴνῖ)

87 1878 264 1927 ἑαυτῶν
300 1876 415 1928 ὅλον
448 1876 706 1941 μετέθεσαν
740 1876 823 1928 τὸν
848 1878 1068 1944 Ἰσραήλ.
1123 1879 1383 1943 οὐδαμόθεν
1421 1886 1676 1946 τοιγαροῦν

87 1963 182 2009 τῶν
206 1959 446 2010 Ἰουδαίων
473 1958 604 2024 ὑγιὴς
632 1961 656 2010 ὁ
682 1958 841 2024 λόγος·
880 1958 999 2025 πρὸς
1025 1964 1091 2029 τῷ
1117 1959 1211 2026 γὰρ
1238 1960 1324 2025 τὴν
1351 1962 1676 2027 ἀληθεστέραν

87 2041 323 2105 ἀγνοῆσαι
363 2040 578 2090 δουλείαν
618 2039 704 2103 τὴν
741 2042 790 2091 ἐν
829 2042 1075 2106 ἁμαρτίαις
1110 2045 1247 2110 φημὶ,
1280 2045 1355 2093 καὶ
1394 2042 1479 2106 τὴν
1515 2043 1676 2108 ἑτέραν

87 2123 337 2187 ἀρνοῦνται
376 2124 581 2186 δυσγενῆ
620 2126 880 2184 παντελῶς,
908 2124 983 2172 καὶ
1022 2124 1096 2173 ἐπὶ
1135 2127 1202 2192 τῷ
1239 2126 1402 2188 μηδενὶ
1440 2123 1675 2178 πολλάκις

18 2214 68 2253 25
86 2203 210 2268 με’γα
243 2207 435 2271 φρονεῖν
461 2204 728 2267 εἰθισμένην
754 2203 938 2271 ἔχοντες
968 2203 1053 2268 τὴν
1079 2203 1301 2256 διάνοιαν.

98 2339 332 2396 'An-expiem
371 2336 517 2380 αὐτοῖς
554 2341 576 2382 ὁ
615 2340 773 2397 Σωτήρ
803 2340 941 2389 Ἀμὴν
979 2341 1093 2389 ἀμήν
1131 2343 1244 2389 λὲΓω
1281 2339 1375 2390 ὑμῖν
1412 2343 1477 2385 ὅτι
1514 2345 1598 2384 Πᾶς
1635 2345 1657 2385 ὁ
1697 2352 1744 2387 34

287 2422 424 2463 Ποιῶν
463 2422 539 2464 τήν
577 2421 791 2479 ἁμαρτίαν
830 2422 985 2466 δοῦλός
1023 2424 1112 2466 ἐστι
1149 2429 1224 2465 τῆς
1261 2425 1487 2482 ἁμαρτίας.
1694 2406 1715 2431 C

168 2523 408 2591 Ψυχικοὺς
460 2524 598 2578 ὄντας
649 2523 831 2588 αὐτοὺς,
883 2528 958 2576 καὶ
1008 2529 1071 2579 εἰς
1120 2525 1243 2589 μόνα
1292 2526 1564 2586 βλέποντας
1618 2525 1676 2576 τὰ

134 2646 168 2680 6.
194 2647 225 2679 οἱ
244 2652 469 2690 assumptum
487 2658 529 2680 ex
548 2646 590 2681 B.
765 2656 797 2692 7.
823 2647 1040 2682 διαπτύοντες
1057 2659 1088 2681 a.
1107 2647 1338 2682 ἀποπτύοντες
1357 2647 1433 2681 Cat.
1454 2647 1555 2680 Harl.
1633 2646 1675 2681 δι’

87 2693 188 2735 αὐτῆς
206 2704 236 2725 a.
257 2692 333 2726 Cat.
356 2692 456 2726 Harl.
475 2692 516 2726 δι’
535 2694 652 2736 ἑαυτῆς
672 2692 740 2726 Ed.
999 2705 1032 2738 9.
1057 2694 1184 2734 βλέποι
1203 2694 1245 2727 Β.
1263 2693 1405 2733 βλέπειν
1424 2693 1542 2727 Holst.
1560 2693 1675 2737 βλέπῃ

88 2738 156 2772 Ed.
175 2739 369 2772 clausulam
395 2750 465 2772 om.
485 2750 515 2772 a.
603 2743 670 2772 τῶν
693 2739 728 2772 ἐν
750 2739 838 2785 αὐτῷ
864 2739 1061 2773 καλλίστων
1080 2740 1122 2773 Β.
1142 2740 1177 2773 ἐν
1200 2741 1288 2784 αὐτῷ
1315 2741 1504 2774 κάλλιστον
1523 2739 1586 2773 Ht.
1607 2740 1675 2774 Ed.

91 2795 146 2829 13.
171 2784 420 2828 διεψευσμένος
439 2785 482 2818 Β.
502 2784 565 2818 Ht.
584 2785 842 2829 διεψευσμένως
859 2785 952 2819 Aub.
1102 2786 1154 2819 18.
1182 2785 1310 2829 δηλαδή
1328 2792 1552 2830 assumptum
1571 2798 1612 2820 ex
1632 2786 1674 2820 B.

89 2837 169 2865 ante
185 2831 383 2875 πλεονεξίας
401 2837 443 2864 tl'.
463 2843 494 2865 a.
620 2842 673 2875 19.
700 2830 954 2873 ἀναστήσαντες
974 2831 1015 2864 Β.
1037 2830 1101 2864 Ht.
1120 2832 1421 2868 ἀναστατώσαντες
1440 2845 1458 2866 e
1476 2832 1553 2866 Cat.
1576 2833 1675 2866 Harl.

89 2877 185 2911 Aub.
330 2888 385 2911 21.
412 2878 492 2912 ὁδὸν
511 2877 553 2912 Β.
574 2878 637 2912 Ht.
656 2878 740 2911 ὅλον
757 2889 775 2911 e
794 2877 870 2912 Cat.
892 2878 992 2912 Harl.
1011 2877 1211 2912 emendavit
1226 2879 1320 2913 Aub.
1463 2890 1519 2913 22.
1545 2880 1610 2924 γὰρ
1628 2881 1674 2924 τῷ

91 2923 230 2958 inverso
247 2923 370 2958 ordine
387 2935 418 2957 a.
