2016 3246
89 769 104 790 2
121 760 193 791 Cor.
206 771 237 791 v.

91 804 139 834 18.

306 157 388 197 106
706 154 756 194 B.
790 151 1063 193 CYRILM
1104 149 1485 191 ALEXANDR.
1717 145 1804 187 viii.
1821 154 1890 196 47-

240 374 286 413 47
324 368 379 410 ‘O
417 368 478 409 ὣν
514 367 562 410 ἐκ
600 369 672 408 τοῦ
712 365 822 406 Θεοῦ
861 363 911 405 τὰ
952 364 1122 420 ῥύματα
1160 365 1233 402 τοῦ
1271 360 1380 402 Θεοῦ
1420 359 1579 400 ἀκούει·
1637 357 1705 398 διὰ
1744 359 1871 397 τοῦτο

515 459 634 511 ὑμεῖς
671 460 747 502 οὐκ
784 459 978 508 ἀκούετε,
1016 458 1080 499 ὅτι
1118 456 1166 496 ὲκ
1203 459 1277 497 τοῦ
1317 454 1427 496 Θεοῦ
1467 454 1543 495 οὐκ
1581 453 1689 494 ὲοτε.

382 593 454 646 Τὸ
494 593 580 657 μέν
605 596 689 643 Ἐκ
724 592 798 642 τοῦ
829 591 941 642 Θεοῧ
979 612 1109 642 τινας
1149 585 1262 638 εἶναι
1302 586 1493 649 νοητεόν
1519 586 1567 635 ἐν
1593 583 1788 645 τούτοις,
1814 582 1898 632 οὐκ

263 685 290 726 b
310 679 372 730 ὡς
398 677 449 726 ἐκ
474 678 556 739 τῆς
583 675 749 728 οὐσίας
780 674 922 724 αὑτοῦ
954 670 1274 737 γεννηθέντας·
1319 669 1477 733 εὔηθες
1504 665 1614 732 γάρ·
1656 665 1765 715 ἀλλ’
1794 662 1898 714 οὐδὲ

309 759 408 809 κατ’
447 758 590 808 ἐκεῖνο
626 754 680 807 τὸ
720 755 796 805 διὰ
836 759 919 806 τοῦ
962 752 1163 804 Παύλου
1204 751 1462 817 λεγόμενον
1494 747 1617 799 “sz
1653 745 1811 799 πάντα
1848 746 1940 795 ἐκ5

310 847 338 870 “
363 845 447 891 τοῦ
475 839 645 890 Θεοῦ·”
686 835 843 901 ἐπειδὴ
871 835 964 902 γάρ
997 836 1099 886 ἐστι
1137 831 1422 899 δημιουργὸς
1458 833 1533 882 καὶ
1567 825 1899 895 γενεσιουργὸς

311 921 533 974 ἁπάντων
564 922 588 971 ὁ
627 925 724 973 τοῖς
761 924 886 971 πᾶσι
924 917 977 968 τὸ
1016 915 1132 968 εἶναι
1171 915 1337 978 διδους,
1372 913 1432 966 τὰ
1471 913 1629 965 πάντα
1666 911 1724 979 ἐξ
1759 911 1901 961 αὑτοῦ

312 1010 465 1074 φησιν
497 1004 522 1054 ὁ
562 1003 819 1056 θεσπέσιος
858 1004 1071 1052 Παῦλος.
1126 999 1237 1049 ἀλλ’
1272 999 1320 1048 ἐν
1355 996 1536 1049 τούτοις
1575 995 1662 1061 οὐχ
1701 992 1901 1058 ἁρμόσει

311 1086 366 1137 τὸ
402 1086 523 1136 οὕτω
560 1089 697 1136 νοεῖν·
745 1083 947 1135 ἅπαντες
981 1079 1074 1147 γάρ
1110 1084 1231 1130 εἰσιν
1265 1081 1314 1129 ἐκ
1350 1083 1476 1129 Θεοῦ
1510 1075 1711 1142 πονηροί
1740 1097 1789 1125 τε
1825 1076 1901 1123 καὶ

312 1169 499 1233 ἀγαθοὶ,
532 1165 649 1217 καθὸ
687 1165 881 1217 πάντων
919 1165 1021 1214 ἐστὶ
1062 1160 1360 1228 δημιουργός.
1415 1161 1465 1212 ἐκ
1501 1160 1612 1210 Θεοῦ
1649 1161 1902 1221 τοιγαροῦν

314 1253 441 1318 φησι
466 1248 548 1299 τὸν
573 1248 630 1317 ἐξ
658 1249 823 1313 ἀρετῆς
858 1247 933 1296 καὶ
970 1243 1165 1308 ἐννόμου
1199 1243 1438 1295 πολιτείας
1475 1236 1904 1307 προσοικειωθέντα

277 1346 299 1373 0
317 1333 440 1401 Θεῷ,
468 1332 543 1381 καὶ
568 1329 830 1399 ἠξιωμένον
855 1328 1018 1393 ὥσπερ
1045 1329 1127 1390 τῆς
1151 1325 1271 1392 πρὸς
1297 1324 1439 1375 αὐτὸν
1465 1321 1757 1388 συγγενείας,
1786 1317 1904 1370 καθὸ

316 1416 394 1465 καὶ
431 1414 479 1464 ἐν
517 1412 692 1465 τέκνοις
731 1410 1035 1462 κατατάττειν
1073 1407 1180 1461 τοῦς
1221 1406 1458 1459 τοιούτους
1499 1405 1637 1473 ἀξιοῖ.
1692 1408 1709 1453 ὁ
1748 1401 1904 1452 τοίνυν

316 1496 469 1565 φησὶν
507 1492 559 1545 ὢν
599 1494 649 1545 ἐκ
689 1494 800 1544 Θεοῦ
837 1490 1182 1558 προχειρότατα
1225 1490 1299 1539 καὶ
1341 1487 1561 1551 ἀσμένως
1601 1483 1709 1538 τοὺς
1753 1483 1903 1536 θείους

316 1575 577 1643 εἷσδέξεται
622 1574 807 1641 λόγους·
881 1574 1027 1642 φίλον
1066 1571 1160 1637 γάρ
1204 1594 1304 1624 πως
1350 1571 1418 1620 ἀεὶ
1463 1568 1516 1619 τὸ
1560 1564 1788 1632 συγγενὲς
1828 1568 1903 1616 καὶ

317 1663 499 1711 οἰκεῖον·
554 1659 578 1707 ὁ
622 1656 669 1708 δὲ
713 1654 778 1720 μὴ
825 1654 890 1706 ὧν
933 1654 983 1705 ἐκ
1029 1655 1156 1715 Θεοῦ,
1197 1651 1457 1712 τουτέστιν,
1497 1651 1522 1700 ὁ
1565 1647 1686 1701 κατὰ
1730 1647 1907 1712 μηδένα

317 1741 495 1810 τρόπον
528 1739 613 1805 τὴν
644 1738 762 1805 πρὸς
796 1736 938 1788 αὐτὸν
971 1737 1203 1787 οἱκείωσιν
1230 1733 1500 1798 τετιμηκὼς,
1527 1732 1610 1783 οὐκ
1649 1730 1706 1781 ἂν
1735 1730 1908 1794 ἥδιστα

319 1829 414 1876 τῶν
454 1823 588 1874 θείων
627 1819 977 1887 ἐπακροάσαιτο
1015 1818 1191 1883 λόγων·
1246 1815 1350 1867 οὐδὲ
1388 1815 1482 1882 γὰρ
1520 1811 1775 1880 ἐνυπάρξαι
1813 1815 1909 1863 τοῖς

320 1910 544 1972 πονηροῖς
571 1905 740 1973 ῥᾳδίως
775 1901 829 1953 τὸ
862 1899 1057 1967 ἀγαθὸν,
1083 1898 1344 1968 ἀξιομάχος
1371 1898 1417 1948 δὲ
1445 1898 1658 1959 οὐδαμῶς
1686 1893 1800 1959 ὑπὲρ
1826 1895 1909 1956 τῆς

278 1991 488 2054 ἀάρετῆς
526 1989 630 2038 ἐστι
666 1985 828 2047 πόθος,
854 1984 1040 2049 ἐπείπερ
1075 1982 1230 2035 αὐτοῖς
1265 1983 1347 2044 τῆς
1384 1977 1590 2046 ἐσχάτης
1627 1976 1905 2038 ἀναπέπλη-

321 2094 435 2123 σται
461 2069 721 2137 μοχθηρίας
748 2068 772 2117 ὁ
800 2072 920 2129 νοῦς,
948 2067 1024 2116 καὶ
1050 2064 1169 2130 πρὸς
1195 2062 1341 2126 μόνον
1368 2063 1456 2130 ὁρᾷ
1482 2059 1534 2111 τὸ
1561 2059 1678 2110 ἰ’διον
1703 2056 1906 2122 θέλημα.

386 2151 545 2204 ’Ὀταν
572 2151 621 2201 δὲ
655 2150 774 2218 λε’γῃ
800 2146 1015 2215 Χριστός
1039 2147 1097 2197 ‘O
1126 2144 1177 2197 ὢν
1204 2146 1254 2196 ἐκ
1281 2146 1351 2195 τοῦ
1379 2144 1491 2194 Θεοῧ
1526 2141 1587 2192 τέο
1621 2142 1803 2211 ῥήματα
1840 2139 1910 2190 τοῦ

322 2236 433 2287 Θεοῦ
472 2233 634 2294 ἀκούει,
671 2229 890 2296 νομιζέτω
929 2230 1087 2292 μηδεὶς
1127 2227 1198 2278 ὅτι
1236 2226 1400 2289 μόναις
1434 2229 1533 2277 ταῖς
1567 2228 1650 2273 τοῦ
1685 2221 1911 2286 σώματος

324 2319 482 2369 ἀκοαῖς
520 2314 603 2368 τὰς
642 2314 766 2366 θείας
805 2313 924 2375 ἡμᾶς
962 2307 1293 2374 εἶσοικίζεσθαι
1333 2305 1495 2374 φωνὰς
1533 2303 1778 2356 ἐπιτάττει.
1842 2301 1911 2354 τίς

325 2398 419 2465 γὰρ
445 2401 539 2448 τῶν
566 2395 728 2456 ὄντων,
749 2398 786 2444 εἰ
813 2395 888 2443 καὶ
915 2396 1102 2460 φαῦλος
1128 2390 1195 2453 ε’ίη
1223 2390 1406 2456 κομιδῇ,
1426 2390 1508 2451 τῆς
1534 2391 1618 2437 τοῦ
1645 2389 1911 2437 λαλοῦντος

325 2482 633 2543 ὁτιδηποτοῦν
659 2478 743 2527 οὐκ
770 2474 828 2526 ἂν
855 2472 1145 2540 ἀκροάσαιτο
1170 2473 1345 2540 φωνῆς,
1370 2473 1407 2520 εἰ
1433 2468 1498 2533 μὴ
1531 2468 1623 2534 ἄρα
1658 2465 1788 2535 νόσῳ
1822 2466 1912 2515 τινὶ

323 2564 601 2628 παραιροῖτο
631 2557 717 2621 τὴν
743 2557 1003 2620 α’ίσθησινς
1043 2553 1097 2605 τὸ
1135 2553 1189 2604 δέ
1216 2550 1385 2603 Ἀκούει
1417 2551 1606 2614 τίθησιν
1632 2550 1681 2599 ἐν
1706 2546 1908 2608 τούτοις,

372 2742 405 2771 4.
432 2730 476 2764 ὡς
492 2732 717 2772 assumptum
735 2738 776 2760 ex
800 2726 905 2760 B.a.c.
926 2723 1032 2759 Cord.
1094 2720 1295 2767 γεννηθέντα
1314 2720 1355 2754 Β.
1376 2719 1440 2754 Ht.
1548 2725 1580 2762 7.
1607 2716 1686 2752 δοὺς
1702 2727 1733 2750 a.
1784 2714 1912 2749 Statim

326 2776 381 2809 διὰ
398 2778 498 2809 τοῦτο
516 2775 649 2808 addidit
668 2786 684 2807 e
703 2774 781 2807 Cat.
802 2772 901 2806 Harl.
919 2777 957 2805 ut
975 2770 1118 2804 adnotat
1136 2769 1209 2813 ipse
1228 2767 1321 2801 Aub.
1433 2766 1472 2799 ’8.
1498 2764 1533 2798 ἐν
1550 2763 1698 2808 τούτοις]
1718 2761 1860 2796 ἐνταῦθα
1877 2772 1909 2794 a.

331 2832 383 2855 10.
411 2824 498 2855 Θεοῦ
517 2822 552 2855 δέ
570 2819 654 2855 εἶναί
671 2821 760 2864 φησι
778 2832 809 2853 a.
969 2828 1021 2851 12.
1049 2816 1133 2850 καθὰ
1151 2827 1182 2848 a.
1344 2825 1397 2855 14.
1423 2812 1469 2846 ὢν
1486 2823 1555 2845 om.
1578 2810 1619 2844 B.
1640 2809 1758 2843 Holst.
1776 2806 1912 2841 addidit

327 2879 345 2901 e
364 2867 440 2901 Cat.
460 2873 499 2901 ut
516 2867 587 2900 vid.
606 2867 701 2900 Aub.
803 2874 855 2910 17.
882 2864 1069 2906 οἰκειότητα
1087 2874 1117 2896 a.
1222 2872 1275 2904 19.
1301 2859 1425 2904 ῥᾳδίως
1441 2859 1479 2891 τὸ
1497 2857 1624 2902 ἀγαθὸν
1641 2855 1707 2889 hoc
1726 2853 1847 2888 ordine
1867 2853 1910 2886 B.

328 2922 383 2957 27.
409 2916 609 2958 παραιροῖτο
633 2912 795 2946 emendat
815 2912 944 2956 Heyse.
962 2907 1140 2953 παρερύτω
1160 2907 1203 2942 Β.
1221 2906 1413 2951 παῤῥέρυτο
1433 2905 1498 2939 Ht.
1516 2902 1728 2948 παρέρριπτο
1746 2899 1911 2934 emenda-

326 2960 388 2999 vit,
405 2965 446 2993 ut
463 2959 607 2993 adnotat
624 2960 699 3003 ipse
717 2959 810 2993 Aub.
888 2956 999 2991 ἀκούει
1019 2956 1093 2990 B.a.
1112 2953 1243 2989 ἀκούειν
1262 2953 1327 2987 Ht.
1347 2951 1413 2986 Ed.

1926 1170 1973 1195 10

1929 1993 1979 2019 20
