2022 3272
115 115 197 156 xiv.
220 130 284 159 20.
373 119 445 158 IN
489 120 530 159 S.
565 119 902 159 JOANNEM.
966 119 1090 159 12113.
1126 120 1202 159 IX.
1265 120 1403 159 CM).
1440 119 1471 159 Ι.
1618 117 1698 156 485

112 247 228 276 ποτε
253 227 531 294 παρετράπη
558 231 641 291 τῆς
669 228 785 281 ἰδίας
819 228 1011 295 φύσεως
1044 229 1119 278 καὶ
1153 227 1345 293 γέγονεν
1372 231 1434 279 εἰς
1467 225 1643 294 ψυχὴν,
1672 225 1699 290 ἦ

112 308 367 372 μεμένηκεν
416 311 463 359 ἐν
513 309 761 373 ταυτότητι
813 314 871 376 τῇ
920 310 1101 360 ἑαυτοῦ.
1174 314 1211 359 εὶ
1263 308 1347 371 μὲν
1395 307 1490 374 γὰρ
1541 311 1740 373 ε’ροῦσιθ

111 390 490 460 μετατετράφθαι
553 415 635 442 ποι
697 394 772 441 καί
837 391 920 442 τὸν
976 394 1060 454 τῆς
1124 392 1240 444 ἰδιάς
1298 391 1489 458 φύσεως
1550 412 1696 454 παρε-

112 471 263 521 λάσαι
289 473 486 535 θεσμὸν,
515 477 874 542 δυσφημοῦντες
910 475 1198 524 ἁλώσονται·
1239 472 1442 538 τρεπτὴν
1469 471 1561 537 γὰρ
1588 469 1702 521 εῖναι

70 553 300 607 5πάντως
348 556 508 620 ἐροῦσι
558 556 644 620 τὴν
687 556 918 622 ἄτρεπτον
968 558 1044 606 καὶ
1096 556 1324 608 ὡσαύτως
1376 555 1584 621 ἔχουσαν
1633 555 1702 603 ἀεὶ

112 636 278 703 φύσιν’
322 641 359 688 εἰ
393 637 441 688 δὲ
467 638 746 704 παρετράπη
773 640 1001 702 οὐδαμῶς,
1027 637 1328 701 διαμεμένηκε
1356 637 1403 687 δὲ
1429 635 1561 687 τοῦθ’
1587 635 1701 701 ὅπερ

110 716 168 781 ἧν
193 720 261 769 ἀεὶ
296 720 534 785 προελθὸν
560 723 609 771 ἐκ
642 725 767 771 Θεοῦ
805 720 859 771 τὸ
898 719 1163 789 ἐμφύσημα
1201 720 1364 782 αὐτοῦ,
1392 723 1493 772 πῶς
1528 718 1700 786 ἐξέστη

109 800 228 866 πρὸς
256 802 502 868 ἁμαρτίαν,
531 805 607 853 καὶ
634 803 871 867 τοσαύτης
897 802 1064 854 παθὼν
1090 806 1320 871 διαφορᾶς
1346 802 1508 867 γέγονε
1545 803 1696 851 δεκτι-

110 880 228 945 κόν;
287 884 340 934 οὐ
384 883 478 950 γὰρ
520 884 672 948 δήπου
717 890 856 952 φαῖεν
896 885 966 947 ἂν,
1010 887 1072 938 ὡς
1115 885 1297 935 ε”νεστιν
1337 883 1463 937 ὅλως
1503 887 1560 950 τῇ
1602 884 1700 952 θείᾳ

45 985 93 1010 10
112 964 258 1032 φύσει
309 965 362 1017 τὸ
412 966 646 1017 δύνασθαι
694 972 1009 1031 πλημμελεῖν.
1090 967 1201 1017 ἀλλ’
1254 967 1330 1017 ἵνα
1379 965 1444 1029 μὴ
1500 971 1700 1030 μακραῖς

110 1047 412 1116 ἀποδείξεσιν
467 1051 541 1100 ἐπὶ
598 1050 750 1118 τούτῳ
806 1050 1037 1117 χρώμενοι
1091 1048 1173 1100 τὸν
1232 1053 1330 1101 τοῖς
1385 1048 1745 1115 προκειμένοιςά

111 1130 500 1195 χρεωστούμενον
525 1131 878 1197 παρελάσωμεν
904 1130 1067 1198 λόγον,
1095 1133 1218 1200 φημὶ
1252 1134 1346 1182 δεῖν
1377 1132 1520 1181 ἐκεῖνο
1551 1129 1701 1181 πάλιν

110 1211 442 1273 ἀναλαβόντας
481 1217 636 1276 εἰπεῖν,
669 1216 731 1267 ὡς
771 1215 854 1264 οὐκ
894 1212 952 1264 ἀν
985 1212 1118 1277 οἶμαί
1147 1237 1216 1267 τις
1253 1214 1302 1264 εὖ
1337 1217 1528 1280 φρονῶν
1563 1211 1616 1262 τὸ
1652 1212 1702 1262 ἐκ

110 1297 194 1357 τῆς
221 1295 343 1348 θείας
370 1296 536 1349 οὐσίας
560 1293 799 1362 προελθὸν
824 1295 1101 1364 ἐμφύσημα,
1122 1294 1287 1364 ψυχὴν
1314 1294 1456 1345 οἴοιτο
1482 1294 1702 1360 γενέσθαι

46 1389 92 1425 15
111 1380 176 1445 τῷ
216 1375 331 1446 ζῴῳ,
368 1379 642 1446 ψυχωθέντι
681 1377 743 1439 δὲ,
782 1383 974 1441 μᾶλλον
1013 1377 1062 1429 δὲ
1103 1383 1179 1429 καὶ
1217 1377 1335 1443 πρὸς
1374 1376 1582 1439 ἰδιότητα
1619 1379 1702 1439 τῆς

109 1460 291 1513 τελείας
330 1459 522 1528 φύσεως
561 1461 615 1510 δι’
652 1462 830 1528 ἀμφοῖν
869 1461 1128 1530 ἀφιγμένῳ,
1164 1462 1326 1528 ψυχῆς
1365 1458 1420 1523 δὴ
1460 1457 1586 1524 λέγω
1626 1461 1702 1508 καὶ

111 1540 348 1604 σώματος,
380 1541 593 1608 καθάπερ
632 1541 736 1593 τινὰ
770 1546 1021 1611 σφραγῖδα
1055 1545 1137 1607 τῆς
1173 1543 1340 1592 ἑαυτοῦ
1374 1540 1565 1610 φύσεως
1600 1540 1695 1590 ἐνέ-

110 1623 261 1691 πηξεν
300 1625 325 1674 ὁ
358 1623 660 1691 Δημιουργὸς
700 1624 754 1675 τὸ
795 1629 991 1689 Πνεῦμα
1029 1624 1084 1676 τὸ
1118 1623 1306 1690 ”Αγιον,
1344 1622 1576 1684 τουτέστι,
1615 1621 1741 1686 τὴνο

109 1704 259 1769 πνοὴν
303 1709 387 1770 τῆς
431 1705 562 1772 ζωῆς,
608 1708 662 1758 δι’
707 1707 762 1772 ἧς
811 1707 930 1773 πρὸς
980 1707 1036 1758 τὸ
1085 1706 1350 1774 ἀρχέτυπον
1394 1704 1700 1756 διεπλάττετο

41 1800 91 1826 20
111 1786 308 1850 κάλλος,
353 1790 625 1840 ἀπετελεῖτο
677 1790 725 1840 δὲ
777 1790 876 1840 κατ’
929 1789 1083 1841 εἰκόνα
1130 1795 1214 1841 τοῦ
1266 1789 1532 1849 κτίσαντος,
1581 1785 1702 1853 πρὸς

109 1875 277 1922 πᾶσαν
318 1871 443 1921 ἰδέαν
482 1874 648 1937 ἀρετῆς
693 1871 883 1935 δυνάμει
924 1877 1007 1922 τοῦ
1050 1871 1387 1923 ἐνοικισθέντος
1432 1870 1558 1938 αὐτῷ
1602 1871 1701 1919 δια-

111 1953 423 2017 κρατούμενος
465 1954 757 2017 Πνεύματος.
809 1953 964 2018 ἐπειδὴ
1004 1954 1051 2004 δὲ
1091 1954 1483 2019 αὐτοπροαίρετος
1519 1950 1596 2012 ὧν,
1625 1953 1700 2001 καὶ

110 2034 194 2088 τὰς
229 2039 323 2085 τῶν
355 2035 481 2085 ἰδίων
515 2033 796 2099 θελημοῖτων
830 2035 1199 2099 πεπιστευμένος
1235 2036 1381 2099 ἡνίας·
1425 2037 1569 2098 μοῖρα
1606 2031 1700 2098 γὰρ

110 2120 194 2180 τῆς
229 2116 403 2170 εἰκόνος
439 2120 514 2167 καὶ
549 2115 686 2180 αὐτὴ,
727 2117 1076 2186 κατεξουσιάζει
1108 2117 1200 2184 ’γὰρ
1226 2122 1321 2168 τῶν
1348 2118 1523 2166 οἰκείων
1550 2119 1696 2178 θελη-

43 2213 91 2251 25
112 2198 274 2260 μάτων
313 2197 448 2252 &⁶69-
507 2198 700 2265 ἐτράπη,
746 2201 821 2250 καὶ
868 2199 1098 2251 πέπτωκε·
1153 2200 1207 2251 τὸ
1253 2199 1301 2250 δὲ
1347 2199 1486 2260 ὅπως,
1526 2198 1554 2261 ἡ
1599 2198 1700 2248 θεία

110 2281 276 2354 γραφὴ
322 2281 595 2342 διδασκέτω,
638 2281 803 2351 σαφὴς
853 2281 946 2348 γὰρ
998 2283 1023 2332 ὁ
1068 2284 1173 2348 περὶ
1217 2281 1384 2333 τούτου
1429 2281 1539 2347 παρ’
1581 2281 1699 2348 αὐτῇ

111 2363 274 2428 λόγος·
317 2363 840 2430 ἀνακεφαλαιώσασθαι
874 2363 1021 2414 πάλιν
1052 2363 1138 2428 τὴν
1171 2364 1422 2430 ἀνθρώπου
1457 2362 1607 2431 φύσιν
1637 2367 1738 2416 cisa
1768 2380 1853 2414 823
1870 2379 1919 2414 A.

109 2444 164 2496 τὸ
203 2446 398 2512 ἀρχαῖον
436 2444 758 2504 ἐβουλεύσατό
797 2468 846 2496 τε
893 2448 968 2496 καὶ
1008 2447 1348 2513 ἐπικεχείρηκεν
1387 2447 1412 2496 ὁ
1455 2444 1577 2499 Θεὸς
1623 2447 1697 2496 καὶ

114 2526 283 2593 Πατὴρ
329 2528 377 2576 ἐν
414 2529 627 2594 Χριστῷ,
670 2528 745 2576 καὶ
789 2527 997 2591 θελήσας
1043 2527 1259 2596 ἐξήνυσε.
1329 2531 1430 2580 πῶς
1481 2528 1562 2578 οὖν
1606 2528 1698 2593 ἄρα

42 2625 91 2661 30
111 2609 312 2676 γέγονεν,
351 2607 613 2659 ἀκόλουθον
652 2612 866 2659 κατιδεῖν·
917 2610 999 2660 οὑκ
1037 2609 1095 2673 ἧν
1130 2610 1296 2674 ἑτέρως
1335 2612 1576 2675 διαδρᾶναι
1614 2610 1697 2662 τὸν

160 2796 192 2826 4.
218 2781 301 2817 εἶναι
321 2782 404 2816 EF.
426 2781 491 2815 Ed.
511 2793 583 2826 mg.
602 2781 631 2815 εἷ
649 2781 715 2815 Ed.
895 2790 927 2823 5.
955 2781 1087 2827 ἐροῦσι]
1113 2786 1149 2821 -Ι-
1170 2782 1443 2827 μετατετράφθαι
1463 2783 1495 2825 (e
1513 2784 1633 2827 supra)
1654 2783 1694 2817 E.

112 2830 146 2864 S.
172 2830 289 2864 παθὼν
307 2830 348 2863 Ε.
367 2830 483 2863 παθῶν
502 2829 568 2862 Ed.
713 2840 746 2872 9.
774 2828 892 2873 φαῖεν]
911 2830 1068 2874 φαίνεται
1088 2828 1129 2863 E.
1293 2840 1346 2874 13.
1372 2829 1407 2863 εὖ
1425 2832 1563 2874 φρονῶν
1580 2830 1621 2863 E.
1642 2831 1695 2864 εὐ-

112 2878 250 2920 φρονῶν
269 2876 334 2909 Ed.
575 2886 627 2917 14.
654 2875 833 2918 προελθὼν
853 2875 893 2909 Ε.
1141 2885 1194 2919 15.
1221 2876 1255 2909 δὲ
1275 2877 1332 2911 alt.
1351 2883 1573 2921 assumptum
1592 2889 1632 2911 ex
1652 2877 1695 2911 E.

116 2923 170 2957 16.
197 2922 394 2967 ἀφιγμένων
413 2922 453 2955 Ε.
527 2921 584 2966 δὴ]
605 2922 641 2955 δέ
661 2921 701 2955 E.
846 2933 901 2957 22.
928 2922 1016 2968 αὐτῷ
1034 2922 1234 2967 προαίρετος
1253 2922 1293 2956 Ε.
