2022 3272
99 126 181 166 xiv.
206 139 268 178 24.
467 127 537 166 IN
582 127 623 167 S.
659 127 995 167 JOANNEM.
1061 127 1182 167 L113.
1222 128 1270 168 X.
1605 129 1684 166 505

99 237 253 284 εἰδεῖεν
280 234 350 286 ὅτι
378 235 503 286 Θεὸν
528 236 818 300 τετιμήκασι,
846 240 942 289 τοῖς
976 237 1084 301 παρ’
1115 237 1256 286 αὐτοῦ
1288 235 1512 300 γεγονόσι
1540 258 1682 285 κατα-

99 316 363 380 πειθόμενοι
390 318 569 384 λόγοις·
613 321 654 368 οἱ
691 317 747 368 δέ
776 341 829 383 γε
865 317 984 383 πρὸς
1019 318 1073 368 τὸ
1108 317 1259 387 τούτῳ
1290 317 1516 370 πεσόντες
1548 320 1678 367 ε’ναν-
1705 335 1727 361 0

100 399 212 461 τιόν,
239 401 314 450 καὶ
348 405 449 453 ταῖς
483 400 732 453 α’πειθείαις
765 399 850 463 τὴν
881 402 1101 450 δοθεῖσαν
1131 399 1327 463 ε’ντολὴν
1353 399 1607 467 ἐξυβρίζειν
1634 401 1686 448 οὐ

99 481 475 547 παραιτούμενοι,
501 486 563 535 εἰς
590 481 736 546 αὐτὴν
763 480 1089 547 ἁμαρτάνουσι
1123 480 1209 545 τὴν
1234 481 1427 533 πάντων
1452 481 1687 541 βασιλίδα

57 578 78 616 5
101 563 265 631 φύσιν.
321 562 377 626 ἦν
410 561 456 614 δὲ
496 563 552 627 δὴ
587 563 734 614 πάλιν
761 564 880 613 κατὰ
920 563 1002 614 δύο
1036 562 1238 629 τρόπους
1273 563 1355 614 τὸν
1381 567 1475 614 τῶν
1501 565 1682 628 ἀκροω-

98 645 251 708 μένων
290 646 669 714 ἀσφαλίσασθαι
710 651 834 697 νοῦν·
884 645 912 710 ὴ
953 644 1046 711 γὰρ
1085 644 1139 696 τὸ
1179 646 1332 696 θέλειν
1369 648 1566 709 τιμῆσαι
1605 643 1688 694 τὸν

99 725 226 778 Θεὸν
262 728 534 796 προτρέψαι
574 727 764 781 πάντως
804 732 868 782 εἰς
906 729 1176 790 εὐπείθειαν,
1217 728 1363 794 ἤγουν
1401 727 1454 778 τὸ
1494 726 1688 778 δεδιέναι

97 809 413 876 προσκρούειν
448 811 575 880 αὐτῷ
612 815 751 861 τοῦτο
787 809 843 875 δὴ
878 809 1027 861 πάλιν
1053 809 1322 877 ἐργάσεται.
1374 809 1465 861 εἶσι
1501 809 1596 876 γὰρ
1631 811 1685 860 δι’

97 892 276 959 ἀμφοῖν
322 893 346 942 ὁ
396 897 479 942 τοῦ
530 893 770 959 χρησίμου
819 915 868 943 τε
921 894 996 943 καὶ
1048 892 1378 961 συμφεροντος
1430 890 1682 957 λογισμός.

30 994 78 1019 10
98 972 253 1039 λέγων
284 973 331 1025 δὲ
367 973 438 1025 ὅτι
473 978 549 1026 οὐκ
589 975 702 1026 ἔστιν
731 973 834 1043 ἑμός
871 981 888 1026 ὁ
924 978 1076 1041 λόγος,
1103 976 1206 1042 οὐχὶ
1246 974 1302 1039 δὴ
1340 973 1528 1028 πάντως
1567 975 1689 1038 ἡμᾶς

97 1055 319 1123 ἐξίστησι
344 1061 427 1107 τοῦ
454 1057 572 1108 ἰδιόυ
597 1057 876 1122 προσώπου,
905 1055 1113 1123 καθόπερ
1135 1059 1237 1108 ἐστὶ
1265 1056 1422 1123 Λόγος
1447 1059 1522 1107 καὶ
1550 1057 1685 1110 Θεός·
1707 1071 1735 1112 (1

96 1137 252 1202 ἐπειδὴ
287 1137 336 1190 δὲ
369 1137 455 1202 τὴν
481 1138 708 1203 οἰκετικὴν
735 1139 856 1206 ἔχων
891 1138 1084 1208 μορφὴν
1120 1139 1185 1190 ε”τι
1220 1141 1296 1190 καί
1330 1141 1378 1190 ἐν
1409 1140 1688 1209 ἀνθρωπίνῳ

97 1219 379 1288 φαινόμενος
422 1219 636 1289 σχήματι
684 1223 760 1271 καὶ
812 1221 1036 1288 ὑπάρχων
1081 1223 1272 1286 ἀληθῶς
1317 1222 1422 1271 καθ’
1465 1222 1584 1285 ἡμᾶς
1628 1220 1689 1272 τὰ

97 1301 291 1352 τοιαῦτά
327 1306 494 1370 φησιν,
531 1303 614 1354 οὐκ
653 1302 949 1369 ἀνθρώπινον
987 1302 1069 1354 τὸν
1108 1304 1272 1354 ἑαυτοῦ
1315 1307 1525 1354 νοεῖσθαι
1565 1303 1685 1364 βού-

32 1394 78 1432 Ι5
100 1390 231 1434 λεται
267 1384 430 1451 λόγον,
462 1384 594 1436 ἀλλὰ
633 1388 755 1436 θεῖον
786 1384 933 1439 ὅντως
966 1388 1041 1435 καὶ
1077 1384 1347 1448 βασιλικὸν,
1380 1385 1690 1452 περιενεγκὼν

98 1466 360 1532 ἀναγκαίως
404 1470 466 1521 εἰς
507 1466 562 1519 τὸ
608 1473 690 1518 τοῦ
739 1467 930 1534 Πατρὸς
975 1467 1255 1534 πρόσωπον,
1293 1467 1369 1518 ἵνα
1412 1466 1477 1531 μὴ
1521 1468 1690 1519 διελὼν

98 1547 277 1611 ἑαυτὸν,
306 1548 389 1600 δύο
416 1548 587 1601 λοιπὸν
614 1549 738 1603 υἱοὺς
765 1553 974 1600 νοεῖσθαι
999 1549 1362 1618 παρασκευάσῃ,
1388 1548 1450 1604 εἷς
1483 1548 1548 1601 ὧν
1574 1549 1689 1604 Υἱὸς

99 1631 174 1681 καὶ
198 1629 293 1697 πρὸ
327 1634 410 1696 τῆς
444 1632 735 1699 σαρκώσεως
769 1634 846 1682 καὶ
880 1631 1000 1696 μετὰ
1025 1632 1110 1696 τὴν
1135 1630 1400 1698 σάρκωσιν·
1444 1631 1506 1686 εἷς
1538 1632 1632 1700 γὰρ
1665 1635 1689 1684 ὁ

99 1712 327 1779 Χριστὸς,
355 1715 431 1765 καὶ
465 1715 520 1765 οὐ
555 1714 638 1765 δύο
670 1713 790 1765 κατά
827 1737 969 1768 τινας.
1025 1713 1147 1768 Θεὸς
1185 1713 1278 1780 γὰρ
1313 1712 1377 1766 ὢν
1405 1716 1429 1766 ὁ
1458 1712 1614 1781 Λόγος
1641 1717 1689 1766 ἐκ
1750 1717 1860 1799 ῗῑίἓω

31 1814 81 1839 20
103 1794 294 1861 Πατρὸς
333 1796 497 1862 γέγονε
539 1795 684 1866 σὰρξ,
726 1795 847 1847 κατὰ
890 1796 977 1861 τὴν
1017 1795 1239 1847 Ἰωάννου
1281 1795 1460 1865 φωνὴν,
1501 1799 1581 1848 οὐκ
1628 1802 1727 1851 else

98 1876 259 1944 σάρκα
295 1879 725 1942 μεταβεβλημένος,
758 1879 868 1928 ἀλλ’
899 1880 1019 1929 ἰδίαν
1050 1877 1372 1942 ποιησάμενος
1410 1879 1568 1946 σάρκα
1606 1879 1690 1931 τὸν

100 1961 150 2010 ἐκ
179 1963 263 2023 τῆς
290 1961 426 2026 ἁγίας
450 1961 687 2027 παρθένου
714 1958 840 2012 ναόν.
882 1962 959 2012 ἵνα
985 1961 1140 2011 τοίνυν
1164 1960 1230 2024 μὴ
1256 1961 1550 2028 ἀνθρώπινον
1577 1961 1692 2013 εἶναι

102 2040 356 2107 νομίζωμεν
397 2041 479 2093 τὸν
522 2041 671 2108 λόγον
715 2042 871 2105 αὑτοῦ,
913 2041 1029 2107 μηδὲ
1073 2045 1155 2106 τῆς
1207 2044 1331 2096 θείας
1381 2043 1692 2108 ἐκστήσωμεν

102 2123 294 2192 φύσεως
345 2124 398 2175 τὸ
441 2123 639 2189 μάθημα
683 2124 737 2176 τὸ
779 2124 1105 2191 εὐαγγελικὸν,
1144 2124 1276 2176 ἀλλὰ
1319 2129 1445 2177 Θεοῦ
1489 2131 1573 2177 τοῦ
1617 2128 1689 2178 ἐπὶ

35 2224 84 2261 25
101 2204 282 2259 πάντας
317 2203 430 2257 εἶναι
470 2205 783 2271 πιστεύωμεν,
825 2210 1126 2271 οἰκονομικῶς
1165 2209 1241 2258 καὶ
1279 2206 1474 2277 σφόδρα
1513 2213 1687 2270 καλῶς,

104 2286 183 2339 ἅτε
210 2287 266 2351 δὴ
293 2311 369 2339 και
396 2290 443 2339 ἐν
469 2290 748 2358 ἀνθρωπίνῳ
774 2290 1055 2358 φαινόμενος
1081 2290 1309 2357 σχήματι,
1337 2294 1395 2358 τῇ
1421 2290 1520 2341 θεία
1547 2290 1692 2359 φύσει

104 2366 321 2433 ἀπονεμει
358 2369 507 2421 πάλιν
544 2369 628 2422 τὸν
666 2370 829 2437 λόγον,
869 2373 931 2426 ὡς
969 2373 1018 2423 ἐν
1047 2372 1295 2442 προσώπω
1335 2378 1419 2423 τοῦ
1454 2375 1580 2423 Θεοῦ
1615 2374 1691 2422 καὶ

106 2450 311 2517 Πατρος,
338 2453 393 2521 ἐξ
424 2452 478 2503 οὗ
514 2476 589 2503 και
625 2455 672 2504 ἐν
705 2452 742 2503 ὧ
778 2453 897 2504 κατὰ
933 2453 1084 2549 φύσιν
1118 2456 1262 2517 ἐστιν,
1294 2457 1355 2508 ὡς
1394 2454 1691 2518 ἀπαυγασμα

106 2534 181 2583 καί
209 2532 365 2599 Λόγος
392 2534 535 2585 αὐτοῦ
562 2557 637 2585 και
663 2538 744 2598 τῆς
770 2535 1082 2590 ὑποστάσεως
1110 2537 1252 2588 αὐτοῦ
1279 2537 1537 2604 χαρακτήρ.
1706 2563 1728 2586 a
1750 2551 1915 2632 ἐξῇ-Α.

1788 2614 1804 2632 e
1831 2613 1869 2633 .1.
1885 2612 1911 2641 3.

563 2702 617 2726 22.
644 2691 831 2737 παρθένου]
857 2697 893 2733 -1-
914 2693 1185 2738 προσληφθέντα
1204 2705 1232 2726 a.

165 3000 255 3027 von.
281 3001 327 3027 Π.
886 3003 901 3041 3
925 3003 946 3027 T
