1971 3272
136 136 307 190 viii 49.
519 139 591 178 IN
634 139 676 178 S.
711 139 1044 179 JOANNEM.
1110 140 1335 180 11113.V1.
1642 141 1721 179 109

134 246 551 316 προσγράφοντος·
610 247 686 298 διὰ
730 247 779 298 δὲ
819 254 903 299 τοῦ
943 249 1082 299 τέκνα
1124 249 1279 314 λέγειν
1318 247 1426 301 τοὺς
1467 250 1719 300 Ἰουδαίους

133 336 215 380 τοῦ
256 333 459 391 Σατανᾶ,
499 332 856 396 κατακρίνοντος
899 333 961 384 ὡς
999 331 1400 393 μεμολυσμένους,
1441 332 1515 379 καὶ
1557 329 1719 391 πάσης

132 412 426 476 ἀκαθαρσίας
477 411 700 462 ἀνάπλεω
753 412 946 479 ε”χοντας
1002 412 1084 462 τὸν
1133 419 1256 474 νοῦν,
1309 412 1424 477 ὅπερ
1480 413 1582 462 ἐστὶ
1643 414 1719 460 καὶ

131 493 318 557 ἀληθές.
387 495 553 544 οὐκοῦν
594 497 879 562 Σαμαρείτην
922 493 1008 558 μὲν
1059 493 1135 544 διὰ
1185 500 1345 556 ταῦτα,
1394 497 1620 556 δαιμονᾶν
1670 492 1718 542 δὲ

90 573 279 626 5πάλιν
317 578 482 644 φασὶν,
515 575 586 626 ὅτι
622 580 718 629 τοῖς
754 577 1007 639 δαιμονίοις
1043 575 1147 629 ε”θος
1184 575 1269 639 τὴν
1296 580 1404 644 Θεῷ
1439 598 1715 642 χρεωστου-

131 656 272 721 μένην
307 662 368 711 εἱς
403 657 544 708 ἑαυτὰ
577 657 870 720 μετατιθέναι
904 655 1057 721 τιμὴν,
1086 659 1161 708 καὶ
1190 657 1276 722 τὴν
1301 663 1383 708 τοῦ
1413 661 1537 707 Θεοῦ
1572 655 1719 726 δόξαν

132 738 352 805 ἁρπάζειν
395 742 611 808 ἀφειδῶς.
683 737 796 790 αὐτὸ
849 738 898 790 δὲ
948 739 1004 804 δὴ
1056 746 1194 791 τοῦτο
1247 743 1363 806 δρᾶν
1409 738 1583 789 οἴονται
1634 737 1718 789 τὸν

131 822 361 888 Χριστὸν,
408 822 521 873 ὅταν
566 821 730 872 ἑαυτὸν
773 821 1020 888 ἄνθρωπος
1069 820 1135 872 ὧν
1179 824 1241 875 ὡς
1287 825 1349 875 εἷς
1394 825 1519 872 Θεοῦ
1569 820 1756 874 τόπονο

1778 904 1885 943 Supra-

131 904 328 972 εἷσφέρῃ
368 902 522 970 λέγων
547 905 655 955 “‘O
683 902 748 954 ὧν
783 906 832 955 ἐκ
870 909 952 955 τοῦ
990 908 1115 954 Θεοῦ
1154 903 1213 955 τὰ
1250 902 1437 971 ῥήματα
1472 908 1555 954 τοῦ
1592 907 1716 954 Θεοῦ
1778 954 1913 987 ve1·.47.

291 986 301 1001 Ι
362 986 386 1002 ²,
438 988 449 1001 f

65 993 158 1026 10“
186 988 354 1037 ἀκουει.
427 987 706 1054 υπεμφαίνει
744 986 838 1053 γὰρ
878 989 939 1040 ὡς
975 988 1081 1051 περὶ
1115 991 1210 1037 τῶν
1244 987 1371 1037 ἰδίων
1403 984 1626 1053 ῥημάτων
1658 986 1717 1037 τὰ

130 1074 335 1131 τοιαῦτα,
357 1069 493 1138 φησί.
540 1071 622 1132 τῆς
650 1068 735 1133 μὲν
755 1069 836 1119 οὖν
863 1068 1112 1134 λοιδορίας,
1134 1073 1325 1132 μᾶλλον
1347 1067 1393 1119 δὲ
1419 1071 1502 1132 τῆς
1529 1070 1718 1137 δυσφη-

129 1151 250 1214 μίας,
293 1154 376 1215 τῆς
420 1152 518 1203 κατ’
563 1152 705 1202 αὐτοῦ
756 1150 1002 1220 πρόφασις
1046 1152 1165 1215 αὕτη
1209 1155 1305 1204 τοῖς
1348 1152 1590 1205 Ἰουδαίοις
1636 1153 1714 1202 καὶ

130 1233 323 1300 ἀφορμὴ
364 1233 484 1300 πρὸς
528 1233 583 1285 τὸ
629 1234 777 1285 ἐκεῖνα
820 1233 987 1299 λέγειν,
1028 1231 1149 1299 ἅπερ
1198 1234 1355 1286 αὐτοῖς
1399 1233 1484 1298 τὴν
1529 1234 1718 1285 αἰώνιον

129 1316 471 1383 ἠῤῥαβωνίζετο
513 1316 691 1385 φλόγα.
757 1316 910 1368 ἔπεισι
949 1317 1006 1366 δέ
1037 1339 1117 1379 μοι
1156 1315 1399 1379 θαυμάσαι
1438 1317 1525 1366 κάν
1565 1315 1716 1385 τούτῳ

65 1413 111 1451 15
129 1397 278 1449 πάλιν
312 1399 494 1453 αὐτούς.
548 1398 838 1465 ὀργιζόμενοι
880 1396 986 1464 γὰρ,
1019 1398 1206 1464 ἐπείπερ
1247 1399 1332 1449 υἱοὶ
1372 1397 1601 1459 διαβόλου
1640 1401 1716 1448 καὶ

128 1483 340 1548 ψεῦσται
389 1479 625 1534 πολλάκις
681 1481 969 1546 ἐκλήθησαν,
1022 1479 1144 1549 ἔργῳ
1208 1479 1470 1531 δεικνύουσι
1528 1478 1716 1546 προσὸν

129 1564 284 1617 αὐτοῖς
320 1563 374 1614 τὸ
409 1563 640 1629 ἔγκλημα,
668 1562 692 1614 ὃ
727 1565 802 1614 καὶ
836 1568 1027 1627 μᾶλλον
1051 1564 1193 1630 ἐχρῆν
1220 1561 1296 1614 διὰ
1332 1565 1414 1626 τῆς
1449 1567 1512 1617 εἷς
1546 1562 1760 1629 ἀρετὴνᾰ

129 1647 475 1712 ἀποτρίβεσθαι
499 1648 666 1713 ῥοπῆς.
720 1644 775 1696 τὸ
809 1644 903 1712 γὰρ
938 1645 1061 1698 ὅλως
1099 1647 1497 1711 διαλοιδορεῖσθαι
1532 1650 1710 1714 φιλεῖν,

129 1730 204 1779 καὶ
239 1727 297 1778 τὰ
330 1727 395 1792 μὴ
430 1726 677 1794 προσόντα
709 1729 837 1778 τισὶν
864 1730 925 1781 ὡς
962 1725 1211 1794 προσόντα
1247 1727 1419 1793 λέγειν,
1449 1728 1502 1778 οὐ
1537 1733 1633 1781 τοῖς
1667 1730 1715 1778 ἐν

61 1825 110 1851 20
129 1809 305 1864 τέκνοις
333 1814 458 1861 Θεοῦ
482 1809 911 1875 κατατεταγμένοις,
939 1808 1070 1859 ἀλλὰ
1104 1813 1215 1863 υἱοῖς
1251 1809 1480 1869 διαβόλου
1516 1833 1709 1876 πρεπω-

129 1892 372 1944 δέστατον.
426 1895 700 1959 λοιδοροῦσι
739 1891 787 1942 δὲ
827 1892 880 1943 οὐ
918 1891 1063 1955 μόνον
1099 1895 1140 1942 οἱ
1179 1894 1393 1954 δειλαιοὶ,
1437 1891 1479 1942 οἳ
1517 1895 1593 1943 καὶ
1631 1894 1714 1956 τῆς

129 1975 306 2024 ἑαυτῶν
333 1974 709 2042 καταψεύδονται
734 1976 961 2042 κεφαλῆς,
982 1973 1057 2023 ἵνα
1081 1972 1146 2036 μὴ
1173 1973 1299 2038 λέγω
1326 1977 1556 2038 Χριστοῦ,
1583 1974 1714 2025 ἀλλὰ

128 2057 223 2122 γὰρ
259 2058 333 2107 καὶ
373 2057 527 2112 nam}
561 2061 700 2106 τοῦτο
735 2055 1096 2123 διισχυρίζονται
1133 2057 1262 2121 δρᾶν,
1290 2054 1393 2106 οὐδὲ
1427 2055 1545 2107 ὅσον
1571 2061 1714 2108 εἰπεῖν

127 2137 562 2204 καταγινώσκοντες
605 2140 688 2202 τῆς
738 2136 1049 2206 φαυλότητος,
1096 2136 1210 2203 ὅπερ
1261 2138 1363 2188 ἐστὶ
1413 2139 1713 2207 τυφλότητος

59 2232 107 2271 25
128 2219 424 2285 τελειοτάτης
463 2220 713 2290 ἀπόδειξις.
1729 2246 1751 2274 e

143 2378 400 2437 ’ἌπεκρίΘΗ
431 2380 599 2422 ἸΗσοῡε
629 2380 747 2427 'HJ-do
785 2380 1007 2429 δαιμόνιον
1045 2381 1121 2421 οὐκ
1156 2380 1255 2436 ἔχω,
1293 2379 1405 2421 ἀλλὰ
1445 2379 1554 2429 τιμῶ
1590 2380 1662 2422 τὸν
1730 2389 1780 2426 49

458 2464 629 2520 Ποιτὲροι
666 2479 759 2514 μου,
799 2463 867 2504 καί
905 2461 1023 2512 ὑμεῖς
1060 2464 1282 2521 ἀτιμάζετέ
1319 2479 1383 2511 με.

198 2573 207 2589 9
433 2571 444 2586 l
633 2571 645 2589 Χ
722 2573 732 2587 C
825 2572 835 2587 Ι
1011 2572 1023 2587 Ι
1203 2572 1213 2587 2
1279 2573 1298 2582 Α
1367 2571 1388 2588 ΓΙ
1540 2573 1549 2587 5
1624 2571 1646 2589 'f

214 2577 284 2623 Εν
319 2595 551 2639 πραοτητι
588 2596 674 2636 μεν
713 2595 738 2622 ο
777 2580 936 2638 λογος,
963 2595 1130 2638 γεγονε
1169 2575 1196 2623 δ
1245 2581 1326 2623 οὐν
1364 2595 1489 2636 ομως
1527 2595 1576 2621 εν
1611 2575 1712 2635 ηθει

172 2718 205 2752 3.
231 2707 386 2741 ἀνάπλεω
406 2706 447 2740 Β.
468 2706 586 2741 Holst.
605 2707 780 2741 ἀνάπλεων
800 2706 866 2741 Ed.
1075 2715 1106 2750 7.
1133 2706 1173 2749 δὴ
1193 2711 1416 2749 assumptum
1435 2717 1476 2738 ex
1497 2705 1538 2738 B.
1629 2705 1712 2749 δρᾶν

126 2753 250 2788 οἴονται
268 2754 335 2787 hoc
353 2753 475 2787 ordine
494 2754 536 2788 B.
540 2765 570 2787 a.
746 2764 799 2795 14.
826 2751 1063 2797 ἠρεβωνῆζετω
1083 2753 1124 2786 Β.
1142 2751 1355 2796 ἦρεβονίζετο
1378 2751 1440 2785 Ht.
1461 2750 1711 2796 ἧρραβωνίζετο

125 2800 321 2835 emendam
339 2800 433 2834 Aub.
484 2800 624 2833 Desunt
641 2799 750 2832 haec
742 2811 779 2832 m
797 2811 830 2833 a.
959 2809 1013 2843 17.
1039 2800 1077 2832 τὸ
1093 2799 1246 2844 ἔγκλημα
1263 2811 1280 2832 e
1301 2798 1377 2832 Cat.
1399 2798 1499 2831 Harl.
1518 2799 1712 2843 assumpsit

126 2848 221 2881 Aub.
240 2853 273 2881 et
291 2847 338 2880 ita
355 2858 384 2880 a.
404 2846 524 2880 deest
518 2858 553 2879 ln
572 2846 613 2880 B.
667 2844 830 2880 Stat11n“
811 2860 895 2890 οπερ
915 2857 977 2890 pro
995 2844 1013 2877 ὃ
1031 2860 1084 2879 και
1102 2857 1132 2879 3..
1420 2856 1472 2889 19.
1499 2845 1546 2881 εἷς
1562 2844 1660 2879 τέκνα
1678 2857 1710 2880 a.

128 2904 183 2936 24.
210 2895 426 2938 τυφλότητος
450 2892 680 2938 τελειοτάτης]
700 2892 844 2937 ἆμαθιας
868 2893 926 2936 τῆς
951 2892 1158 2935 τελεωτάτης
1184 2903 1214 2926 a.
1238 2891 1380 2936 ἀμαθίας
1405 2892 1463 2935 τῆς
1488 2903 1551 2937 pro
1577 2893 1711 2937 τυφλό-

127 2955 224 2984 τητος
243 2941 319 2975 Cat.
341 2940 442 2974 Harl.
461 2946 549 2974 teste
566 2940 608 2973 A·
604 2939 660 2974 1b.
