<?xml version="1.0" encoding="UTF-8"?>
<!DOCTYPE html PUBLIC "-//W3C//DTD XHTML 1.0 Transitional//EN"
    "http://www.w3.org/TR/xhtml1/DTD/xhtml1-transitional.dtd">
<html xmlns="http://www.w3.org/1999/xhtml" xml:lang="en" lang="en">
 <head>
  <title>
</title>
<meta http-equiv="Content-Type" content="text/html;charset=utf-8" />
  <meta name='ocr-system' content='tesseract 3.04.00' />
  <meta name='ocr-capabilities' content='ocr_page ocr_carea ocr_par ocr_line ocrx_word'/>
</head>
<body>
  <div class='ocr_page' id='page_1' title='image "./operacyrilli04cyriuoft_0212.png"; bbox 0 0 2001 3261; ppageno 0'>
   <div class='ocr_carea' id='block_1_1' title="bbox 284 136 1873 190">
    <p class='ocr_par' dir='ltr' id='par_1_1' title="bbox 284 136 1873 190">
     <span class='ocr_line' id='line_1_1' title="bbox 284 136 1873 190; baseline -0.009 -1"><span class='ocrx_word' id='word_1_1' title='bbox 284 149 368 189; x_wconf 80' lang='lat'>200</span> <span class='ocrx_word' id='word_1_2' title='bbox 688 147 737 187; x_wconf 90' lang='lat' dir='ltr'>B.</span> <span class='ocrx_word' id='word_1_3' title='bbox 772 144 1047 187; x_wconf 87' lang='lat' dir='ltr'>CYRILLI</span> <span class='ocrx_word' id='word_1_4' title='bbox 1089 140 1468 183; x_wconf 87' lang='lat' dir='ltr'><strong>ALEXANDR.</strong></span> <span class='ocrx_word' id='word_1_5' title='bbox 1730 136 1873 190; x_wconf 78' lang='lat' dir='ltr'>ix.37.</span> 
     </span>
    </p>
   </div>
   <div class='ocr_carea' id='block_1_2' title="bbox 71 246 1968 2702">
    <p class='ocr_par' dir='ltr' id='par_1_2' title="bbox 71 246 1968 2702">
     <span class='ocr_line' id='line_1_2' title="bbox 249 246 1876 320; baseline -0.009 -12"><span class='ocrx_word' id='word_1_6' title='bbox 249 256 566 320; x_wconf 80' lang='grc' dir='ltr'>οέμπέσωμεν</span> <span class='ocrx_word' id='word_1_7' title='bbox 605 255 898 318; x_wconf 78' lang='grc' dir='ltr'>διαβολικὴν,</span> <span class='ocrx_word' id='word_1_8' title='bbox 938 259 1020 304; x_wconf 87' lang='grc' dir='ltr'>τοῦ</span> <span class='ocrx_word' id='word_1_9' title='bbox 1062 251 1326 318; x_wconf 84' lang='grc' dir='ltr'>μυστηρίου</span> <span class='ocrx_word' id='word_1_10' title='bbox 1369 248 1455 313; x_wconf 85' lang='grc' dir='ltr'>τὴν</span> <span class='ocrx_word' id='word_1_11' title='bbox 1494 246 1720 310; x_wconf 82' lang='grc' dir='ltr'>ἀλήθειαν</span> <span class='ocrx_word' id='word_1_12' title='bbox 1758 246 1876 294; x_wconf 82' lang='grc' dir='ltr'>ἀσυ-</span> 
     </span>
     <span class='ocr_line' id='line_1_3' title="bbox 288 326 1878 404; baseline -0.009 -15"><span class='ocrx_word' id='word_1_13' title='bbox 288 338 429 392; x_wconf 84' lang='grc' dir='ltr'>νέτως</span> <span class='ocrx_word' id='word_1_14' title='bbox 473 336 859 404; x_wconf 82' lang='grc' dir='ltr'>ἀποτρεπόμενοι.</span> <span class='ocrx_word' id='word_1_15' title='bbox 926 336 1015 400; x_wconf 72' lang='grc' dir='ltr'>ἤδη</span> <span class='ocrx_word' id='word_1_16' title='bbox 1060 332 1154 400; x_wconf 79' lang='grc' dir='ltr'>γάρ</span> <span class='ocrx_word' id='word_1_17' title='bbox 1201 355 1320 385; x_wconf 86' lang='grc' dir='ltr'>τινες</span> <span class='ocrx_word' id='word_1_18' title='bbox 1365 331 1438 382; x_wconf 74' lang='grc' dir='ltr'>καὶ</span> <span class='ocrx_word' id='word_1_19' title='bbox 1483 333 1576 380; x_wconf 81' lang='grc' dir='ltr'>τῶν</span> <span class='ocrx_word' id='word_1_20' title='bbox 1616 326 1878 378; x_wconf 84' lang='grc' dir='ltr'>δοκούντων</span> 
     </span>
     <span class='ocr_line' id='line_1_4' title="bbox 287 406 1879 486; baseline -0.01 -14"><span class='ocrx_word' id='word_1_21' title='bbox 287 419 402 472; x_wconf 74' lang='grc' dir='ltr'>εἶναι</span> <span class='ocrx_word' id='word_1_22' title='bbox 440 424 760 486; x_wconf 78' lang='grc' dir='ltr'>Χριστιανῶν,</span> <span class='ocrx_word' id='word_1_23' title='bbox 801 419 855 469; x_wconf 80' lang='grc' dir='ltr'>οὐ</span> <span class='ocrx_word' id='word_1_24' title='bbox 897 416 1115 469; x_wconf 86' lang='grc' dir='ltr'>συνέντες</span> <span class='ocrx_word' id='word_1_25' title='bbox 1158 417 1364 480; x_wconf 79' lang='grc' dir='ltr'>ἀκριβῶς</span> <span class='ocrx_word' id='word_1_26' title='bbox 1409 414 1491 472; x_wconf 84' lang='grc' dir='ltr'>τῆς</span> <span class='ocrx_word' id='word_1_27' title='bbox 1535 408 1653 473; x_wconf 75' lang='grc' dir='ltr'>μετὰ</span> <span class='ocrx_word' id='word_1_28' title='bbox 1698 406 1879 473; x_wconf 83' lang='grc' dir='ltr'>σαρκὸς</span> 
     </span>
     <span class='ocr_line' id='line_1_5' title="bbox 289 492 1879 566; baseline -0.01 -12"><span class='ocrx_word' id='word_1_29' title='bbox 289 504 553 566; x_wconf 80' lang='grc' dir='ltr'>οἰκονομίας</span> <span class='ocrx_word' id='word_1_30' title='bbox 598 501 680 552; x_wconf 81' lang='grc' dir='ltr'>τὸν</span> <span class='ocrx_word' id='word_1_31' title='bbox 717 499 918 562; x_wconf 78' lang='grc' dir='ltr'>σκοπὸν,</span> <span class='ocrx_word' id='word_1_32' title='bbox 958 500 1222 549; x_wconf 81' lang='grc' dir='ltr'>ἀποδιελεῖν</span> <span class='ocrx_word' id='word_1_33' title='bbox 1264 492 1586 558; x_wconf 86' lang='grc' dir='ltr'>τετολμήκασι</span> <span class='ocrx_word' id='word_1_34' title='bbox 1631 496 1713 541; x_wconf 91' lang='grc' dir='ltr'>τοῦ</span> <span class='ocrx_word' id='word_1_35' title='bbox 1756 493 1879 540; x_wconf 89' lang='grc' dir='ltr'>Θεοῦ</span> 
     </span>
     <span class='ocr_line' id='line_1_6' title="bbox 292 573 1920 652; baseline -0.01 -15"><span class='ocrx_word' id='word_1_36' title='bbox 292 585 453 652; x_wconf 86' lang='grc' dir='ltr'>Λόγου</span> <span class='ocrx_word' id='word_1_37' title='bbox 484 585 566 636; x_wconf 79' lang='grc' dir='ltr'>τὸν</span> <span class='ocrx_word' id='word_1_38' title='bbox 593 586 641 634; x_wconf 85' lang='grc' dir='ltr'>ἐκ</span> <span class='ocrx_word' id='word_1_39' title='bbox 674 583 892 649; x_wconf 83' lang='grc' dir='ltr'>γυναικὸς</span> <span class='ocrx_word' id='word_1_40' title='bbox 920 582 973 632; x_wconf 88' lang='grc' dir='ltr'>δι’</span> <span class='ocrx_word' id='word_1_41' title='bbox 1006 581 1123 643; x_wconf 74' lang='grc' dir='ltr'>ἡμᾶς</span> <span class='ocrx_word' id='word_1_42' title='bbox 1151 577 1399 646; x_wconf 75' lang='grc' dir='ltr'>ληφθέντα</span> <span class='ocrx_word' id='word_1_43' title='bbox 1426 573 1552 637; x_wconf 78' lang='grc' dir='ltr'>ναὸν,</span> <span class='ocrx_word' id='word_1_44' title='bbox 1579 574 1653 624; x_wconf 73' lang='grc' dir='ltr'>καὶ</span> <span class='ocrx_word' id='word_1_45' title='bbox 1680 575 1742 625; x_wconf 77' lang='grc' dir='ltr'>εἷς</span> <span class='ocrx_word' id='word_1_46' title='bbox 1768 575 1879 622; x_wconf 76' lang='grc' dir='ltr'>υἱῶν</span> <span class='ocrx_word' id='word_1_47' title='bbox 1898 583 1920 621; x_wconf 89' lang='grc'>5</span> 
     </span>
     <span class='ocr_line' id='line_1_7' title="bbox 290 653 1881 734; baseline -0.011 -15"><span class='ocrx_word' id='word_1_48' title='bbox 290 667 604 734; x_wconf 89' lang='grc' dir='ltr'>κατεμέρισαν</span> <span class='ocrx_word' id='word_1_49' title='bbox 631 664 778 716; x_wconf 76' lang='grc' dir='ltr'>δυάδα</span> <span class='ocrx_word' id='word_1_50' title='bbox 805 665 887 715; x_wconf 76' lang='grc' dir='ltr'>τὸν</span> <span class='ocrx_word' id='word_1_51' title='bbox 913 663 993 714; x_wconf 78' lang='grc' dir='ltr'>ἕνα</span> <span class='ocrx_word' id='word_1_52' title='bbox 1019 664 1094 713; x_wconf 79' lang='grc' dir='ltr'>καὶ</span> <span class='ocrx_word' id='word_1_53' title='bbox 1121 663 1308 725; x_wconf 78' lang='grc' dir='ltr'>ἀληθῶς</span> <span class='ocrx_word' id='word_1_54' title='bbox 1335 658 1467 719; x_wconf 77' lang='grc' dir='ltr'>Υὶὸν,</span> <span class='ocrx_word' id='word_1_55' title='bbox 1489 659 1564 706; x_wconf 78' lang='grc' dir='ltr'>καὶ</span> <span class='ocrx_word' id='word_1_56' title='bbox 1592 654 1663 705; x_wconf 78' lang='grc' dir='ltr'>ὅτι</span> <span class='ocrx_word' id='word_1_57' title='bbox 1689 653 1881 719; x_wconf 85' lang='grc' dir='ltr'>γέγονεν</span> 
     </span>
     <span class='ocr_line' id='line_1_8' title="bbox 292 733 1881 816; baseline -0.01 -16"><span class='ocrx_word' id='word_1_58' title='bbox 292 750 555 816; x_wconf 78' lang='grc' dir='ltr'>ἅνθρωπος·</span> <span class='ocrx_word' id='word_1_59' title='bbox 598 747 673 799; x_wconf 77' lang='grc' dir='ltr'>διὰ</span> <span class='ocrx_word' id='word_1_60' title='bbox 707 747 800 813; x_wconf 76' lang='grc' dir='ltr'>γὰρ</span> <span class='ocrx_word' id='word_1_61' title='bbox 835 744 1028 808; x_wconf 80' lang='grc' dir='ltr'>πολλὴν</span> <span class='ocrx_word' id='word_1_62' title='bbox 1055 741 1364 810; x_wconf 72' lang='grc' dir='ltr'>ἁποπληξίαν</span> <span class='ocrx_word' id='word_1_63' title='bbox 1390 738 1651 807; x_wconf 71' lang='grc' dir='ltr'>ἀπαξιοῦσι</span> <span class='ocrx_word' id='word_1_64' title='bbox 1682 734 1800 786; x_wconf 77' lang='grc' dir='ltr'>κατὰ</span> <span class='ocrx_word' id='word_1_65' title='bbox 1826 733 1881 785; x_wconf 76' lang='grc' dir='ltr'>τὸ</span> 
     </span>
     <span class='ocr_line' id='line_1_9' title="bbox 294 818 1881 896; baseline -0.012 -12"><span class='ocrx_word' id='word_1_66' title='bbox 294 833 412 886; x_wconf 76' lang='grc' dir='ltr'>εἰκὸς</span> <span class='ocrx_word' id='word_1_67' title='bbox 454 833 718 896; x_wconf 79' lang='grc' dir='ltr'>ὁμολογεῖν,</span> <span class='ocrx_word' id='word_1_68' title='bbox 759 828 783 879; x_wconf 68' lang='grc' dir='ltr'>ἶ)</span> <span class='ocrx_word' id='word_1_69' title='bbox 822 832 897 879; x_wconf 75' lang='grc' dir='ltr'>καὶ</span> <span class='ocrx_word' id='word_1_70' title='bbox 937 826 1113 893; x_wconf 78' lang='grc' dir='ltr'>δράσαι</span> <span class='ocrx_word' id='word_1_71' title='bbox 1157 826 1210 876; x_wconf 89' lang='grc' dir='ltr'>δι’</span> <span class='ocrx_word' id='word_1_72' title='bbox 1253 825 1373 887; x_wconf 81' lang='grc' dir='ltr'>ἡμᾶς</span> <span class='ocrx_word' id='word_1_73' title='bbox 1419 822 1500 872; x_wconf 80' lang='grc' dir='ltr'>οῦκ</span> <span class='ocrx_word' id='word_1_74' title='bbox 1543 819 1818 887; x_wconf 75' lang='grc' dir='ltr'>ἀπηξίωσεν</span> <span class='ocrx_word' id='word_1_75' title='bbox 1857 818 1881 866; x_wconf 83' lang='grc' dir='ltr'>ὁ</span> 
     </span>
     <span class='ocr_line' id='line_1_10' title="bbox 71 897 1882 998; baseline -0.012 -29"><span class='ocrx_word' id='word_1_76' title='bbox 71 914 158 998; x_wconf 43' lang='lat'>{5¹¹}</span> <span class='ocrx_word' id='word_1_77' title='bbox 176 913 207 944; x_wconf 83' lang='lat' dir='ltr'>ii.</span> <span class='ocrx_word' id='word_1_78' title='bbox 297 914 589 980; x_wconf 82' lang='grc' dir='ltr'>Μονογενής.</span> <span class='ocrx_word' id='word_1_79' title='bbox 645 911 783 965; x_wconf 75' lang='grc' dir='ltr'>αὐτὸς</span> <span class='ocrx_word' id='word_1_80' title='bbox 807 910 901 976; x_wconf 78' lang='grc' dir='ltr'>γὰρ</span> <span class='ocrx_word' id='word_1_81' title='bbox 928 917 954 939; x_wconf 80' lang='grc'><strong>“</strong></span> <span class='ocrx_word' id='word_1_82' title='bbox 975 911 1022 959; x_wconf 84' lang='grc' dir='ltr'>ἐν</span> <span class='ocrx_word' id='word_1_83' title='bbox 1048 911 1213 976; x_wconf 83' lang='grc' dir='ltr'>μορφῇ</span> <span class='ocrx_word' id='word_1_84' title='bbox 1241 910 1366 956; x_wconf 89' lang='grc' dir='ltr'>Θεοῦ</span> <span class='ocrx_word' id='word_1_85' title='bbox 1395 900 1645 969; x_wconf 79' lang='grc' dir='ltr'>ὑπάρχων”</span> <span class='ocrx_word' id='word_1_86' title='bbox 1676 898 1793 950; x_wconf 80' lang='grc' dir='ltr'>κατὰ</span> <span class='ocrx_word' id='word_1_87' title='bbox 1828 897 1882 948; x_wconf 79' lang='grc' dir='ltr'>τὸ</span> 
     </span>
     <span class='ocr_line' id='line_1_11' title="bbox 249 983 1956 1063; baseline -0.011 -15"><span class='ocrx_word' id='word_1_88' title='bbox 249 1007 274 1048; x_wconf 83' lang='grc'>(1</span> <span class='ocrx_word' id='word_1_89' title='bbox 295 996 635 1063; x_wconf 74' lang='grc' dir='ltr'>γεγραμμένον,</span> <span class='ocrx_word' id='word_1_90' title='bbox 665 1002 691 1023; x_wconf 81' lang='grc'>“</span> <span class='ocrx_word' id='word_1_91' title='bbox 719 995 806 1060; x_wconf 76' lang='grc' dir='ltr'>οὐχ</span> <span class='ocrx_word' id='word_1_92' title='bbox 843 989 1099 1058; x_wconf 78' lang='grc' dir='ltr'>ἁρπαγμὸν</span> <span class='ocrx_word' id='word_1_93' title='bbox 1132 988 1350 1054; x_wconf 84' lang='grc' dir='ltr'>ἡγήσατο</span> <span class='ocrx_word' id='word_1_94' title='bbox 1389 985 1442 1037; x_wconf 80' lang='grc' dir='ltr'>τὸ</span> <span class='ocrx_word' id='word_1_95' title='bbox 1483 983 1597 1036; x_wconf 74' lang='grc' dir='ltr'>εἶναι</span> <span class='ocrx_word' id='word_1_96' title='bbox 1635 983 1719 1033; x_wconf 78' lang='grc' dir='ltr'>ἰ’σα</span> <span class='ocrx_word' id='word_1_97' title='bbox 1753 984 1880 1050; x_wconf 72' lang='grc' dir='ltr'>Θεῷ,</span> <span class='ocrx_word' id='word_1_98' title='bbox 1907 999 1956 1025; x_wconf 85' lang='grc'>10</span> 
     </span>
     <span class='ocr_line' id='line_1_12' title="bbox 294 1065 1886 1140; baseline -0.011 -10"><span class='ocrx_word' id='word_1_99' title='bbox 294 1086 322 1109; x_wconf 82' lang='grc'><strong>“</strong></span> <span class='ocrx_word' id='word_1_100' title='bbox 351 1080 461 1129; x_wconf 83' lang='grc' dir='ltr'>ἀλλ’</span> <span class='ocrx_word' id='word_1_101' title='bbox 491 1076 654 1128; x_wconf 78' lang='grc' dir='ltr'>ἑαυτὸν</span> <span class='ocrx_word' id='word_1_102' title='bbox 683 1076 880 1126; x_wconf 81' lang='grc' dir='ltr'>ε’κένωσε</span> <span class='ocrx_word' id='word_1_103' title='bbox 914 1073 1106 1140; x_wconf 79' lang='grc' dir='ltr'>μορφὴν</span> <span class='ocrx_word' id='word_1_104' title='bbox 1133 1070 1307 1122; x_wconf 80' lang='grc' dir='ltr'>δούλου</span> <span class='ocrx_word' id='word_1_105' title='bbox 1343 1066 1551 1129; x_wconf 75' lang='grc' dir='ltr'>λαβὼν,”</span> <span class='ocrx_word' id='word_1_106' title='bbox 1581 1067 1656 1117; x_wconf 80' lang='grc' dir='ltr'>ἵνα</span> <span class='ocrx_word' id='word_1_107' title='bbox 1695 1065 1886 1130; x_wconf 86' lang='grc' dir='ltr'>γένηται</span> 
     </span>
     <span class='ocr_line' id='line_1_13' title="bbox 296 1145 1886 1224; baseline -0.01 -13"><span class='ocrx_word' id='word_1_108' title='bbox 296 1162 401 1212; x_wconf 89' lang='grc' dir='ltr'>καθ’</span> <span class='ocrx_word' id='word_1_109' title='bbox 440 1161 560 1223; x_wconf 82' lang='grc' dir='ltr'>ἡμᾶς</span> <span class='ocrx_word' id='word_1_110' title='bbox 599 1160 846 1224; x_wconf 78' lang='grc' dir='ltr'>ἄνθρωπος</span> <span class='ocrx_word' id='word_1_111' title='bbox 885 1154 1068 1221; x_wconf 79' lang='grc' dir='ltr'>δηλαδὴ</span> <span class='ocrx_word' id='word_1_112' title='bbox 1109 1155 1250 1221; x_wconf 73' lang='grc' dir='ltr'>χωρὶς</span> <span class='ocrx_word' id='word_1_113' title='bbox 1291 1151 1537 1216; x_wconf 87' lang='grc' dir='ltr'>ἁμαρτίας·</span> <span class='ocrx_word' id='word_1_114' title='bbox 1592 1151 1633 1198; x_wconf 78' lang='grc' dir='ltr'>οἱ</span> <span class='ocrx_word' id='word_1_115' title='bbox 1677 1145 1725 1198; x_wconf 78' lang='grc' dir='ltr'>δὲ</span> <span class='ocrx_word' id='word_1_116' title='bbox 1767 1150 1886 1213; x_wconf 87' lang='grc' dir='ltr'>φρο-</span> 
     </span>
     <span class='ocr_line' id='line_1_14' title="bbox 296 1232 1881 1303; baseline -0.011 -8"><span class='ocrx_word' id='word_1_117' title='bbox 296 1249 462 1295; x_wconf 90' lang='grc' dir='ltr'>νοῦσιν</span> <span class='ocrx_word' id='word_1_118' title='bbox 488 1241 693 1294; x_wconf 80' lang='grc' dir='ltr'>ἐκτόπως</span> <span class='ocrx_word' id='word_1_119' title='bbox 720 1242 1018 1303; x_wconf 74' lang='grc' dir='ltr'>ἐπιτιμῶντες</span> <span class='ocrx_word' id='word_1_120' title='bbox 1046 1236 1223 1303; x_wconf 87' lang='grc' dir='ltr'>τρόπον</span> <span class='ocrx_word' id='word_1_121' title='bbox 1248 1233 1353 1285; x_wconf 82' lang='grc' dir='ltr'>τινὰ</span> <span class='ocrx_word' id='word_1_122' title='bbox 1379 1236 1436 1300; x_wconf 79' lang='grc' dir='ltr'>τῇ</span> <span class='ocrx_word' id='word_1_123' title='bbox 1464 1233 1563 1300; x_wconf 72' lang='grc' dir='ltr'>θεία</span> <span class='ocrx_word' id='word_1_124' title='bbox 1597 1232 1673 1281; x_wconf 73' lang='grc' dir='ltr'>καὶ</span> <span class='ocrx_word' id='word_1_125' title='bbox 1704 1234 1881 1298; x_wconf 85' lang='grc' dir='ltr'>φιλαν-</span> 
     </span>
     <span class='ocr_line' id='line_1_15' title="bbox 297 1313 1888 1392; baseline -0.009 -14"><span class='ocrx_word' id='word_1_126' title='bbox 297 1325 472 1392; x_wconf 83' lang='grc' dir='ltr'>θρώπω</span> <span class='ocrx_word' id='word_1_127' title='bbox 496 1327 667 1390; x_wconf 76' lang='grc' dir='ltr'>βουλῇ,</span> <span class='ocrx_word' id='word_1_128' title='bbox 693 1321 1029 1388; x_wconf 82' lang='grc' dir='ltr'>παρωσάμενοι</span> <span class='ocrx_word' id='word_1_129' title='bbox 1065 1318 1111 1369; x_wconf 80' lang='grc' dir='ltr'>δὲ</span> <span class='ocrx_word' id='word_1_130' title='bbox 1148 1318 1266 1368; x_wconf 81' lang='grc' dir='ltr'>ὅσον</span> <span class='ocrx_word' id='word_1_131' title='bbox 1292 1320 1353 1369; x_wconf 81' lang='grc' dir='ltr'>εἷς</span> <span class='ocrx_word' id='word_1_132' title='bbox 1393 1314 1560 1366; x_wconf 73' lang='grc' dir='ltr'>οἰκείας</span> <span class='ocrx_word' id='word_1_133' title='bbox 1594 1314 1771 1364; x_wconf 79' lang='grc' dir='ltr'>ἐννοίας</span> <span class='ocrx_word' id='word_1_134' title='bbox 1805 1313 1888 1374; x_wconf 80' lang='grc' dir='ltr'>τῆς</span> 
     </span>
     <span class='ocr_line' id='line_1_16' title="bbox 297 1394 1958 1472; baseline -0.011 -13"><span class='ocrx_word' id='word_1_135' title='bbox 297 1410 504 1472; x_wconf 82' lang='grc' dir='ltr'>ἀληθοῦς</span> <span class='ocrx_word' id='word_1_136' title='bbox 533 1405 743 1469; x_wconf 78' lang='grc' dir='ltr'>υἱότητος</span> <span class='ocrx_word' id='word_1_137' title='bbox 769 1403 852 1454; x_wconf 76' lang='grc' dir='ltr'>τὸν</span> <span class='ocrx_word' id='word_1_138' title='bbox 878 1405 926 1454; x_wconf 87' lang='grc' dir='ltr'>ἐκ</span> <span class='ocrx_word' id='word_1_139' title='bbox 962 1400 1181 1467; x_wconf 82' lang='grc' dir='ltr'>γυναικὸς</span> <span class='ocrx_word' id='word_1_140' title='bbox 1215 1397 1462 1467; x_wconf 76' lang='grc' dir='ltr'>ληφθέντα</span> <span class='ocrx_word' id='word_1_141' title='bbox 1494 1394 1619 1457; x_wconf 79' lang='grc' dir='ltr'>ναὸν,</span> <span class='ocrx_word' id='word_1_142' title='bbox 1648 1395 1701 1444; x_wconf 85' lang='grc' dir='ltr'>οὐ</span> <span class='ocrx_word' id='word_1_143' title='bbox 1728 1415 1882 1459; x_wconf 89' lang='grc' dir='ltr'>παρα·</span> <span class='ocrx_word' id='word_1_144' title='bbox 1911 1410 1958 1448; x_wconf 88' lang='lat'>15</span> 
     </span>
     <span class='ocr_line' id='line_1_17' title="bbox 299 1477 1885 1558; baseline -0.011 -18"><span class='ocrx_word' id='word_1_145' title='bbox 299 1490 514 1558; x_wconf 83' lang='grc' dir='ltr'>δέχονται</span> <span class='ocrx_word' id='word_1_146' title='bbox 550 1487 635 1552; x_wconf 78' lang='grc' dir='ltr'>τὴν</span> <span class='ocrx_word' id='word_1_147' title='bbox 667 1488 965 1546; x_wconf 82' lang='grc' dir='ltr'>ταπείνωσιν,</span> <span class='ocrx_word' id='word_1_148' title='bbox 993 1483 1119 1534; x_wconf 78' lang='grc' dir='ltr'>πολὺ</span> <span class='ocrx_word' id='word_1_149' title='bbox 1159 1481 1207 1532; x_wconf 76' lang='grc' dir='ltr'>δὲ</span> <span class='ocrx_word' id='word_1_150' title='bbox 1245 1484 1327 1543; x_wconf 79' lang='grc' dir='ltr'>τῆς</span> <span class='ocrx_word' id='word_1_151' title='bbox 1366 1477 1588 1540; x_wconf 77' lang='grc' dir='ltr'>ἀληθείας</span> <span class='ocrx_word' id='word_1_152' title='bbox 1623 1478 1885 1542; x_wconf 79' lang='grc' dir='ltr'>ἀπεσφαλ-</span> 
     </span>
     <span class='ocr_line' id='line_1_18' title="bbox 298 1559 1890 1636; baseline -0.012 -12"><span class='ocrx_word' id='word_1_153' title='bbox 298 1573 442 1636; x_wconf 87' lang='grc' dir='ltr'>μένην</span> <span class='ocrx_word' id='word_1_154' title='bbox 470 1573 758 1623; x_wconf 81' lang='grc' dir='ltr'>ἐπινοοῦντες</span> <span class='ocrx_word' id='word_1_155' title='bbox 791 1568 949 1636; x_wconf 70' lang='grc' dir='ltr'>δόξαν,</span> <span class='ocrx_word' id='word_1_156' title='bbox 979 1566 1134 1631; x_wconf 80' lang='grc' dir='ltr'>ἕτερον</span> <span class='ocrx_word' id='word_1_157' title='bbox 1162 1563 1245 1627; x_wconf 78' lang='grc' dir='ltr'>μὲν</span> <span class='ocrx_word' id='word_1_158' title='bbox 1272 1560 1390 1612; x_wconf 75' lang='grc' dir='ltr'>εἶναί</span> <span class='ocrx_word' id='word_1_159' title='bbox 1423 1564 1547 1628; x_wconf 85' lang='grc' dir='ltr'>φασι</span> <span class='ocrx_word' id='word_1_160' title='bbox 1581 1559 1663 1610; x_wconf 83' lang='grc' dir='ltr'>τὸν</span> <span class='ocrx_word' id='word_1_161' title='bbox 1691 1559 1739 1607; x_wconf 78' lang='grc' dir='ltr'>ἐκ</span> <span class='ocrx_word' id='word_1_162' title='bbox 1764 1560 1890 1607; x_wconf 88' lang='grc' dir='ltr'>Θεοῦ</span> 
     </span>
     <span class='ocr_line' id='line_1_19' title="bbox 261 1639 1890 1720; baseline -0.012 -13"><span class='ocrx_word' id='word_1_163' title='bbox 261 1675 283 1701; x_wconf 83' lang='lat' dir='ltr'>e</span> <span class='ocrx_word' id='word_1_164' title='bbox 303 1653 497 1720; x_wconf 80' lang='grc' dir='ltr'>Πατρὸς</span> <span class='ocrx_word' id='word_1_165' title='bbox 523 1651 640 1703; x_wconf 79' lang='grc' dir='ltr'>Υἱὸν</span> <span class='ocrx_word' id='word_1_166' title='bbox 670 1651 934 1715; x_wconf 78' lang='grc' dir='ltr'>Μονογενῆ,</span> <span class='ocrx_word' id='word_1_167' title='bbox 962 1646 1193 1707; x_wconf 83' lang='grc' dir='ltr'>τουτέστι,</span> <span class='ocrx_word' id='word_1_168' title='bbox 1225 1643 1308 1695; x_wconf 79' lang='grc' dir='ltr'>τὸν</span> <span class='ocrx_word' id='word_1_169' title='bbox 1343 1645 1391 1694; x_wconf 84' lang='grc' dir='ltr'>ἐκ</span> <span class='ocrx_word' id='word_1_170' title='bbox 1427 1645 1509 1705; x_wconf 82' lang='grc' dir='ltr'>τῆς</span> <span class='ocrx_word' id='word_1_171' title='bbox 1549 1640 1712 1692; x_wconf 81' lang='grc' dir='ltr'>οὐσίας</span> <span class='ocrx_word' id='word_1_172' title='bbox 1748 1639 1890 1688; x_wconf 83' lang='grc' dir='ltr'>αὐτοῦ</span> 
     </span>
     <span class='ocr_line' id='line_1_20' title="bbox 300 1717 1883 1803; baseline -0.013 -14"><span class='ocrx_word' id='word_1_173' title='bbox 300 1735 585 1803; x_wconf 81' lang='grc' dir='ltr'>γεννηθέντα</span> <span class='ocrx_word' id='word_1_174' title='bbox 617 1733 791 1799; x_wconf 87' lang='grc' dir='ltr'>Λόγον,</span> <span class='ocrx_word' id='word_1_175' title='bbox 832 1732 988 1796; x_wconf 77' lang='grc' dir='ltr'>ἕτερον</span> <span class='ocrx_word' id='word_1_176' title='bbox 1028 1727 1076 1779; x_wconf 74' lang='grc' dir='ltr'>δὲ</span> <span class='ocrx_word' id='word_1_177' title='bbox 1113 1727 1262 1779; x_wconf 81' lang='grc' dir='ltr'>πάλιν</span> <span class='ocrx_word' id='word_1_178' title='bbox 1300 1724 1383 1776; x_wconf 79' lang='grc' dir='ltr'>τὸν</span> <span class='ocrx_word' id='word_1_179' title='bbox 1422 1726 1471 1774; x_wconf 83' lang='grc' dir='ltr'>ἐκ</span> <span class='ocrx_word' id='word_1_180' title='bbox 1512 1720 1732 1788; x_wconf 79' lang='grc' dir='ltr'>γυναικὸς</span> <span class='ocrx_word' id='word_1_181' title='bbox 1771 1717 1883 1770; x_wconf 80' lang='grc' dir='ltr'>υἱόν.</span> 
     </span>
     <span class='ocr_line' id='line_1_21' title="bbox 300 1804 1962 1881; baseline -0.012 -11"><span class='ocrx_word' id='word_1_182' title='bbox 300 1818 398 1870; x_wconf 75' lang='grc' dir='ltr'>εἶτα</span> <span class='ocrx_word' id='word_1_183' title='bbox 431 1821 514 1881; x_wconf 81' lang='grc' dir='ltr'>τῆς</span> <span class='ocrx_word' id='word_1_184' title='bbox 550 1815 867 1868; x_wconf 79' lang='grc' dir='ltr'>θεοπνεύστου</span> <span class='ocrx_word' id='word_1_185' title='bbox 903 1814 1092 1879; x_wconf 77' lang='grc' dir='ltr'>γραφῆς</span> <span class='ocrx_word' id='word_1_186' title='bbox 1117 1808 1234 1860; x_wconf 78' lang='grc' dir='ltr'>Υὶὸν</span> <span class='ocrx_word' id='word_1_187' title='bbox 1263 1811 1337 1858; x_wconf 77' lang='grc' dir='ltr'>καὶ</span> <span class='ocrx_word' id='word_1_188' title='bbox 1371 1804 1588 1872; x_wconf 79' lang='grc' dir='ltr'>Χριστὸν</span> <span class='ocrx_word' id='word_1_189' title='bbox 1623 1805 1885 1868; x_wconf 84' lang='grc' dir='ltr'>ἀνακηρυτ-</span> <span class='ocrx_word' id='word_1_190' title='bbox 1913 1823 1962 1847; x_wconf 91' lang='lat'>20</span> 
     </span>
     <span class='ocr_line' id='line_1_22' title="bbox 300 1884 1892 1964; baseline -0.012 -12"><span class='ocrx_word' id='word_1_191' title='bbox 300 1900 477 1964; x_wconf 79' lang='grc' dir='ltr'>τούσης</span> <span class='ocrx_word' id='word_1_192' title='bbox 521 1899 613 1961; x_wconf 79' lang='grc' dir='ltr'>ἕνα,</span> <span class='ocrx_word' id='word_1_193' title='bbox 659 1902 759 1950; x_wconf 80' lang='grc' dir='ltr'>πῶς</span> <span class='ocrx_word' id='word_1_194' title='bbox 806 1897 909 1962; x_wconf 73' lang='grc' dir='ltr'>οὐχὶ</span> <span class='ocrx_word' id='word_1_195' title='bbox 954 1892 1147 1956; x_wconf 78' lang='grc' dir='ltr'>ἁπάσης</span> <span class='ocrx_word' id='word_1_196' title='bbox 1192 1893 1281 1941; x_wconf 74' lang='grc' dir='ltr'>εἶσὶ</span> <span class='ocrx_word' id='word_1_197' title='bbox 1334 1886 1619 1946; x_wconf 74' lang='grc' dir='ltr'>δυσσεβείας</span> <span class='ocrx_word' id='word_1_198' title='bbox 1670 1884 1892 1952; x_wconf 72' lang='grc' dir='ltr'>ἀνάπλεῳ</span> 
     </span>
     <span class='ocr_line' id='line_1_23' title="bbox 302 1965 1892 2046; baseline -0.013 -11"><span class='ocrx_word' id='word_1_199' title='bbox 302 1983 623 2046; x_wconf 86' lang='grc' dir='ltr'>διατέμνοντες</span> <span class='ocrx_word' id='word_1_200' title='bbox 659 1984 721 2033; x_wconf 79' lang='grc' dir='ltr'>εἰς</span> <span class='ocrx_word' id='word_1_201' title='bbox 756 1978 838 2029; x_wconf 82' lang='grc' dir='ltr'>δύο</span> <span class='ocrx_word' id='word_1_202' title='bbox 873 1977 955 2028; x_wconf 77' lang='grc' dir='ltr'>τὸν</span> <span class='ocrx_word' id='word_1_203' title='bbox 984 1975 1063 2027; x_wconf 77' lang='grc' dir='ltr'>ἕνα</span> <span class='ocrx_word' id='word_1_204' title='bbox 1097 1975 1172 2024; x_wconf 78' lang='grc' dir='ltr'>καὶ</span> <span class='ocrx_word' id='word_1_205' title='bbox 1209 1975 1398 2036; x_wconf 83' lang='grc' dir='ltr'>ἀληθῶς</span> <span class='ocrx_word' id='word_1_206' title='bbox 1423 1970 1570 2031; x_wconf 80' lang='grc' dir='ltr'>Υιόν;</span> <span class='ocrx_word' id='word_1_207' title='bbox 1621 1966 1648 2036; x_wconf 83' lang='grc' dir='ltr'><em>ᾗ</em></span> <span class='ocrx_word' id='word_1_208' title='bbox 1685 1965 1771 2032; x_wconf 76' lang='grc' dir='ltr'>μὲν</span> <span class='ocrx_word' id='word_1_209' title='bbox 1798 1966 1892 2031; x_wconf 83' lang='grc' dir='ltr'>γάρ</span> 
     </span>
     <span class='ocr_line' id='line_1_24' title="bbox 302 2046 1893 2128; baseline -0.012 -12"><span class='ocrx_word' id='word_1_210' title='bbox 302 2068 405 2116; x_wconf 89' lang='grc' dir='ltr'>ἐστι</span> <span class='ocrx_word' id='word_1_211' title='bbox 445 2064 566 2117; x_wconf 81' lang='grc' dir='ltr'>Θεὸς</span> <span class='ocrx_word' id='word_1_212' title='bbox 603 2061 774 2128; x_wconf 88' lang='grc' dir='ltr'>Λόγος,</span> <span class='ocrx_word' id='word_1_213' title='bbox 815 2060 969 2126; x_wconf 80' lang='grc' dir='ltr'>ἕτερος</span> <span class='ocrx_word' id='word_1_214' title='bbox 1013 2061 1183 2108; x_wconf 79' lang='grc' dir='ltr'>νοεῖται</span> <span class='ocrx_word' id='word_1_215' title='bbox 1228 2053 1358 2119; x_wconf 79' lang='grc' dir='ltr'>παρὰ</span> <span class='ocrx_word' id='word_1_216' title='bbox 1406 2051 1492 2116; x_wconf 88' lang='grc' dir='ltr'>τὴν</span> <span class='ocrx_word' id='word_1_217' title='bbox 1533 2049 1708 2116; x_wconf 79' lang='grc' dir='ltr'>σάρκα·</span> <span class='ocrx_word' id='word_1_218' title='bbox 1767 2046 1796 2115; x_wconf 85' lang='grc' dir='ltr'><em>ᾗ</em></span> <span class='ocrx_word' id='word_1_219' title='bbox 1843 2046 1893 2097; x_wconf 84' lang='grc' dir='ltr'>δὲ</span> 
     </span>
     <span class='ocr_line' id='line_1_25' title="bbox 303 2129 1894 2215; baseline -0.013 -16"><span class='ocrx_word' id='word_1_220' title='bbox 303 2147 438 2215; x_wconf 77' lang='grc' dir='ltr'>σάρξ</span> <span class='ocrx_word' id='word_1_221' title='bbox 465 2148 609 2207; x_wconf 81' lang='grc' dir='ltr'>ἐστιν,</span> <span class='ocrx_word' id='word_1_222' title='bbox 636 2143 792 2210; x_wconf 78' lang='grc' dir='ltr'>ἕτερόν</span> <span class='ocrx_word' id='word_1_223' title='bbox 819 2165 862 2192; x_wconf 91' lang='grc' dir='ltr'>τι</span> <span class='ocrx_word' id='word_1_224' title='bbox 890 2144 1056 2191; x_wconf 79' lang='grc' dir='ltr'>νοεῖται</span> <span class='ocrx_word' id='word_1_225' title='bbox 1083 2137 1212 2204; x_wconf 77' lang='grc' dir='ltr'>παρὰ</span> <span class='ocrx_word' id='word_1_226' title='bbox 1238 2135 1321 2187; x_wconf 76' lang='grc' dir='ltr'>τὸν</span> <span class='ocrx_word' id='word_1_227' title='bbox 1349 2134 1526 2199; x_wconf 85' lang='grc' dir='ltr'>Λόγον·</span> <span class='ocrx_word' id='word_1_228' title='bbox 1572 2130 1601 2200; x_wconf 80' lang='grc' dir='ltr'><em>ᾗ</em></span> <span class='ocrx_word' id='word_1_229' title='bbox 1629 2131 1677 2182; x_wconf 79' lang='grc' dir='ltr'>δὲ</span> <span class='ocrx_word' id='word_1_230' title='bbox 1702 2129 1894 2197; x_wconf 88' lang='grc' dir='ltr'>γέγονεν</span> 
     </span>
     <span class='ocr_line' id='line_1_26' title="bbox 83 2210 1965 2295; baseline -0.012 -12"><span class='ocrx_word' id='word_1_231' title='bbox 83 2243 166 2278; x_wconf 82' lang='grc'>632</span> <span class='ocrx_word' id='word_1_232' title='bbox 181 2241 232 2275; x_wconf 88' lang='lat' dir='ltr'>A·</span> <span class='ocrx_word' id='word_1_233' title='bbox 267 2230 553 2295; x_wconf 67' lang='lat' dir='ltr'>ao&#39;c&#39;vacowos*</span> <span class='ocrx_word' id='word_1_234' title='bbox 589 2228 613 2276; x_wconf 86' lang='grc' dir='ltr'>ὁ</span> <span class='ocrx_word' id='word_1_235' title='bbox 648 2228 697 2276; x_wconf 86' lang='grc' dir='ltr'>ἐκ</span> <span class='ocrx_word' id='word_1_236' title='bbox 732 2229 856 2275; x_wconf 88' lang='grc' dir='ltr'>Θεοῦ</span> <span class='ocrx_word' id='word_1_237' title='bbox 890 2220 1082 2286; x_wconf 79' lang='grc' dir='ltr'>Πατρὸς</span> <span class='ocrx_word' id='word_1_238' title='bbox 1111 2220 1285 2284; x_wconf 86' lang='grc' dir='ltr'>Λόγος,</span> <span class='ocrx_word' id='word_1_239' title='bbox 1315 2216 1517 2283; x_wconf 82' lang='grc' dir='ltr'>ἀργήσει</span> <span class='ocrx_word' id='word_1_240' title='bbox 1555 2217 1800 2266; x_wconf 82' lang='grc' dir='ltr'>παντελῶς</span> <span class='ocrx_word' id='word_1_241' title='bbox 1839 2210 1893 2262; x_wconf 78' lang='grc' dir='ltr'>τὸ</span> <span class='ocrx_word' id='word_1_242' title='bbox 1916 2234 1965 2273; x_wconf 88' lang='lat'>25</span> 
     </span>
     <span class='ocr_line' id='line_1_27' title="bbox 307 2295 1890 2376; baseline -0.011 -15"><span class='ocrx_word' id='word_1_243' title='bbox 307 2311 459 2376; x_wconf 78' lang='grc' dir='ltr'>ἕτερος</span> <span class='ocrx_word' id='word_1_244' title='bbox 500 2311 575 2359; x_wconf 81' lang='grc' dir='ltr'>καὶ</span> <span class='ocrx_word' id='word_1_245' title='bbox 613 2308 766 2373; x_wconf 75' lang='grc' dir='ltr'>ἕτερος</span> <span class='ocrx_word' id='word_1_246' title='bbox 806 2304 880 2355; x_wconf 76' lang='grc' dir='ltr'>διὰ</span> <span class='ocrx_word' id='word_1_247' title='bbox 919 2303 1004 2366; x_wconf 87' lang='grc' dir='ltr'>τὴν</span> <span class='ocrx_word' id='word_1_248' title='bbox 1040 2302 1243 2369; x_wconf 76' lang='grc' dir='ltr'>ἄῤῥητον</span> <span class='ocrx_word' id='word_1_249' title='bbox 1274 2298 1443 2350; x_wconf 78' lang='grc' dir='ltr'>ἕνωσίν</span> <span class='ocrx_word' id='word_1_250' title='bbox 1474 2320 1523 2347; x_wconf 91' lang='grc' dir='ltr'>τε</span> <span class='ocrx_word' id='word_1_251' title='bbox 1560 2297 1635 2346; x_wconf 79' lang='grc' dir='ltr'>καὶ</span> <span class='ocrx_word' id='word_1_252' title='bbox 1670 2295 1890 2345; x_wconf 79' lang='grc' dir='ltr'>σύνοδον.</span> 
     </span>
     <span class='ocr_line' id='line_1_28' title="bbox 307 2376 1891 2458; baseline -0.011 -15"><span class='ocrx_word' id='word_1_253' title='bbox 307 2391 370 2446; x_wconf 74' lang='grc' dir='ltr'>εἷς</span> <span class='ocrx_word' id='word_1_254' title='bbox 405 2391 498 2458; x_wconf 78' lang='grc' dir='ltr'>γὰρ</span> <span class='ocrx_word' id='word_1_255' title='bbox 534 2393 609 2441; x_wconf 79' lang='grc' dir='ltr'>καὶ</span> <span class='ocrx_word' id='word_1_256' title='bbox 645 2388 785 2451; x_wconf 86' lang='grc' dir='ltr'>μόνος</span> <span class='ocrx_word' id='word_1_257' title='bbox 812 2385 940 2448; x_wconf 78' lang='grc' dir='ltr'>Υἱὸς,</span> <span class='ocrx_word' id='word_1_258' title='bbox 969 2387 1043 2435; x_wconf 77' lang='grc' dir='ltr'>καὶ</span> <span class='ocrx_word' id='word_1_259' title='bbox 1077 2383 1171 2448; x_wconf 82' lang='grc' dir='ltr'>πρὸ</span> <span class='ocrx_word' id='word_1_260' title='bbox 1206 2385 1290 2445; x_wconf 82' lang='grc' dir='ltr'>τῆς</span> <span class='ocrx_word' id='word_1_261' title='bbox 1323 2379 1442 2447; x_wconf 78' lang='grc' dir='ltr'>πρὸς</span> <span class='ocrx_word' id='word_1_262' title='bbox 1476 2378 1634 2445; x_wconf 77' lang='grc' dir='ltr'>σάρκα</span> <span class='ocrx_word' id='word_1_263' title='bbox 1668 2376 1891 2438; x_wconf 87' lang='grc' dir='ltr'>συνόδου,</span> 
     </span>
     <span class='ocr_line' id='line_1_29' title="bbox 307 2457 1896 2535; baseline -0.011 -10"><span class='ocrx_word' id='word_1_264' title='bbox 307 2478 382 2525; x_wconf 80' lang='grc' dir='ltr'>καὶ</span> <span class='ocrx_word' id='word_1_265' title='bbox 417 2473 493 2524; x_wconf 78' lang='grc' dir='ltr'>ὅτε</span> <span class='ocrx_word' id='word_1_266' title='bbox 520 2474 733 2535; x_wconf 84' lang='grc' dir='ltr'>συνῆλθε</span> <span class='ocrx_word' id='word_1_267' title='bbox 771 2468 926 2535; x_wconf 88' lang='grc' dir='ltr'>σαρκί·</span> <span class='ocrx_word' id='word_1_268' title='bbox 975 2466 1050 2518; x_wconf 79' lang='grc' dir='ltr'>διὰ</span> <span class='ocrx_word' id='word_1_269' title='bbox 1085 2465 1133 2515; x_wconf 80' lang='grc' dir='ltr'>δὲ</span> <span class='ocrx_word' id='word_1_270' title='bbox 1170 2467 1253 2527; x_wconf 82' lang='grc' dir='ltr'>τῆς</span> <span class='ocrx_word' id='word_1_271' title='bbox 1289 2461 1467 2529; x_wconf 75' lang='grc' dir='ltr'>σαρκὸς</span> <span class='ocrx_word' id='word_1_272' title='bbox 1503 2459 1779 2525; x_wconf 80' lang='grc' dir='ltr'>ὁλοκλήρως</span> <span class='ocrx_word' id='word_1_273' title='bbox 1815 2457 1896 2508; x_wconf 79' lang='grc' dir='ltr'>τὸν</span> 
     </span>
     <span class='ocr_line' id='line_1_30' title="bbox 308 2540 1892 2622; baseline -0.012 -14"><span class='ocrx_word' id='word_1_274' title='bbox 308 2556 559 2622; x_wconf 76' lang='grc' dir='ltr'>ἄνθρωπον</span> <span class='ocrx_word' id='word_1_275' title='bbox 599 2551 900 2618; x_wconf 76' lang='grc' dir='ltr'>ὀνομάζομεν,</span> <span class='ocrx_word' id='word_1_276' title='bbox 937 2549 1020 2600; x_wconf 79' lang='grc' dir='ltr'>τὸν</span> <span class='ocrx_word' id='word_1_277' title='bbox 1059 2550 1108 2598; x_wconf 88' lang='grc' dir='ltr'>ἐκ</span> <span class='ocrx_word' id='word_1_278' title='bbox 1152 2548 1313 2614; x_wconf 75' lang='grc' dir='ltr'>ψυχῆς</span> <span class='ocrx_word' id='word_1_279' title='bbox 1359 2546 1434 2595; x_wconf 80' lang='grc' dir='ltr'>καὶ</span> <span class='ocrx_word' id='word_1_280' title='bbox 1479 2543 1704 2604; x_wconf 82' lang='grc' dir='ltr'>σώματος</span> <span class='ocrx_word' id='word_1_281' title='bbox 1749 2540 1892 2605; x_wconf 86' lang='grc' dir='ltr'>λέγω.</span> 
     </span>
     <span class='ocr_line' id='line_1_31' title="bbox 308 2621 1968 2702; baseline -0.012 -12"><span class='ocrx_word' id='word_1_282' title='bbox 308 2638 384 2689; x_wconf 80' lang='grc' dir='ltr'>διὰ</span> <span class='ocrx_word' id='word_1_283' title='bbox 413 2637 588 2702; x_wconf 81' lang='grc' dir='ltr'>ταύτην</span> <span class='ocrx_word' id='word_1_284' title='bbox 615 2636 696 2687; x_wconf 81' lang='grc' dir='ltr'>οῦν</span> <span class='ocrx_word' id='word_1_285' title='bbox 721 2635 813 2701; x_wconf 77' lang='grc' dir='ltr'>ἄρα</span> <span class='ocrx_word' id='word_1_286' title='bbox 850 2631 936 2696; x_wconf 86' lang='grc' dir='ltr'>τὴν</span> <span class='ocrx_word' id='word_1_287' title='bbox 961 2630 1224 2698; x_wconf 84' lang='grc' dir='ltr'>πρόφασιν,</span> <span class='ocrx_word' id='word_1_288' title='bbox 1250 2624 1666 2694; x_wconf 83' lang='grc' dir='ltr'>προνοητικώτατα</span> <span class='ocrx_word' id='word_1_289' title='bbox 1699 2621 1845 2674; x_wconf 80' lang='grc' dir='ltr'>πάλιν</span> <span class='ocrx_word' id='word_1_290' title='bbox 1873 2622 1897 2671; x_wconf 86' lang='grc' dir='ltr'><strong>ὁ</strong></span> <span class='ocrx_word' id='word_1_291' title='bbox 1918 2637 1968 2672; x_wconf 83' lang='grc'>30</span> 
     </span>
    </p>
   </div>
   <div class='ocr_carea' id='block_1_3' title="bbox 311 2754 1897 2906">
    <p class='ocr_par' dir='ltr' id='par_1_3' title="bbox 311 2754 1897 2906">
     <span class='ocr_line' id='line_1_32' title="bbox 357 2754 1896 2816; baseline -0.012 -10"><span class='ocrx_word' id='word_1_292' title='bbox 357 2783 390 2816; x_wconf 83' lang='grc'>3.</span> <span class='ocrx_word' id='word_1_293' title='bbox 416 2773 630 2816; x_wconf 78' lang='grc' dir='ltr'>Χριστιανῶν</span> <span class='ocrx_word' id='word_1_294' title='bbox 650 2769 722 2803; x_wconf 77' lang='lat' dir='ltr'><strong>B.a.</strong></span> <span class='ocrx_word' id='word_1_295' title='bbox 744 2768 821 2802; x_wconf 76' lang='lat' dir='ltr'>Cat.</span> <span class='ocrx_word' id='word_1_296' title='bbox 843 2767 942 2801; x_wconf 74' lang='lat' dir='ltr'>Harl.</span> <span class='ocrx_word' id='word_1_297' title='bbox 962 2763 1161 2810; x_wconf 77' lang='grc' dir='ltr'>Χριστιανοὶ</span> <span class='ocrx_word' id='word_1_298' title='bbox 1182 2761 1301 2795; x_wconf 84' lang='lat' dir='ltr'><strong>Holst.</strong></span> <span class='ocrx_word' id='word_1_299' title='bbox 1322 2759 1387 2793; x_wconf 84' lang='lat' dir='ltr'>Ed.</span> <span class='ocrx_word' id='word_1_300' title='bbox 1516 2757 1549 2792; x_wconf 84' lang='lat'>6.</span> <span class='ocrx_word' id='word_1_301' title='bbox 1577 2754 1801 2801; x_wconf 76' lang='grc' dir='ltr'>κατεμέρισαν</span> <span class='ocrx_word' id='word_1_302' title='bbox 1820 2755 1896 2788; x_wconf 83' lang='lat' dir='ltr'><strong>B.a.</strong></span> 
     </span>
     <span class='ocr_line' id='line_1_33' title="bbox 311 2802 1897 2861; baseline -0.012 -9"><span class='ocrx_word' id='word_1_303' title='bbox 311 2818 574 2861; x_wconf 80' lang='grc' dir='ltr'>κατεμερίσαντο</span> <span class='ocrx_word' id='word_1_304' title='bbox 595 2817 657 2850; x_wconf 84' lang='lat' dir='ltr'>Ht.</span> <span class='ocrx_word' id='word_1_305' title='bbox 678 2815 745 2849; x_wconf 81' lang='lat' dir='ltr'>Ed.</span> <span class='ocrx_word' id='word_1_306' title='bbox 885 2812 936 2847; x_wconf 84' lang='lat'>16.</span> <span class='ocrx_word' id='word_1_307' title='bbox 963 2809 1233 2856; x_wconf 80' lang='grc' dir='ltr'>ἀπεσφαλμένην</span> <span class='ocrx_word' id='word_1_308' title='bbox 1253 2808 1294 2841; x_wconf 80' lang='grc' dir='ltr'>Β.</span> <span class='ocrx_word' id='word_1_309' title='bbox 1313 2804 1579 2850; x_wconf 81' lang='grc' dir='ltr'>ἐπεσφιιλμένην</span> <span class='ocrx_word' id='word_1_310' title='bbox 1598 2804 1662 2838; x_wconf 87' lang='lat' dir='ltr'>Ht.</span> <span class='ocrx_word' id='word_1_311' title='bbox 1683 2802 1750 2836; x_wconf 86' lang='lat' dir='ltr'>Ed.</span> <span class='ocrx_word' id='word_1_312' title='bbox 1767 2802 1897 2835; x_wconf 79' lang='lat' dir='ltr'><strong>desunt</strong></span> 
     </span>
     <span class='ocr_line' id='line_1_34' title="bbox 312 2847 1897 2906; baseline -0.011 -8"><span class='ocrx_word' id='word_1_313' title='bbox 312 2865 394 2898; x_wconf 81' lang='lat' dir='ltr'><strong>haee</strong></span> <span class='ocrx_word' id='word_1_314' title='bbox 413 2865 448 2897; x_wconf 84' lang='lat' dir='ltr'>in</span> <span class='ocrx_word' id='word_1_315' title='bbox 468 2876 498 2897; x_wconf 80' lang='lat' dir='ltr'>a.</span> <span class='ocrx_word' id='word_1_316' title='bbox 637 2874 691 2896; x_wconf 87' lang='lat'>21.</span> <span class='ocrx_word' id='word_1_317' title='bbox 719 2861 795 2906; x_wconf 80' lang='grc' dir='ltr'>οὐχὶ</span> <span class='ocrx_word' id='word_1_318' title='bbox 813 2872 841 2894; x_wconf 81' lang='lat' dir='ltr'>a.</span> <span class='ocrx_word' id='word_1_319' title='bbox 862 2860 925 2904; x_wconf 77' lang='grc' dir='ltr'>οὐχ</span> <span class='ocrx_word' id='word_1_320' title='bbox 946 2858 1011 2892; x_wconf 83' lang='lat' dir='ltr'>Ed.</span> <span class='ocrx_word' id='word_1_321' title='bbox 1144 2866 1199 2900; x_wconf 80' lang='lat'>23.</span> <span class='ocrx_word' id='word_1_322' title='bbox 1226 2854 1301 2889; x_wconf 84' lang='grc' dir='ltr'>ἐστι</span> <span class='ocrx_word' id='word_1_323' title='bbox 1319 2865 1388 2887; x_wconf 87' lang='lat' dir='ltr'>om.</span> <span class='ocrx_word' id='word_1_324' title='bbox 1411 2864 1441 2885; x_wconf 81' lang='lat' dir='ltr'>a.</span> <span class='ocrx_word' id='word_1_325' title='bbox 1581 2861 1635 2891; x_wconf 77' lang='lat'>24.</span> <span class='ocrx_word' id='word_1_326' title='bbox 1662 2847 1788 2893; x_wconf 81' lang='grc' dir='ltr'>Λόγον]</span> <span class='ocrx_word' id='word_1_327' title='bbox 1809 2849 1897 2881; x_wconf 82' lang='grc' dir='ltr'>Θεὸν</span> 
     </span>
    </p>
   </div>
   <div class='ocr_carea' id='block_1_4' title="bbox 311 2895 1896 3001">
    <p class='ocr_par' dir='ltr' id='par_1_4' title="bbox 311 2895 1896 3001">
     <span class='ocr_line' id='line_1_35' title="bbox 313 2895 1896 2955; baseline -0.011 -10"><span class='ocrx_word' id='word_1_328' title='bbox 313 2912 422 2955; x_wconf 74' lang='grc' dir='ltr'>Λόγον</span> <span class='ocrx_word' id='word_1_329' title='bbox 439 2922 468 2944; x_wconf 84' lang='lat' dir='ltr'>a.</span> <span class='ocrx_word' id='word_1_330' title='bbox 606 2919 659 2951; x_wconf 79' lang='lat'>25.</span> <span class='ocrx_word' id='word_1_331' title='bbox 687 2910 705 2942; x_wconf 88' lang='grc' dir='ltr'><em>ὁ</em></span> <span class='ocrx_word' id='word_1_332' title='bbox 723 2919 792 2942; x_wconf 86' lang='lat' dir='ltr'>om.</span> <span class='ocrx_word' id='word_1_333' title='bbox 813 2907 854 2940; x_wconf 86' lang='lat' dir='ltr'>B.</span> <span class='ocrx_word' id='word_1_334' title='bbox 875 2904 1067 2949; x_wconf 77' lang='lat' dir='ltr'>assumpsit</span> <span class='ocrx_word' id='word_1_335' title='bbox 1085 2915 1102 2936; x_wconf 85' lang='lat' dir='ltr'><strong>e</strong></span> <span class='ocrx_word' id='word_1_336' title='bbox 1121 2902 1198 2936; x_wconf 79' lang='lat' dir='ltr'>Cat.</span> <span class='ocrx_word' id='word_1_337' title='bbox 1218 2907 1257 2934; x_wconf 82' lang='lat' dir='ltr'>ut</span> <span class='ocrx_word' id='word_1_338' title='bbox 1275 2900 1344 2934; x_wconf 81' lang='lat' dir='ltr'>vid.</span> <span class='ocrx_word' id='word_1_339' title='bbox 1364 2899 1457 2933; x_wconf 84' lang='lat' dir='ltr'><strong>Aub.</strong></span> <span class='ocrx_word' id='word_1_340' title='bbox 1599 2906 1652 2941; x_wconf 86' lang='lat'>27.</span> <span class='ocrx_word' id='word_1_341' title='bbox 1681 2896 1766 2938; x_wconf 82' lang='grc' dir='ltr'>πρὸς</span> <span class='ocrx_word' id='word_1_342' title='bbox 1785 2895 1896 2939; x_wconf 88' lang='grc' dir='ltr'>σάρκα</span> 
     </span>
     <span class='ocr_line' id='line_1_36' title="bbox 311 2947 1294 3001; baseline -0.011 -10"><span class='ocrx_word' id='word_1_343' title='bbox 311 2969 340 2991; x_wconf 81' lang='lat' dir='ltr'>a.</span> <span class='ocrx_word' id='word_1_344' title='bbox 361 2958 471 3001; x_wconf 81' lang='grc' dir='ltr'>σάρκα</span> <span class='ocrx_word' id='word_1_345' title='bbox 492 2956 532 2989; x_wconf 88' lang='lat' dir='ltr'>B.</span> <span class='ocrx_word' id='word_1_346' title='bbox 552 2957 632 2990; x_wconf 82' lang='grc' dir='ltr'>κατὰ</span> <span class='ocrx_word' id='word_1_347' title='bbox 652 2957 762 3001; x_wconf 80' lang='grc' dir='ltr'>σάρκα</span> <span class='ocrx_word' id='word_1_348' title='bbox 781 2954 857 2988; x_wconf 82' lang='lat' dir='ltr'>Cat.</span> <span class='ocrx_word' id='word_1_349' title='bbox 879 2952 978 2987; x_wconf 80' lang='lat' dir='ltr'>Harl.</span> <span class='ocrx_word' id='word_1_350' title='bbox 999 2950 1125 2995; x_wconf 81' lang='grc' dir='ltr'>σαρκὸς</span> <span class='ocrx_word' id='word_1_351' title='bbox 1145 2948 1207 2982; x_wconf 88' lang='lat' dir='ltr'>Ht.</span> <span class='ocrx_word' id='word_1_352' title='bbox 1228 2947 1294 2981; x_wconf 86' lang='lat' dir='ltr'>Ed.</span> 
     </span>
    </p>
   </div>
  </div>
 </body>
</html>
