2022 3272
114 120 196 160 xvi.
219 121 341 162 8-11.
396 123 467 162 IN
511 123 551 164 S,
588 123 926 164 JOANNEM.
993 124 1114 164 LIB.
1152 125 1202 164 X.
1267 125 1400 165 CAP.
1435 124 1495 164 H.
1615 124 1698 163 623

112 235 139 258 “
166 231 493 285 πεπίστευκας·
548 230 765 297 μακάριοι
796 236 838 282 οἱ
878 232 942 296 μὴ
978 231 1154 286 ἰδόντες
1190 234 1265 282 καὶ
1303 232 1698 285 πιστεύσαντες.”

113 312 300 366 δικαίως
331 314 413 363 οῦν
440 315 532 379 ἄρα
568 314 885 364 δεδικαίωνται
925 316 1000 364 καὶ
1037 314 1145 381 δίχα
1178 317 1261 377 τῆς
1297 314 1403 367 θέας
1431 318 1471 364 οἱ
1504 313 1699 364 πιστεύ-

113 415 298 455 σαντες,
326 400 408 444 τοῦ
438 395 485 445 δὲ
522 400 615 445 τῶν
650 395 768 446 ἰ’σων
795 400 952 463 τυχεῖν
983 397 1008 446 ὁ
1036 395 1217 458 κόσμος
1256 395 1505 463 ε’ξώλισθε,
1541 395 1625 458 τὴν
1651 396 1700 444 ἐκ

112 474 318 528 πίστεως
353 476 654 541 δικαιοσύνην
681 478 734 527 οὐ
768 477 1144 544 προσηκάμενος,
1181 476 1293 527 ἀλλ’
1322 474 1571 539 ἐθελοντὴς
1605 481 1746 529 τοῖςι1

114 557 244 611 ἰδίοις
269 558 672 626 ἐμφιλοχωρήσας
700 564 875 612 κακοῖς.

71 577 92 615 Ut

191 640 375 690 Εἰδέναι
411 640 559 707 γεμὴν
586 642 855 706 ἀναγκαῖον,
883 643 945 694 ὡς
981 642 1034 691 οὐ
1070 639 1190 692 κατὰ
1224 640 1382 704 μόνων
1408 640 1648 690 Ἰουδαίων
1674 640 1702 702 ἡ

115 724 210 770 τῶν
236 722 404 787 ἀρτίως
431 724 539 786 ἡμῖν
566 722 818 789 εἰρημένων
844 723 1052 789 ἐλέγχων
1080 722 1192 777 δυὰς
1218 722 1293 773 διὰ
1324 728 1407 773 τοῦ
1437 719 1697 788 Παρακλή-

115 825 198 853 του
237 802 499 868 γενήσεται,
528 803 646 855 κατὰ
684 803 860 858 παντὸς
889 804 935 855 δὲ
973 809 1164 868 μᾶλλον
1197 804 1448 870 ἀνθρώπου
1486 808 1704 868 σκληροῦ

116 906 164 934 τε
204 887 278 934 καὶ
317 887 551 940 ἀπειθοῦς·
606 886 826 950 σημαίνει
863 885 949 949 μὲν
979 885 1073 952 γὰρ
1105 886 1132 949 ἡ
1165 892 1248 936 τοῦ
1287 884 1473 949 κόσμου
1511 907 1700 950 προση-

48 993 97 1019 10
118 966 267 1032 γορία,
307 969 382 1017 καὶ
420 966 503 1018 τὸν
540 973 639 1021 ταῖς
680 969 974 1037 φιληδονίαις
1017 968 1355 1032 ἀκαταλήκτως
1396 965 1702 1033 ἐγκαλινδού-

117 1071 258 1112 μενον
313 1051 389 1099 καῖ
446 1052 528 1113 τῆς
591 1053 866 1113 διαβολικῆς
922 1051 1174 1115 βδελυρίας
1235 1051 1317 1100 οὐκ
1375 1048 1702 1117 ἐξιστάμενον,

119 1131 336 1193 σημαίνει
375 1131 423 1181 δὲ
457 1130 590 1182 οὐδὲν
621 1131 763 1195 ἧττον
799 1133 874 1182 καὶ
914 1129 1021 1185 τοῦς
1061 1133 1110 1182 ἐν
1134 1134 1274 1182 παντὶ
1314 1137 1380 1200 τῷ
1411 1129 1578 1200 κόσμῳ
1619 1133 1705 1181 διε-

119 1211 420 1277 σπαρμένους
447 1236 496 1263 τε
524 1215 599 1263 καὶ
626 1212 972 1282 κατῳκηκότας.
1026 1213 1206 1279 γενικὸς
1240 1215 1320 1264 οῦν
1348 1214 1439 1279 ἄρα
1475 1216 1550 1264 καὶ
1587 1211 1705 1263 κατὰ
1725 1240 1746 1266 ο

119 1292 311 1344 πάντων
338 1295 362 1343 ὁ
394 1297 592 1349 διπλοῦς
627 1297 789 1346 οὑτοσὶ
823 1295 1085 1362 κεχώρηκεν
1117 1293 1328 1362 ἐ’λεγχος.
1384 1296 1706 1361 σεσαγήνευκε

53 1397 99 1436 15
120 1398 212 1442 γαρ
235 1376 259 1425 ὁ
280 1377 492 1441 Χριστὸς
518 1399 620 1443 ουχι
644 1376 792 1440 μόνην
817 1399 902 1440 την
926 1377 1174 1439 Ἰουδαιαν,
1199 1376 1321 1427 καθα
1349 1400 1424 1428 και
1451 1379 1499 1428 ἐν
1526 1380 1707 1444 ἀρχαῖς,

121 1455 150 1521 ἢ
188 1457 334 1521 μόνον
371 1481 425 1508 το
463 1458 655 1524 σπέρμα
693 1456 746 1509 τὸ
793 1458 850 1526 ἐξ
886 1457 1105 1525 Ἰσραὴλ,
1143 1458 1275 1510 ἀλλα
1317 1458 1515 1520 σύμπαν
1559 1458 1613 1510 τὸ
1655 1459 1712 1527 ἐξ

120 1538 278 1602 Ἀδαμ
316 1542 636 1603 διολισθῆσαν
674 1539 935 1606 γενος.οὐ
964 1563 1058 1606 γαρ
1085 1543 1158 1592 ἐπι
1185 1544 1326 1607 μέρος
1358 1542 1385 1605 ἡ
1413 1564 1561 1608 χαρις,
1594 1541 1706 1591 αλλ’

121 1622 194 1690 ἐφ’
225 1621 343 1685 ὅλην
368 1622 533 1688 γέγονε
559 1621 644 1686 τὴν
671 1622 944 1686 οἰκουμένην
967 1621 1022 1672 τὸ
1049 1624 1098 1673 ἐκ
1123 1626 1206 1686 τῆς
1231 1624 1436 1677 πίστεως
1462 1623 1660 1689 ἀγαθόν.

196 1703 367 1770 Τρίτος
410 1702 608 1772 ’ἐλεγχος
652 1703 728 1755 διὰ
777 1709 860 1754 τοῦ
906 1703 1229 1770 Παρακλήτου
1274 1705 1539 1770 γενήσεται,
1586 1705 1710 1756 καθά

55 1807 105 1833 20
123 1788 275 1853 φησιν
310 1787 335 1836 ὁ
371 1785 555 1852 Σωτὴρ,
583 1787 611 1850 ἡ
641 1784 908 1849 δικαιοτάτη
948 1784 1224 1851 κατάκρισις
1257 1792 1341 1837 τοῦ
1374 1786 1602 1853 ἄρχοντος
1638 1789 1709 1838 τοῦ

126 1868 292 1935 κόσμου
333 1867 494 1919 τούτου.
548 1873 649 1921 πῶς
689 1866 736 1918 δὲ
771 1868 859 1932 ἤδη
897 1867 1046 1918 πάλιν
1084 1865 1112 1931 ὴ
1152 1868 1255 1918 τίνα
1293 1867 1488 1934 τρόπον,
1529 1868 1702 1937 ἐξηγή-

123 1971 286 2011 σομαι.
352 1948 776 2014 προσμαρτυρήσει
826 1947 919 2014 γὰρ
960 1952 1017 2016 τῇ
1071 1949 1188 2017 δόξῃ
1230 1955 1313 2000 τοῦ
1358 1954 1590 2016 Χριστοῦ,
1633 1953 1749 2001 καὶᾶ
1777 1968 1863 2002 922
1880 1966 1930 2001 A.

125 2029 266 2080 αὐτὸν
298 2029 442 2083 ὅντως
477 2031 728 2098 ἀποδείξας
764 2030 878 2080 ὄντα
912 2029 994 2081 τὸν
1029 2035 1123 2080 τῶν
1155 2031 1283 2081 ὅλων
1317 2033 1508 2097 Κύριον,
1536 2032 1708 2102 ἐλέγξει

125 2112 192 2163 τὶν
234 2113 409 2180 κόσμον,
446 2115 506 2166 ὡς
544 2111 919 2176 πεπλανημένον,
957 2114 1031 2162 καὶ
1071 2111 1154 2163 τὸν
1191 2112 1277 2175 μὲν
1316 2115 1507 2177 ἀληθῶς
1545 2137 1594 2165 τε
1634 2116 1710 2165 καὶ

58 2216 106 2255 25
128 2193 269 2264 φύσει
314 2194 494 2262 ἀφέντα
533 2193 671 2256 Θεὸν,
709 2193 1114 2260 προσκυνήσαντα
1153 2194 1201 2245 δὲ
1241 2197 1316 2245 καὶ
1363 2195 1713 2262 λελατρευκότα

127 2279 193 2344 τῷ
230 2274 295 2339 μὴ
335 2275 453 2327 κατὰ
493 2276 655 2344 φύσιν,
683 2275 912 2337 τουτέστι,
945 2277 1011 2344 τῷ
1043 2280 1247 2344 σατανᾷ.
1300 2276 1433 2340 ἱκανὴ
1464 2276 1558 2344 γὰρ
1586 2276 1713 2340 οἶμαι

126 2349 248 2422 πρὸς
273 2357 326 2407 τὸ
353 2358 499 2411 οὕτως
529 2357 735 2425 ἔχουσαν
761 2357 986 2426 ἐπιδεῖξαι
1013 2356 1098 2421 τὴν
1125 2363 1207 2408 τοῦ
1241 2357 1524 2423 πράγματος
1549 2358 1713 2427 φύσιν,

128 2438 157 2501 ἡ
197 2439 295 2488 κατ’
335 2439 477 2489 αὐτοῦ
516 2439 742 2504 γενομένη
787 2440 957 2505 κρίσις.
1019 2439 1073 2489 οὐ
1111 2437 1204 2505 γὰρ
1243 2438 1301 2490 ἂν
1343 2441 1592 2506 κατεκρίθη
1638 2441 1714 2490 καὶ

1778 2518 1844 2548 28.
1860 2517 1934 2549 Pet.

129 2519 408 2584 ἠσθένησεν,
435 2520 529 2570 οὐδ’
558 2519 615 2570 ἂν
640 2523 722 2583 τῆς
749 2521 1002 2587 θεομαχίας
1036 2520 1329 2586 εἶσεπράχθη
1360 2521 1505 2583 δίκας,
1532 2526 1714 2586 σειραῖς
1774 2561 1808 2591 1i
1822 2570 1852 2601 4·

61 2638 112 2674 30
130 2599 276 2669 ζόφου
313 2600 736 2666 τεταρταρωμένος,
765 2601 893 2667 ε’ίπερ
931 2600 989 2665 ἧν
1027 2600 1172 2668 φύσει
1201 2599 1322 2654 Θεὸς
1359 2601 1413 2651 τὸ
1448 2601 1714 2665 ἀκλόνητον

130 2681 251 2749 ε”χων
287 2684 335 2733 ἐν
371 2705 420 2733 τε
454 2681 590 2750 ἰσχύϊ
623 2685 698 2734 καὶ
737 2681 870 2751 δόξῃ·
936 2683 1034 2733 νυνὶ
1070 2681 1119 2732 δὲ
1156 2688 1391 2733 τοσοῦτον
1430 2683 1756 2737 ἐλλελοιπὸςὶ)

180 2840 214 2871 4.
239 2830 298 2872 τῆς
317 2827 380 2873 (sic
397 2840 461 2873 pro
478 2829 590 2872 more)
609 2828 650 2862 E.
854 2839 907 2870 14.
933 2828 1053 2862 οὑτοσὶ
1072 2828 1113 2862 Ε.
1132 2827 1260 2862 οὑτωσὶ
1278 2827 1345 2862 Ed.
1551 2838 1607 2873 23.
1636 2827 1716 2862 ὅντα

134 2881 358 2932 assumptum
376 2886 418 2908 ex
437 2875 478 2909 E.
700 2883 756 2917 25.
783 2874 1082 2919 προσκυνήσαντες
1101 2874 1143 2908 Ε.
1370 2873 1496 2909 26-28.
1522 2873 1555 2908 Α
1573 2875 1655 2909 κατὰ
1672 2875 1717 2909 ad

135 2920 203 2955 κατ’
222 2922 372 2956 transiIIt
391 2921 432 2955 E.
450 2921 709 2965 κατὰ-σατανᾷ
728 2920 894 2955 exhibent
912 2919 1076 2955 Catenae.
1297 2932 1352 2964 31.
1379 2936 1415 2955 τε
1434 2921 1476 2955 Ε.
1494 2923 1534 2965 τῇ
1553 2920 1620 2955 Ed.
