2037 3266
345 142 429 183 632
681 141 873 183 LIBRI
933 141 1286 183 UNDECIMI
1343 141 1597 182 CAPITA.

346 266 370 291 ι.
395 247 490 291 ’Ότι
511 249 579 290 οὐκ
601 250 644 290 ἐκ
659 251 830 303 μετοχῆς
845 252 913 301 τῆς
929 248 1026 301 πρὸς
1043 249 1176 302 ἕτερον
1197 249 1307 302 ἅγιός
1328 250 1438 290 ἐστιν
1460 250 1480 289 6
1502 247 1684 301 Χριστὸς,
1707 247 1796 289 οὐδὲ
1821 245 1932 297 ξένος

516 320 584 370 τῆς
604 318 738 360 οὐσίας
759 318 876 359 αὐτοῦ
900 319 921 358 6
944 319 1005 358 διὰ
1025 318 1257 369 Πυεύματος
1279 317 1483 370 ἃγιασμός.
1803 314 1926 372 [986]

300 432 327 473 b
347 442 398 468 ια.
424 425 520 467 ’Ότι
552 428 726 478 φυσικῶς
760 425 781 465 6
810 424 903 468 ’Υἱὸς
937 424 981 466 ἕν
1014 424 1099 465 ἐστι
1130 423 1227 476 πρὸς
1259 423 1327 464 τὸν
1363 425 1500 464 ἑαυτοῦ
1528 423 1687 475 Πατέρα
1720 422 1840 473 Θεὸν,
1869 422 1932 463 καὶ

519 493 635 537 αὐτὸς
660 495 734 545 μὲν
755 494 798 534 ἐν
820 493 960 545 Πατρὶ,
987 493 1007 532 6
1028 491 1166 544 Πατὴρ
1194 492 1236 532 δὲ
1268 492 1311 532 ἐν
1333 491 1448 547 αὐτῷ,
1472 490 1567 532 κατά
1597 509 1644 544 γε
1671 491 1739 532 τὸν
1765 492 1932 542 οὗσιώδη

517 564 585 613 τῆς
622 563 802 611 ἑνότητος
838 561 1059 612 σύνδεσμόυ
1093 577 1136 601 τε
1169 560 1231 600 καὶ
1267 561 1425 612 τρόπον·
1479 560 1617 611 ὁμοίως
1650 561 1693 600 δὲ
1729 560 1790 600 καὶ
1824 560 1931 610 ἡμεῖς
1951 578 1973 616 5

516 631 625 672 αὐτοὶ
651 630 722 681 τὴν
744 631 798 672 εἰς
825 629 942 670 αὐτὸν
968 628 1278 681 παραδεξάμενοι
1306 629 1452 677 πίστιν,
1476 628 1519 669 ἓν
1540 629 1636 680 πρός
1664 644 1707 668 τε
1735 627 1933 678 ἀλλήλους

518 699 580 740 καὶ
603 698 711 740 Θεὸν
733 699 1050 749 ἀναδεικνύμεθα,
1074 700 1298 749 σωματικῶς
1317 714 1359 739 τε
1381 697 1443 738 καὶ
1465 699 1743 747 πνευματικῶς.
1804 693 1929 751 [994]

427 803 444 819 ‘l
627 806 641 818 X
724 804 735 819 Ι
835 807 844 820 e
915 805 925 819 5
1058 804 1068 818 Q
1134 802 1163 818 <N
1276 802 1288 818 Χ
1376 802 1388 817 Χ
1458 804 1468 817 1
1571 805 1590 816 Λ
1723 800 1734 817 Ι
1879 801 1889 815 N

346 810 400 857 ιβ.
447 807 521 847 Οτι
552 821 648 845 κατα
680 809 803 857 φυσιν
831 803 876 845 έν
909 820 1019 845 εστιν
1050 821 1070 844 ο
1095 807 1189 846 'nos
1218 820 1313 855 προς
1349 819 1418 844 του
1452 819 1590 843 εαυτου
1621 805 1783 854 Πατερα
1812 804 1932 850 Θεου,

518 872 590 914 κᾶν
621 874 671 916 ὡς
701 874 743 914 ἐν
769 872 925 927 χάριτος
954 871 1062 926 μέρει
1092 871 1279 923 δέξασθαι
1310 871 1410 927 λέγῃ
1446 870 1491 911 τὸ
1527 871 1570 912 ἓν
1604 871 1704 912 εἶναι
1739 868 1832 923 πρὸς
1864 869 1933 910 τὸν

518 940 688 995 Πατέρα.
1778 938 1932 993 [1000]
