2022 3272
79 127 145 155 xv.
163 116 200 155 8.
321 117 393 157 IN
437 117 479 157 S.
514 117 849 158 JOANNEM.
915 117 1037 156 LIB.
1075 117 1124 157 X.
1188 117 1322 157 CAP.
1358 116 1418 156 ll.
1578 116 1659 154 567

77 247 215 287 ματα,
238 229 311 276 καὶ
335 232 429 278 τῶν
449 229 656 295 ἀρχαίων
681 227 1074 293 συγγραμμάτων
1097 226 1182 290 τὴν
1209 226 1411 290 μνήμην.
1460 227 1484 275 ‹‘›
1511 224 1661 290 γὲμὴν

78 306 303 370 κατήκοός
344 333 392 359 τε
439 312 513 360 καὶ
559 309 762 373 εὐμαθὴς
809 311 884 360 καὶ
929 312 1011 372 τῆς
1056 310 1362 374 εὐαγγελικῆς
1411 308 1660 375 δᾳδουχίας

77 388 339 452 ἀνάπλεως,
366 390 515 444 πολὺς
554 393 627 441 καὶ
663 393 860 444 διπλοῦς
886 395 948 444 εἷς
979 397 1203 452 πλοῦτον,
1232 389 1314 440 τὸν
1340 392 1387 439 ἐν
1418 388 1660 450 Πνεύματι

78 469 125 520 δὲ
160 472 380 534 δηλονότι
414 473 550 541 φημί.
605 474 683 523 νεά
721 472 815 538 γὰρ
844 472 1070 533 ἐκβάλλει
1110 474 1184 522 καὶ
1224 470 1427 532 παλαιὰ,
1457 470 1542 533 τὴν
1578 475 1660 519 τοῦ

36 551 221 615 5νόμου
259 553 401 604 σκιὰν
433 557 507 605 καὶ
547 557 629 618 τῆς
663 556 710 604 ἐν
739 553 865 623 νόμῳ
904 553 1122 620 λατρείας
1161 553 1247 616 τὴν
1283 553 1478 614 δύναμιν
1511 574 1657 613 μετα-

75 633 302 685 πλάττων
335 640 396 689 εἷς
435 639 612 733 σχῖῖἳμα
639 636 877 690 πολιτείας
915 637 1237 701 εὖαγγελίκῆς·
1295 633 1319 684 ’ὸ
1358 632 1451 700 γὰρ
1491 634 1661 697 ἐδήλου

77 716 153 766 διὰ
185 721 278 767 τῶν
310 719 469 768 τύπων
505 720 530 769 ὁ
562 719 716 780 νόμος,
749 724 887 768 τοῦτο
923 717 1134 783 Χριστὸς
1174 715 1575 784 ἀπημφιεσμένως
1613 717 1660 765 ἐν

76 800 289 867 ἀληθεία
348 800 417 850 διὸ
444 802 519 851 καὶ
545 799 708 866 ἐλεγεν
738 807 764 830 “
785 801 890 850 Οὐκ
916 798 1065 863 ἠλθον
1090 804 1360 850 καταλῦσαι
1392 797 1475 848 τὸν
1503 796 1698 861 νόμον,ο
1719 787 1881 871 {Qum

78 880 262 931 “οἰλλά
306 883 602 948 πληρῶσαι,”
648 905 722 932 και
764 881 910 933 παλιν
953 889 979 910 “
1006 880 1160 944 Ἀμην
1203 879 1328 944 ἀμην
1371 880 1496 975 λεγω
1540 881 1658 942 ὑμιν,
1722 896 1771 927 11>
1791 899 1836 926 18

11 970 105 1004 10⁶⁴
76 963 299 1073 ι’“ἱιι’)τα
280 987 327 1013 εν
353 963 381 1028 ἢ
408 987 492 1026 μια
526 987 685 1029 κεραια
718 965 770 1014 οὐ
803 963 869 1027 μὴ
904 963 1120 1031 παρέλθῃ
1153 961 1248 1014 ἀπὸ
1281 969 1363 1013 τοῦ
1390 962 1548 1025 νόμου,
1576 962 1660 1015 ἕως

92 1046 186 1095 ζὀὶν
211 1045 366 1096 πάντα
401 1044 603 1111 γένηται.
691 1069 861 1114 καρπος
891 1046 973 1096 οὖν
1000 1045 1091 1110 ἄρα
1119 1059 1262 1098 πολυς
1300 1045 1324 1094 ὁ
1357 1045 1405 1095 ἐν
1432 1043 1659 1106 πνεύματι

76 1129 151 1177 καὶ
186 1128 397 1196 ἀληθεία,
433 1130 516 1191 τῆς
552 1128 860 1193 εὐαγγελικῆς
903 1127 1121 1193 λατρείας
1157 1127 1184 1191 ἡ
1225 1126 1432 1190 δύναμις,
1472 1126 1660 1190 ἐπείπερ

75 1213 137 1262 εἰς
163 1208 308 1277 δόξαν
339 1215 421 1260 τοῦ
450 1213 574 1261 Θεοῦ
609 1211 683 1260 καὶ
712 1208 904 1276 Πατρὸς
936 1209 1183 1275 ἄνθρωπος
1215 1209 1408 1275 γέγονεν
1436 1209 1460 1258 ὁ
1490 1211 1654 1257 Μονο-

76 1289 225 1356 γενής.
278 1291 553 1355 συμβέβηκε
582 1290 630 1342 δὲ
657 1291 733 1342 διὰ
767 1297 906 1342 τοῦτο
939 1293 1014 1342 καὶ
1041 1292 1183 1341 αὐτοῦ
1211 1290 1430 1356 γενέσθαι
1457 1288 1661 1358 μαθητὰς

12 1382 57 1422 ¹5
76 1373 182 1426 τοῦς
208 1373 345 1427 ὄντας
379 1376 452 1424 ἐπὶ
478 1377 560 1438 τῆς
593 1376 695 1440 γῆς·
749 1373 1044 1440 προσελάλει
1083 1372 1176 1439 γὰρ
1208 1377 1304 1426 τοῖς
1342 1371 1659 1438 ἀρχαιοτεροις
1721 1386 1880 1417 Heb.i.1.

76 1457 151 1506 καὶ
189 1455 339 1507 πάλαι
377 1454 451 1506 διὰ
489 1461 582 1506 τῶν
621 1460 882 1524 προφητῶν
916 1458 977 1510 ὡς
1003 1454 1139 1517 Θεὸς,
1165 1455 1275 1504 ἀλλ’
1317 1457 1379 1507 εἷς
1420 1454 1540 1517 ἡμᾶς
1582 1455 1658 1503 καὶ

75 1561 179 1604 περι
221 1538 352 1602 ἡμῶν
393 1537 580 1604 ἐλεγετο
621 1545 648 1567 “
671 1538 765 1588 Καὶ
803 1538 992 1588 ἔσονται
1030 1535 1200 1590 πάντες
1241 1537 1446 1587 διδακτοὶ
1483 1539 1624 1586 Θεοῦ.
1631 1535 1654 1550 ”
1676 1549 1698 1573 a
1735 1539 1816 1573 881
1832 1538 1882 1573 Α·

76 1620 185 1683 ἡμῖν
210 1618 304 1686 γὰρ
330 1625 426 1674 τοῖς
450 1644 513 1674 εις
537 1619 681 1671 αὐτὸν
706 1619 1040 1682 πιστεύσασιν,
1063 1619 1149 1686 οὐχ
1175 1617 1328 1684 ετερός
1353 1641 1422 1671 τις
1448 1624 1659 1680 μεσολα-
1721 1599 1833 1679 ῗπῃᾞ

76 1701 235 1765 βήσας
261 1702 344 1753 τὸν
375 1704 484 1768 παρ’
514 1703 656 1753 αὐτοῦ
684 1700 1020 1768 διεπόρθμευσε
1057 1700 1220 1766 λόγον,
1247 1699 1358 1750 ἀλλ’
1387 1699 1490 1750 οὐδε
1516 1700 1653 1762 μεσί-

9 1810 58 1835 20
76 1806 158 1847 της
185 1784 350 1850 γε’γονε
376 1789 470 1835 τῶν
493 1782 775 1848 θελημάτων
800 1784 942 1834 αὐτοῦ
967 1782 1086 1848 πρὸς
1111 1783 1245 1846 ἡμᾶς,
1266 1780 1477 1847 καθάπερ
1498 1781 1659 1843 ἀμέλει

79 1869 297 1929 Μωυσῆς
331 1871 427 1919 τοῖς
462 1866 518 1934 ἐξ
547 1865 749 1931 Ἰσραὴλ
787 1867 836 1915 ἐν
871 1869 937 1934 τῷ
973 1863 1068 1930 ὅρει
1111 1868 1241 1925 Σινᾶ,
1279 1863 1425 1929 ἤγουν
1464 1866 1506 1913 οἱ
1541 1862 1659 1925 μετὰ

79 1948 295 1998 Μωυσέα
331 1951 573 2015 προφῆται
611 1952 706 2000 τοῖς
746 1948 842 1997 κατ’
873 1945 1053 2008 αὐτοῦς,
1081 1945 1192 1996 ἀλλ’
1230 1944 1368 1998 αὐτὸς
1406 1945 1527 2008 ἡμᾶς
1562 1946 1653 1995 ἐδί-

77 2029 218 2098 δαξεν
245 2030 269 2078 ὁ
295 2028 523 2094 Χριστός.
577 2031 780 2080 διδακτοὶ
807 2027 855 2078 δὲ
883 2031 1009 2078 Θεοῦ
1041 2026 1116 2078 διὰ
1148 2032 1285 2078 τοῦτο
1311 2025 1483 2080 πάντες
1509 2027 1652 2090 ἡμεῖς.

77 2112 160 2162 οὑκ
195 2109 252 2162 ἂν
279 2111 359 2161 οῦν
386 2110 509 2164 ὅλως
544 2111 685 2161 αὑτοῦ
719 2109 978 2175 γεγόναμεν
1005 2108 1215 2177 μαθηταὶ,
1242 2109 1324 2159 οὐκ
1356 2106 1413 2158 ἂν
1445 2109 1659 2171 ε’τεκομεν

8 2217 58 2256 25
77 2193 160 2245 τὸν
189 2195 272 2257 τῆς
298 2192 542 2262 φιλοθεΐας
584 2215 750 2260 καρπον
785 2214 860 2242 και
895 2197 1062 2242 τοῦτον
1100 2190 1251 2252 πολὺν,
1279 2194 1317 2240 εἰ
1354 2189 1419 2254 μὴ
1451 2188 1657 2259 ἐδοξάσθη
1676 2195 1702 2234 b

77 2276 132 2324 δι’
161 2273 443 2340 ημερότητος
472 2280 489 2326 ὁ
518 2272 683 2341 Harum,
711 2273 1017 2338 εὐδοκήσας’
995 2296 1044 2323 εν
1069 2296 1190 2336 ημιν,
1219 2274 1279 2325 ὡς
1306 2295 1380 2322 και
1408 2272 1658 2338 ἄνθρωπον

77 2350 298 2421 γενεσθαι
323 2379 405 2407 τον
430 2357 479 2406 ἐκ
505 2359 588 2420 τῆς
614 2356 779 2408 οὐσίας
812 2356 955 2405 αὐτοῦ
986 2353 1283 2420 προελθόντα
1310 2353 1486 2419 Λόγον.
1543 2353 1652 2418 νοή-

77 2461 226 2500 σομεν
259 2461 349 2503 γαρ
384 2438 542 2499 οὕτως,
569 2437 644 2488 ὅτε
671 2435 907 2502 λεγουσης
935 2436 1163 2498 ἀκούομεν
1191 2439 1272 2499 τῆς
1308 2437 1432 2488 θείας
1467 2438 1657 2502 γραφης

78 2518 148 2570 ὅτι
175 2518 340 2569 δέδωκε
368 2518 450 2569 τὸν
466 2519 581 2569 ἰ”διον
598 2517 729 2569 Υἱόν.
772 2516 1088 2581 συνευδόκησε
1116 2517 1209 2582 γὰρ
1235 2523 1374 2568 τοῦτο
1400 2519 1466 2586 τῷ
1491 2521 1657 2567 παθεῖν

8 2624 58 2660 30
79 2599 192 2665 ὑπὲρ
231 2600 362 2663 ἡμῶν
401 2599 619 2669 ἑλομένῳ,
648 2601 722 2650 καὶ
760 2597 836 2649 διὰ
873 2604 1012 2649 τοῦτο
1050 2603 1124 2649 καὶ
1164 2598 1407 2649 δεδωκέναι
1447 2598 1652 2664 λέγεται,

78 2683 152 2732 καὶ
179 2680 309 2745 μάλα
337 2680 537 2734 εἰκότως.

761 2779 813 2802 10.
831 2767 926 2812 κερέα
945 2768 985 2801 Ε.
