2022 3272
89 126 259 171 xiv.20.
337 127 404 167 IN
448 127 490 167 S.
524 125 864 166 JOANNEM.
927 125 1053 165 LIB.
1087 125 1165 165 IX.
1229 125 1363 166 CAP.
1399 125 1433 166 I.
1596 124 1680 165 (1⁴77

90 236 286 302 γενητὸν
325 237 400 287 καὶ
438 234 601 300 μόναις
639 234 724 298 μὲν
763 239 864 288 ταῖς
907 233 1027 285 κατὰ
1067 238 1162 284 τῶν
1201 234 1368 284 ἄλλων
1408 230 1681 296 κτισμάτων
1701 239 1726 279 d

91 320 340 386 ὑπεροχαῖς
367 317 645 382 τιμώμενον,
675 317 766 385 ε”ξω
799 315 948 382 γεμὴν
974 319 1056 379 τῆς
1091 317 1255 370 οὐσίας
1291 315 1564 383 ὑπάρχοντα
1599 320 1683 366 τοῦ

91 405 216 451 Θεοῦ
243 402 318 451 καὶ
347 397 537 466 Πατρὸς
562 401 804 466 ἀποφῆναι
831 397 914 449 τὸν
944 400 1212 463 Μονογενῆ.

166 486 370 549 Μακροῦ
397 481 445 533 δὲ
472 482 582 545 ἡμῖν
606 480 695 545 ἤδη
730 483 837 547 περὶ
872 480 1039 531 τούτου
1075 480 1325 546 γεγονότος
1352 479 1517 546 λόγου,
1547 479 1601 529 δι’
1630 479 1684 529 οὗ

48 563 211 617 5κατά
254 588 309 631 γε
356 562 442 628 τὴν
480 566 681 614 ἐνοῦσαν
719 564 830 627 ἡμῖν
868 563 1157 626 ἐδεικνύομεν
1196 562 1405 625 δύναμιν,
1448 561 1519 612 ὅτι
1565 561 1685 612 κατὰ

91 647 241 716 φύσιν
271 648 401 698 ἐστὶν
433 647 458 697 ὁ
490 646 604 700 Υἱὸς
642 647 691 696 ἐν
725 650 791 715 τῷ
827 647 995 712 Πατρὶ,
1023 648 1099 696 καὶ
1137 645 1344 709 οὑσιώδη
1381 645 1500 710 πρὸς
1539 642 1681 694 αὐτὸν

92 729 185 797 ἔχει
219 728 306 793 τὴν
331 728 513 790 ἕνωσιν,
541 727 822 794 παρήσομεν
847 727 916 778 ἔτι
950 725 1004 778 τὸ
1041 729 1146 794 περὶ
1181 727 1349 778 τούτου
1383 729 1497 780 τέως
1535 729 1596 779 εἷς
1631 725 1685 776 τὸ

92 810 245 878 παρὸν
271 812 597 862 διατείνεσθαι.
651 809 782 874 πλὴν
808 811 894 877 οὐχ
921 809 1198 876 ὁλοκλήρως
1230 808 1547 877 ἐπιτρέψομεν
1574 807 1680 874 ἐρή-

92 917 186 958 μην
218 891 381 960 ὥσπερ
421 896 736 958 καταδραμεῖν
765 897 848 943 τοῦ
888 890 1038 957 λόγου
1076 891 1184 945 τοὺς
1223 892 1279 942 δι’
1309 892 1531 953 ἐναντίας,
1559 892 1685 941 ἀντι-

28 995 74 1021 10
92 974 464 1044 παραταξόμεθα
503 973 552 1024 δὲ
592 975 647 1024 δι’
689 975 881 1040 ὀλίγων,
922 976 985 1028 ὡς
1030 973 1127 1026 οἶόν
1165 997 1215 1025 τε
1255 973 1725 1040 κεκακουργημένονο

94 1058 193 1122 ἅμα
245 1060 321 1108 καὶ
370 1056 546 1121 ἀμαθὲς
608 1056 952 1124 ἀποφαίνοντες
1007 1059 1088 1120 τῆς
1145 1057 1371 1122 πονηρίας
1427 1056 1582 1106 αὐτῶν
1631 1054 1686 1106 τὸ

95 1139 314 1206 μυσαρὸν
346 1139 687 1207 φιλοτέχνημα,
715 1140 790 1189 καὶ
827 1137 883 1202 δὴ
919 1140 994 1190 καὶ
1032 1141 1225 1205 ἐροῦμεν
1254 1142 1313 1188 Εἰ
1349 1137 1424 1189 διὰ
1458 1136 1604 1203 μόνον
1630 1137 1686 1188 τὸ

97 1225 378 1289 ἀγαπᾶσθαι
417 1223 492 1272 καὶ
531 1223 722 1287 ἀγαπᾶν
757 1222 781 1271 ὁ
812 1220 928 1274 Υἱὸς
963 1220 1117 1272 ε”νεστι
1151 1224 1218 1290 τῷ
1248 1223 1418 1286 Πατρῖ,
1452 1219 1571 1271 κατὰ
1605 1219 1688 1271 τὸν

98 1304 239 1355 αὑτὸν
262 1310 429 1356 τοῦτον
455 1302 604 1369 λόγον
631 1304 759 1368 ἡμεῖς
786 1326 835 1354 τε
861 1304 910 1354 ἐν
936 1304 1062 1373 αὐτῷ
1094 1305 1169 1354 καὶ
1204 1302 1342 1356 αὐτὸς
1378 1305 1426 1354 ἐν
1454 1303 1582 1366 ἡμῖν,
1612 1304 1688 1353 καὶ

34 1405 78 1443 15
101 1386 274 1449 δεσμὸς
305 1385 389 1450 μὲν
415 1387 561 1440 οὐδεὶς
596 1386 853 1437 συνάπτων
879 1386 1041 1453 ὁρᾶται
1076 1386 1243 1452 ἕτερος,
1268 1383 1296 1450 ἢ
1328 1389 1395 1455 τῷ
1424 1387 1580 1451 Πατρὶ
1606 1384 1690 1435 τὸν

100 1468 232 1532 Υὶὸν,
271 1468 418 1535 ἤγουν
458 1469 578 1533 ἡμᾶς
618 1468 743 1538 αὐτῷ
781 1470 856 1519 καὶ
896 1466 1039 1520 αὐτὸν
1076 1468 1202 1532 ἡμῖν·
1256 1472 1358 1522 πῶς
1395 1467 1424 1533 ἢ
1464 1466 1542 1518 διὰ
1586 1467 1691 1518 τίνα

100 1550 293 1617 τρόπον,
320 1550 422 1603 εἶπέ
451 1574 545 1614 μοι,
570 1552 736 1619 φησὶν,
763 1553 825 1605 ὡς
852 1552 889 1603 ἐν
915 1552 1046 1625 ἐκείνῃ
1083 1552 1136 1622 τῇ
1169 1548 1308 1621 ἡμέρᾳ
1340 1549 1612 1617 γνωσόμεθα
1636 1547 1691 1600 τὸ

101 1636 206 1700 περὶ
232 1634 400 1685 τούτου
425 1633 716 1699 μυστήριον;
757 1635 887 1685 οὔπω
913 1633 1007 1700 γὰρ
1033 1632 1154 1685 κατὰ
1178 1633 1233 1684 τὸ
1260 1632 1380 1687 εἰκὸς
1405 1633 1690 1699 ἐγνώκαμεν,

103 1716 173 1767 ὅτι
206 1719 231 1767 ὁ
266 1716 435 1783 Πατὴρ
472 1714 555 1780 μὲν
581 1714 664 1767 τὸν
689 1715 807 1766 Υἱὸν
833 1718 1011 1785 ἀγαπᾷ,
1039 1717 1203 1785 ἀγαπᾷ
1239 1714 1287 1767 δὲ
1323 1717 1398 1767 καὶ
1434 1714 1574 1769 αὐτὸς
1608 1713 1731 1766 τὸνε.
1772 1732 1848 1768 817
1863 1730 1915 1767 Α.

35 1816 84 1841 20
108 1799 315 1865 Πατέρα·
370 1798 481 1850 ἀλλ’
523 1799 620 1849 οὐδ’
662 1798 801 1859 ἰ’σμεν
839 1821 914 1850 πω
955 1798 1079 1866 τάχα
1118 1797 1179 1848 τὰ
1218 1799 1324 1849 καθ’
1365 1796 1569 1860 ἑαυτοὺς,
1609 1803 1691 1848 λο-

103 1880 278 1947 γισμὸς
313 1881 363 1931 δὲ
398 1882 518 1945 ἡμᾶς
554 1879 776 1945 διαπαίζει
812 1879 942 1934 κενὸς
976 1882 1212 1943 οἰομένους
1247 1879 1318 1931 ὅτι
1353 1879 1576 1945 ἠγάπησε
1605 1878 1692 1943 μὲν

103 1965 224 2027 ἡμᾶς
252 1965 276 2014 ὁ
303 1962 433 2021 Υἱὸς,
462 1965 538 2014 καὶ
573 1963 648 2013 διὰ
685 1969 824 2013 τοῦτο
856 1967 922 2032 τῷ
951 1966 1106 2030 Πατρὶ
1132 1962 1469 2027 κατεκτήσατο,
1496 1961 1688 2028 ἠγαπή-

104 2069 259 2109 σαμεν
285 2044 334 2097 δὲ
361 2048 435 2096 καὶ
462 2045 591 2108 ἡμεῖς
616 2044 775 2096 αὐτόν.
828 2044 984 2110 λε’γων
1008 2043 1101 2111 γὰρ
1128 2043 1182 2095 τό
1206 2049 1277 2096 Ἐν
1303 2046 1435 2118 ἐκείνῃ
1472 2046 1523 2116 τῇ
1556 2041 1691 2115 ἡμέρᾳ

102 2127 332 2194 γνώσεσθε,
361 2129 490 2179 οὔπω
528 2125 742 2193 παρόντα
780 2126 972 2178 δεικνύει
1007 2126 1089 2178 τὸν
1124 2129 1207 2191 τῆς
1242 2127 1464 2191 εἷδήσεως
1495 2125 1686 2194 χρόνον·

36 2221 82 2259 25
105 2208 202 2261 εἶτα
236 2212 285 2261 τί
315 2209 468 2274 μάτην
495 2210 616 2274 ἡμᾶς
647 2209 918 2260 κατεκτύπει
944 2210 1100 2276 λέγων
1126 2211 1151 2260 ὁ
1182 2208 1356 2276 Κύριος
1385 2216 1411 2238 “
1430 2211 1492 2260 ‘O
1520 2207 1689 2276 Πατὴρ
1752 2215 1858 2289 ΞΞΨΥΞῘ

106 2299 132 2365 ιε
157 2294 323 2362 ἀγαπᾷ
348 2292 429 2344 τὸν
454 2291 572 2343 Υἱόν
591 2290 632 2353 ;”
666 2291 737 2343 ὅτι
763 2290 857 2358 γὰρ
883 2293 958 2342 καὶ
992 2290 1131 2346 αὐτὸς
1166 2293 1331 2360 ἀγαπᾷ
1364 2291 1446 2342 τὸν
1473 2291 1685 2358 Πατέρα,
1790 2269 1868 2298 ’ὣ

105 2375 174 2428 τίς
200 2376 283 2425 οὐκ
308 2377 427 2441 ἐρεῖς
470 2379 570 2428 πῶς
605 2374 654 2426 δὲ
683 2373 785 2426 εἶπέ
809 2397 888 2438 μοι
923 2376 998 2425 καὶ
1032 2377 1116 2438 τῆς
1153 2378 1215 2428 εἷς
1249 2374 1368 2438 ἡμᾶς
1405 2373 1691 2439 ἀγαπήσεως

106 2456 346 2524 ἀπόδειξιν
383 2459 578 2508 ἐποιεῖτο
622 2459 761 2524 σαφῆ
812 2456 866 2507 τὸ
918 2456 1110 2508 ἑλέσθαι
1154 2460 1321 2508 παθεῖν
1361 2455 1478 2521 ὑπὲρ
1520 2457 1651 2519 ἡμῶν
1673 2478 1685 2518 ;
1709 2469 1735 2508 b

107 2546 134 2568 ‘⁶
163 2538 321 2604 Μείζω
357 2537 462 2604 γὰρ,
490 2541 627 2607 φησὶ,
653 2538 825 2602 ταύτης
858 2541 941 2602 τῆς
979 2541 1168 2605 ἀγαπῆς
1202 2539 1348 2591 οὐδεὶς
1381 2539 1487 2605 ἔχει,
1514 2539 1588 2588 ἵνα
1622 2561 1691 2592 τις
1752 2542 1858 2625 {gfff}

37 2638 86 2674 30
108 2628 133 2650 ‘⁶
160 2619 246 2685 τὴν
272 2619 437 2689 ψυχὴν
464 2621 606 2671 αὐτοῦ
641 2625 701 2688 θῇ
737 2620 850 2686 ὑπὲρ
884 2625 978 2672 τῶν
1005 2622 1164 2688 φίλων
1191 2620 1377 2671 αὑτοῦ.”
1419 2621 1467 2671 τί
1498 2620 1545 2671 δὲ
1579 2621 1688 2687 παρ’
1799 2610 1806 2616 ”
1864 2608 1871 2616 ’

107 2703 238 2767 ἡμῶν
276 2701 362 2766 τὴν
400 2706 461 2756 εἰς
500 2701 665 2752 ἑαυτὸν
703 2701 894 2768 ἀγάπην
932 2702 1076 2769 ἐζήτει
1120 2706 1307 2771 σαφῶς,
1346 2701 1422 2752 διά
1461 2724 1511 2753 τε
1553 2708 1692 2753 τοῦτο

107 2791 323 2852 πληροῦν
349 2785 616 2850 ἐπείγεσθαι
652 2782 712 2834 τὰ
749 2787 976 2834 δοκοῦντα
1014 2785 1170 2853 adv-<533
1216 2783 1357 2850 ὁγὰρ
1383 2785 1583 2848 ἀγαπῶν
1610 2806 1688 2847 με,

287 2940 342 2975 27.
369 2930 570 2975 ἀγαπήσεως
588 2936 809 2976 assumptum
828 2942 869 2964 ex
889 2930 929 2965 E.
949 2930 1079 2975 ἀγάπης
1097 2929 1242 2975 conjecit
1260 2929 1295 2964 in
1314 2930 1406 2964 notis
1425 2929 1517 2963 Aub.
