2001 3261
290 110 372 150 156
693 113 742 153 B.
775 113 1054 154 CYRILLI
1096 115 1476 156 ALEXANDR.
1707 115 1763 156 ix.
1782 115 1820 164 6,
1840 126 1878 167 7.

290 222 481 284 πρῶτον
516 219 601 283 μὲν
640 220 711 271 ὅτι
753 222 1076 290 παρατρέχων,
1117 226 1192 274 καὶ
1237 224 1291 274 τὸ
1332 224 1463 291 παρὰ
1507 228 1602 278 τοῖς
1640 223 1881 277 Ἰουδαίοις

246 311 273 351 d
292 301 426 369 ἀφεὶς
462 301 598 368 ἱερὸν,
626 304 714 372 ὁρᾷ
748 302 832 355 τὸν
863 304 1065 373 τυφλὸν,
1092 303 1192 356 εἶτα
1230 305 1382 376 τούτῳ
1418 308 1601 357 κάκεῖνο
1635 305 1881 374 χρησίμως

289 383 559 447 ἐποίσομεν,
587 386 649 438 ὡς
675 386 1024 451 παρακλήσεως
1051 387 1174 454 δίχα,
1202 390 1278 438 καὶ
1305 387 1491 441 οὐδενὸς
1518 389 1882 454 ἐκλιπαροῦντος

289 464 446 528 αὐτὸν,
474 467 743 535 ε’θελουργῷ
780 468 827 519 δὲ
864 473 1056 531 μᾶλλον
1083 472 1158 520 καὶ
1184 470 1541 539 αὐτοκελεύστῳ
1567 472 1691 538 ῥοπῇ
1718 467 1878 536 πρόσ-

290 570 410 598 εισιν
455 549 480 598 ὁ
532 548 702 615 Σωτὴρ
752 551 827 601 ἐπὶ
877 550 931 601 τὸ
984 551 1141 602 θέλειν
1187 552 1421 604 ἰάσασθαι
1472 552 1555 604 τὸν
1606 552 1876 618 ἄνθρωπον,
1899 568 1921 605 5

289 634 487 694 σημεῖον
526 630 690 697 ὥσπερ
733 634 808 682 καὶ
852 639 992 684 τοῦτο
1033 637 1176 688 τιθεὶς
1219 637 1281 688 ὡς
1322 636 1535 697 οὐδεμιᾶς
1575 636 1625 685 ἐκ
1663 637 1744 697 τῆς
1785 637 1881 684 τῶν

289 713 435 763 ἐθνῶν
485 714 699 777 πληθύος
750 714 1102 781 παρακλήσεως
1157 717 1486 783 γεγενημένης·
1552 715 1725 770 πάντες
1785 714 1879 782 γὰρ

288 791 415 857 ἦσαν
441 795 489 845 ἐν
514 798 572 862 τῇ
599 794 778 864 πλάνῃ·
825 796 946 851 Θεὸς
979 796 1206 866 ὑπάρχων
1233 800 1308 849 καὶ
1343 797 1518 865 ἀγαθὸς
1553 796 1673 849 κατὰ
1709 797 1877 865 φύσιν,

289 875 578 941 αὐτόκλητος
625 876 788 945 ὥσπερ
835 881 908 930 ἐπὶ
954 879 1036 931 τὸν
1075 881 1143 932 ἐπ’
1185 882 1341 934 αὐτοῖς
1379 880 1518 932 ἔλεον
1556 879 1877 946 παρελήλυθε.

289 962 389 1011 πῶς
425 958 519 1025 γὰρ
553 957 611 1010 ἂν
639 960 761 1013 ὅλως
798 960 826 1025 ἦ
863 962 982 1012 κατὰ
1018 962 1122 1013 τίνα
1155 962 1334 1029 τρόπον
1361 963 1564 1032 ἔξῄτησε
1598 961 1727 1029 παρὰ
1754 965 1879 1013 Θεοῦ
1903 985 1951 1011 10

249 1039 373 1091 Θτὸν
417 1040 549 1091 ἐ’λεον
596 1042 620 1091 ὁ
666 1042 907 1110 πολύχους
952 1048 1047 1094 τῶν
1088 1044 1343 1109 εΕλλήνων
1387 1044 1597 1112 ἀριθμὸς,
1638 1044 1740 1109 η’τοι
1786 1048 1880 1094 τῶν

288 1125 449 1184 ἐθνῶν,
468 1125 774 1190 ἀσυγκρίτοις
800 1127 1019 1188 ἀμαθίαις
1047 1127 1472 1194 κατακεχωσμένον
1499 1128 1619 1195 ἔχων
1639 1127 1721 1178 τὸν
1748 1132 1876 1190 νοῦν,

288 1206 350 1258 ὡς
401 1204 624 1270 μηδόλως
670 1207 786 1273 ὁρᾶν
829 1207 1062 1259 δύνασθαι
1113 1208 1196 1260 τὸν
1241 1209 1521 1278 φωτιστήν;
1581 1208 1745 1277 ὥσπερ
1796 1209 1880 1260 οὖν

287 1287 448 1350 ἀμέλει
488 1291 563 1339 καὶ
602 1290 627 1339 ὁ
667 1291 1058 1356 τεθεραπευμένος
1097 1291 1281 1360 τυφλὸς
1320 1294 1402 1343 οὐκ
1441 1291 1534 1344 οἶδε
1564 1292 1647 1344 τὸν
1669 1293 1875 1357 Ἰησοῦν,

287 1371 403 1439 ἐλέῳ
442 1370 491 1421 δὲ
530 1373 605 1421 καὶ
647 1374 984 1442 φιλανθρωπίᾳ
1018 1372 1073 1424 τὸ
1106 1375 1215 1440 παρ’
1245 1376 1415 1426 ἐλπίδα
1451 1376 1688 1441 κερδαίνει·
1737 1373 1762 1425 ὅ
1801 1375 1877 1425 καὶ
1900 1397 1948 1436 15

286 1456 382 1505 τοῖς
419 1452 603 1503 ἔθνεσιν
631 1452 849 1521 ὑπήρχθη
885 1454 960 1505 διὰ
987 1459 1222 1522 Χριστοῦ.
1279 1459 1327 1507 ἐν
1360 1456 1597 1526 σαββάτῳ
1639 1455 1786 1522 γεμὴν
1817 1455 1877 1506 τὰ

285 1536 367 1597 τῆς
407 1536 655 1601 θεραπείας
694 1541 909 1599 τελεῖται,
941 1537 1090 1588 τύπον
1126 1538 1236 1601 ἡμῖν
1266 1540 1314 1589 ἐν
1345 1538 1526 1593 τούτοις
1567 1541 1877 1604 ἀποπληροῦν

286 1617 538 1684 ἰσχύοντος
577 1623 660 1668 τοῦ
698 1618 954 1680 σαββάτου
992 1625 1075 1670 τοῦ
1114 1622 1382 1672 τελευταίου
1422 1627 1584 1687 καιροῦ
1622 1627 1705 1672 τοῦ
1749 1643 1872 1687 παρ-

285 1698 420 1752 όντος
465 1703 645 1762 αἰῶνος,
686 1701 792 1751 καθ’
835 1699 888 1752 ’ὸν
929 1706 1025 1755 τοῖς
1070 1702 1254 1753 ἔθνεσιν
1292 1702 1574 1773 ἐπέλαμψεν
1618 1705 1642 1754 ὁ
1690 1702 1874 1770 Σωτήρ·

64 1794 153 1829 602
165 1794 216 1829 A.
247 1779 423 1835 ατὲλος
460 1780 546 1845 μὲν
577 1781 671 1848 γὰρ
709 1781 970 1847 ἑβδομάδος
1003 1783 1057 1835 τὸ
1093 1783 1360 1848 σάββατον,
1388 1785 1691 1850 ἐπιδεδήμηκε
1723 1782 1770 1835 δὲ
1801 1786 1877 1835 καὶ
1898 1809 1948 1836 20

62 2029 118 2062 Ps.
137 2031 200 2062 ciii.

67 2083 116 2113 24.

286 1863 499 1931 ἐπεφάνη
538 1869 689 1916 πᾶσιν
728 1866 838 1929 ἡμῖν
876 1867 901 1916 ὁ
942 1866 1222 1932 Μονογενὴς
1261 1869 1309 1918 ἐν
1343 1868 1525 1936 ἐσχάτῃ
1564 1866 1676 1936 ὥρᾳ,
1715 1869 1791 1918 καὶ
1830 1868 1879 1918 ἐν

285 1946 569 2000 τελευταίοις
607 1952 691 1998 τοῦ
729 1952 895 2001 αἰῶνος
938 1953 1127 2014 καιροῖς.
1180 1949 1312 2000 ἀλλὰ
1351 1952 1428 2000 καὶ
1466 1949 1548 2001 τὸν
1586 1952 1669 2014 τῆς
1709 1948 1880 2004 ἰάσεως

285 2026 462 2093 τρόπον
493 2029 628 2098 ἄξιον
663 2028 809 2083 ὅντως
848 2030 1207 2095 ἀποτεθηπότας
1246 2035 1389 2083 εἰπεῖν
1415 2039 1440 2061 “
1461 2033 1545 2086 εΩς
1581 2029 1878 2098 ἐμεγαλύνθη

286 2117 313 2140 “
338 2109 398 2161 τὰ
425 2111 541 2176 ἔργα
566 2135 657 2162 σου
687 2111 844 2178 Κύριε,
870 2112 1026 2163 πάντα
1052 2115 1100 2164 ἐν
1126 2114 1278 2183 σοφίᾳ
1303 2114 1577 2179 ἐποίησας.”

359 2195 460 2242 Τοῦ
488 2192 582 2258 γὰρ
608 2191 761 2259 χάριν,
788 2195 883 2259 ἐρεῖ
904 2217 972 2247 τις
998 2192 1156 2261 τυχὸν,
1184 2197 1333 2246 καίτοι
1360 2196 1492 2265 λόγῳ
1517 2194 1673 2247 πάντα
1700 2219 1873 2263 κατορ-
1897 2214 1946 2254 25

287 2277 400 2324 θοῦν
427 2273 630 2328 εὐκόλως
667 2272 934 2339 δυνάμενος,
961 2275 1189 2344 ἀναφύρει
1223 2275 1309 2341 μὲν
1334 2278 1473 2338 πηλὶν
1498 2277 1593 2329 ἀπὸ
1628 2280 1699 2329 τοῦ
1724 2277 1872 2330 πτύσ-

332 2418 365 2452 3.
393 2407 584 2452 ἐποίσωμεν
601 2420 631 2443 c.
696 2409 839 2453 μηδενὸς
857 2421 887 2444 c.
994 2423 1027 2452 4.
1052 2411 1212 2454 πρόεισιν
1229 2423 1259 2445 c.
1368 2420 1402 2457 5.
1429 2411 1545 2447 ἷάσθαι
1565 2424 1595 2446 c.
1707 2412 1739 2455 6,
1760 2421 1790 2457 7.
1817 2415 1875 2457 τῆς

285 2460 319 2488 et
335 2453 487 2497 πληθύος
504 2460 686 2499 assumpta
703 2468 744 2489 ex
764 2468 793 2489 a.
814 2456 943 2490 desunt
960 2457 995 2490 in
1015 2468 1044 2491 c.
1189 2458 1222 2492 8.
1248 2460 1288 2501 τῇ
1307 2469 1377 2492 orn.
1396 2470 1461 2493 a.c.
1481 2458 1587 2493 Cord.
1677 2460 1730 2493 καὶ
1748 2460 1875 2505 ἀγαθὸς

285 2502 369 2535 κατὰ
386 2500 496 2546 φύσιν
511 2501 552 2536 Β.
570 2502 696 2547 ἀγαθὸς
714 2503 767 2536 καὶ
785 2503 866 2536 κατὰ
884 2502 993 2547 φύσιν
1009 2503 1136 2548 ἀγαθὸς
1156 2504 1218 2538 Ht.
1236 2504 1301 2539 Ed.
1353 2505 1420 2539 Pro
1439 2505 1692 2550 Θεὸς-φύσιν,
1708 2506 1875 2541 exhibent

284 2547 411 2592 ἀγαθὸς
434 2548 479 2582 ὢν
502 2549 585 2582 κατὰ
610 2549 720 2593 φύσιν
736 2561 779 2592 a.,
797 2550 923 2594 ἀγαθὸς
943 2549 997 2595 [δὲ
1023 2550 1120 2584 addit
1145 2550 1273 2596 Cord.]
1295 2553 1377 2585 κατὰ
1399 2551 1509 2596 φύσιν
1525 2553 1686 2598 ὑπάρχων
1706 2551 1741 2597 [ὁ
1762 2552 1876 2597 κύριος

285 2594 382 2628 addit
402 2594 528 2640 C01·d.]
548 2607 578 2629 c.
600 2595 707 2630 Cord.
842 2608 875 2641 9.
902 2597 953 2630 ἐπ’
972 2597 1093 2632 αὐτοὺς
1109 2610 1139 2631 a.
1158 2598 1271 2633 αὐτοῖς
1289 2610 1317 2633 c.
1338 2597 1444 2633 Cord.
1585 2610 1637 2633 10.
1664 2599 1809 2643 ἐξῄτησε
1830 2600 1873 2634 Β.

287 2641 351 2675 Ht.
371 2640 512 2684 ἐζήτησε
532 2654 549 2676 e
568 2641 645 2675 Cat.
664 2648 703 2676 ut
722 2641 791 2676 vid.
812 2643 905 2677 Aub.
925 2650 958 2677 et
975 2644 1022 2677 ita
1039 2656 1067 2678 a.
1227 2655 1280 2678 12.
1306 2645 1480 2691 ἀμαθίαις]
1499 2645 1654 2689 ἀθυμίαις
1674 2646 1751 2680 Cat.
1773 2645 1872 2681 Harl.

285 2693 372 2721 teste
391 2688 484 2721 Aub.
587 2700 638 2731 14.
658 2686 727 2722 οἶδε
748 2689 789 2722 Β.
808 2686 875 2723 εἶδε
898 2690 960 2724 Ht.
980 2690 1047 2725 Ed.
1066 2702 1096 2725 c.
1117 2690 1224 2725 Cord.
1242 2697 1274 2725 et
1291 2693 1324 2736 (e
1342 2692 1412 2735 sil.)
1429 2704 1459 2726 a.
1561 2702 1613 2738 15.
1632 2691 1815 2737 κερδαίνειν
1830 2693 1872 2728 Β.

289 2734 341 2766 16.
371 2733 527 2779 ὑπῆρχθη
549 2735 624 2769 B.a.
644 2734 777 2780 ὑπήχθη
800 2736 861 2770 Ht.
883 2737 949 2770 Ed.
1079 2747 1131 2782 17.
1160 2738 1362 2772 ἐπιτελεῖται
1381 2750 1410 2773 c.
1432 2738 1538 2773 Cord.
1602 2739 1810 2782 ἀποπληρῶν
1828 2739 1871 2774 Β.

285 2780 491 2825 ὑποπληρῶν
512 2781 574 2815 Ht.
592 2781 814 2826 ἀποπληροῦν
831 2795 848 2816 e
868 2783 944 2817 Cat.
968 2783 1067 2817 Harl.
1086 2790 1125 2818 ut
1142 2784 1213 2818 vid.
1234 2784 1328 2819 Aub.
1483 2796 1538 2819 20.
1563 2786 1629 2830 γὰρ
1648 2792 1870 2830 assumptum

284 2837 325 2858 ex
344 2839 375 2859 a.
501 2838 556 2861 21.
583 2828 778 2873 ἐπεπεφάνη
801 2829 841 2863 Β.
860 2830 1058 2864 emendavit
1079 2830 1143 2864 Ht.
1164 2830 1293 2866 desunt
1309 2831 1415 2867 verba
1431 2832 1496 2866 tria
1513 2832 1549 2865 in
1568 2843 1598 2865 a.
1729 2840 1784 2873 25.
1811 2834 1872 2866 τοῦ

284 2872 350 2915 γὰρ
368 2871 406 2914 ἧν
424 2874 476 2906 καὶ
493 2875 593 2918 χάριν
614 2875 652 2909 Β.
672 2875 870 2910 emendavit
892 2876 955 2911 Ht.
974 2876 1062 2912 τίνος
1079 2878 1144 2922 γὰρ
1162 2878 1262 2923 χάριν
1279 2890 1309 2912 a.
1490 2877 1545 2912 26.
1570 2878 1808 2922 βαπτίσματος
1827 2878 1869 2913 Β.

284 2918 481 2962 πτύσματος
499 2921 695 2955 emendavit
717 2921 777 2955 Ht.
