2037 3266
341 143 423 184 732
743 142 793 183 B.
828 142 1103 184 CYRILLI
1144 142 1528 191 ALEXANDR.
1644 142 1743 183 xvii.
1767 153 1919 192 20,21.

338 250 460 318 χιάις
487 255 548 306 εἱς
574 250 768 316 ἑνότητα
792 251 1079 319 συνδρομήν.
1135 255 1211 303 καὶ
1238 253 1291 303 οὐ
1318 252 1467 316 δήπου
1490 251 1678 306 πάντως
1704 255 1913 320 φιλονει-

299 359 321 385 ο
341 332 475 397 κήσει
509 335 592 397 τῆς
627 335 674 384 ἐν
699 333 809 397 ἡμῖν
835 333 1021 399 ἀγάπης
1056 334 1080 384 ὁ
1114 333 1384 397 σύνδεσμος
1418 335 1493 384 καὶ
1528 336 1609 398 τῆς
1644 334 1858 398 ὁμονοίας
1890 333 1918 396 ἡ
2032 334 2037 422 ᾗ

340 415 532 478 δύναμις
576 419 638 470 εἷς
681 414 736 467 τὸ
781 417 928 470 οὕτως
970 415 1091 483 ἔχειν
1129 417 1525 482 ἀπαραλλάκτως,
1565 418 1627 470 ὡς
1672 414 1730 466 ἂν
1767 413 1855 466 εἷεν
1893 415 1919 464 ὃ
2034 435 2037 454 1

340 496 510 563 Πατήρ
544 520 595 548 τε
629 499 704 548 καὶ
740 498 764 548 ὁ
795 496 921 560 Υἱὸς,
948 498 996 548 ἐν
1031 501 1088 564 τῇ
1121 500 1205 561 τῆς
1238 498 1402 551 οὐσίας
1436 497 1685 562 ταυτότητι
1723 498 1805 549 τὸν
1835 501 1920 562 τῆς
2033 459 2037 542 Ι

336 578 551 643 ἑνότητος
578 579 903 645 ἀποσώζοντες
929 578 1122 645 τρόπον.
1176 580 1203 643 ἡ
1229 579 1314 643 μὲν
1338 579 1431 646 γὰρ
1458 584 1626 631 νοεῖται
1657 578 1838 649 φυσική
1869 601 1919 630 τε
1939 597 1961 636 5

336 663 411 711 καὶ
439 661 621 725 ἀληθὴς
647 663 720 712 καὶ
748 662 796 711 ἐν
822 665 888 730 τῷ
913 664 996 725 τῆς
1024 660 1265 730 ὑπάρξεως
1297 661 1430 730 λόγῳ
1465 660 1772 728 θεωρουμένη·
1815 661 1843 725 ἡ
1871 660 1919 712 δὲ

337 742 390 794 τὸ
427 746 508 807 τῆς
543 745 746 806 ἀληθοῦς
783 742 997 807 ἑνότητος
1033 744 1324 809 ὑποκρίνεται
1357 746 1539 811 σχῆμα.
1592 748 1693 798 πῶς
1731 742 1826 810 γὰρ
1864 741 1921 794 ἂν

336 823 426 876 εἶεν
452 827 498 874 ἐν
524 825 615 894 ἴσῳ
641 829 887 878 παντελῶς
913 830 1008 879 τοῖς
1035 824 1314 893 ἀρχετύποις
1339 824 1398 876 τὰ
1424 826 1653 878 ἀντίτυπα
1675 848 1687 888 ;
1731 827 1828 877 ἐπεὶ
1854 824 1919 890 μὴ

336 906 506 957 ταύτὸν
548 911 611 960 εἷς
655 907 821 969 νόησιν
869 905 989 972 πρὸς
1031 905 1258 970 ἀλήθειαν
1302 907 1447 972 αὐτὴν
1491 906 1572 972 τὴς
1621 907 1842 972 ἀληθείας
1892 907 1920 971 ἡ

336 988 601 1056 μόρφωσις·
646 989 755 1038 ἀλλ’
785 990 834 1038 ἐν
864 988 985 1042 ’ίσοις
1020 987 1103 1051 μὲν
1138 989 1301 1056 ὁρᾶται
1340 990 1576 1058 σχήμασι,
1605 989 1839 1059 διεστήξει
1874 990 1917 1041 δ’
1944 1013 1992 1058 1¹0
2035 943 2037 1062 ἱ

291 1077 319 1118 d
338 1071 418 1122 οῦν
445 1070 570 1134 ὅμως
596 1072 678 1121 οὐκ
703 1070 1008 1138 ἐντυχούσαις
1035 1074 1295 1140 διαφοραῖς.
2036 1067 2037 1085 ’

404 1152 562 1204 ΓΌταν
588 1153 669 1203 οῦν
693 1152 847 1212 οἴηταί
867 1175 937 1207 τις
962 1157 1057 1204 τῶν
1082 1154 1366 1223 ἑτεροδόξων
1392 1153 1664 1221 ἀνατρέπειν
1690 1153 1921 1205 δύνασθαι

336 1235 422 1299 τὴν
463 1234 581 1301 πρὸς
624 1234 748 1286 Θεὸν
793 1237 868 1285 καὶ
912 1235 1104 1302 Πατέρα
1148 1236 1411 1302 ταυτότητα
1457 1236 1680 1306 φυσικὴν,
1720 1237 1795 1287 καὶ
1834 1236 1921 1299 τὴν

335 1319 544 1368 ἐντεῦθεν
575 1317 770 1382 ἑνότητα
808 1323 891 1368 τοῦ
918 1320 1048 1380 Υἱοῦ,
1077 1316 1174 1368 εἶτα
1211 1317 1330 1384 πρὸς
1369 1317 1609 1387 ἀπόδειξιν
1643 1321 1718 1369 καὶ
1754 1317 1920 1386 ὀχυρό-

335 1422 454 1462 τητα
502 1403 583 1462 τῆς
632 1402 795 1450 ἑαυτοῦ
847 1401 1140 1460 δυσβουλίας
1190 1400 1248 1451 τὰ
1299 1402 1407 1452 καθ’
1456 1401 1576 1465 ἡμᾶς
1625 1399 1919 1468 προσκομίζῃ
1944 1419 1990 1459 15

335 1481 490 1547 λε’γων
521 1482 716 1546 ΓὨσπερ
754 1483 883 1546 ἡμεῖς
918 1483 971 1532 οὐ
1011 1485 1068 1549 τῇ
1108 1486 1203 1533 τῶν
1233 1481 1472 1546 σωμάτων
1510 1487 1571 1536 εἷς
1610 1481 1659 1533 ἓν
1697 1482 1921 1550 νοουμένῃ

335 1563 594 1626 ταυτότητι,
634 1563 745 1613 ἀλλ’
786 1563 889 1614 οὐδὲ
923 1563 1000 1614 διὰ
1038 1567 1122 1627 τῆς
1161 1569 1223 1618 εἷς
1266 1563 1487 1629 ἀλλήλας
1531 1563 1921 1630 ἀντανακράσεως

333 1649 429 1695 τῶν
456 1648 643 1713 ψυχῶν,
672 1645 719 1695 ἕν
751 1647 896 1706 ἐσμεν
928 1648 970 1696 οἱ
1005 1645 1190 1710 πάντες,
1222 1645 1353 1697 ἀλλά
1392 1647 1560 1714 σχέσει
1600 1649 1675 1698 καὶ
1715 1646 1920 1698 διαθέσει

335 1733 393 1794 τῇ
437 1727 556 1777 κατὰ
602 1726 809 1791 ἀγάπην,
850 1728 1169 1796 ταυτοβουλίᾳ
1210 1730 1285 1779 καὶ
1330 1728 1598 1779 συναινέσει
1647 1732 1705 1796 τῇ
1755 1732 1818 1782 εἰς
1867 1727 1920 1779 τὸ

296 1831 318 1856 e
335 1808 523 1873 θέλημα
549 1814 632 1859 τοῦ
658 1813 796 1872 Θεοῦ,
823 1810 945 1860 οὕτω
972 1811 1046 1860 καὶ
1075 1811 1099 1859 ὁ
1126 1808 1241 1864 Υἱὸς
1268 1810 1316 1860 ἕν
1340 1812 1444 1860 ἐστι
1468 1810 1586 1876 πρὸς
1612 1809 1694 1861 τὸν
1713 1810 1918 1876 Πατέρα·
1941 1834 1990 1860 20

334 1889 659 1957 παρωσόμεθα
686 1890 742 1954 δὴ
768 1889 957 1945 πάντως
983 1893 1142 1955 ἀμαθῆ
1169 1915 1217 1942 τε
1245 1891 1359 1943 ὅντα
1386 1894 1461 1943 καὶ
1488 1892 1718 1943 ἀσύνετον
1738 1896 1918 1957 κομιδῆ.

334 1974 410 2023 καὶ
442 1971 517 2023 διὰ
547 1973 687 2024 ποίαν
713 1974 896 2035 och-[0023
939 1974 1127 2039 ἐπείπερ
1163 1975 1216 2024 οὐ
1253 1974 1442 2027 πάντως
1477 1973 1793 2038 ἀκολουθήσει
1825 1980 1922 2029 τοῖς

334 2053 441 2105 καθ’
488 2055 610 2119 ἡμᾶς
654 2054 713 2105 τὰ
759 2054 873 2122 ὑπὲρ
924 2055 1058 2119 ἡμᾶς,
1103 2055 1215 2106 ἀλλ’
1264 2055 1368 2107 οὐδὲ
1414 2056 1499 2120 τὴν
1543 2061 1638 2108 τῶν
1682 2057 1922 2121 σωμοῖτων

332 2136 545 2201 ἀνάγκην
572 2137 813 2200 ὑπομείναι
847 2135 901 2188 τὸ
938 2137 1209 2200 ἀσώματον,
1237 2139 1342 2189 οὔτε
1368 2137 1462 2203 μὴν
1486 2143 1580 2192 τοῖς
1613 2139 1921 2204 ἀνθρωπίνοις

334 2218 500 2287 ἕψεται
535 2218 594 2269 τὰ
628 2224 710 2269 τοῦ
737 2222 876 2270 Θεοῦ.
932 2223 969 2270 εἰ
1006 2219 1090 2282 μὲν
1116 2219 1209 2285 γὰρ
1245 2219 1298 2270 τὸ
1337 2223 1538 2286 διεῖργον
1570 2219 1701 2271 οὐδὲν
1732 2218 1760 2284 ἢ
1795 2222 1914 2272 ἀπο·
1940 2240 1989 2280 25

332 2300 517 2366 μερίζον
552 2300 676 2353 ὅλως
715 2304 778 2354 εἷς
817 2299 1051 2368 διαφορὰν
1084 2301 1204 2365 ἡμᾶς
1242 2324 1292 2351 τε
1332 2304 1406 2351 καὶ
1440 2301 1579 2363 Θεὸν,
1606 2302 1805 2352 νοείσθω
1844 2303 1921 2353 καὶ

332 2380 441 2431 καθ’
470 2382 590 2445 ἡμᾶς
628 2381 687 2432 τὰ
723 2384 829 2447 περὶ
866 2385 1008 2432 Θεοῦ·
1059 2386 1096 2433 εἰ
1136 2382 1185 2432 δὲ
1224 2382 1560 2446 ἀκατάληπτόν
1591 2406 1636 2434 τι
1678 2383 1732 2434 τὸ
1770 2406 1916 2447 μεσο-

114 2472 201 2509 997
219 2472 271 2508 A·
296 2467 517 2523 ἢλαβοῦν
552 2464 831 2529 εὑρίσκεται,
871 2462 921 2514 τί
954 2463 1012 2515 τὰ
1053 2466 1134 2527 τῆς
1179 2464 1402 2530 ἡμετέρας
1444 2464 1635 2532 φύσεως
1676 2464 1920 2530 ἡττήματα

333 2543 508 2596 κανόνα
548 2547 623 2596 καὶ
667 2543 887 2608 σταθμὸν
927 2545 1132 2611 ὁρίζουσι
1173 2549 1238 2614 τῷ
1277 2549 1402 2614 Θεῷ,
1435 2548 1484 2597 ἐκ
1519 2551 1614 2598 τῶν
1651 2546 1759 2598 καθ’
1799 2548 1919 2611 ἡμᾶς

334 2625 575 2677 ἀδυνάτων
601 2625 824 2691 ἀνάγκαις
859 2626 1151 2680 ὑποτιθέντες
1186 2627 1271 2691 τὴν
1296 2627 1489 2692 ἁπάσης
1521 2629 1729 2693 ἀνάγκης
1763 2627 1914 2695 κρείτ·
1938 2647 1989 2684 30

333 2731 446 2759 τονα
473 2707 635 2777 φύσιν,
663 2709 822 2759 ἁλοῖεν
849 2708 891 2758 δ’
920 2707 977 2759 ἂν
1003 2708 1069 2758 ε”τι
1103 2713 1302 2774 πρᾶγμα
1334 2712 1533 2776 δρῶντες
1564 2709 1742 2761 ἄτοπόν
1766 2733 1816 2761 τε
1841 2711 1918 2761 καὶ

384 2859 395 2881 1
408 2859 435 2881 I.
464 2847 684 2893 ε’ντυχούσαις
703 2848 884 2892 διαφοραῖς
904 2847 943 2883 Ε.
964 2847 1172 2894 ἐντυχούσης
1189 2848 1356 2894 διαφορᾶς
1375 2849 1441 2885 Ed.
1589 2857 1642 2894 17.
1669 2850 1856 2892 ταυτότητα
1874 2848 1917 2884 Ε.

331 2893 486 2937 ἀλλήλας
504 2895 545 2928 Ε.
563 2894 735 2939 ἀλλήλους
754 2895 821 2929 Ed.
1075 2904 1130 2940 27.
1157 2895 1197 2929 τὰ
1217 2907 1288 2932 om.
1307 2895 1349 2932 E.
1608 2907 1666 2942 30.
1691 2895 1856 2932 ἀδύνατον
1874 2895 1915 2931 Ε.

334 2952 390 2984 31.
417 2940 555 2975 ἅλλοιεν
574 2941 615 2975 Ε.
