2001 3231
280 104 335 145 62
683 107 732 147 Β.
767 106 1037 148 CYRILLI
1079 106 1460 149 ALEXANDR.
1695 107 1782 148 viii.
1800 120 1867 163 33.

280 217 417 276 μεθα·
465 214 779 278 δικαιούμενοι
814 214 865 265 δὲ
903 215 1023 281 πρὸς
1063 216 1333 281 ἐλευθερίαν
1369 215 1455 277 τὴν
1492 218 1650 280 ἀληθῆ
1688 216 1871 276 διαβαί-

282 317 435 358 νομεν,
454 296 849 360 καταταττόμενοι
875 296 1047 347 λοιπὸν
1073 297 1157 347 οὐκ
1182 298 1230 347 ἐν
1251 296 1438 350 δούλοις
1464 298 1530 348 ε”τι
1556 298 1769 362 καθάπερ
1795 299 1870 347 καὶ

235 378 525 443 ὒπρότερον,
567 379 677 428 ἀλλ’
723 379 772 428 ἐν
816 381 929 431 υἱοῖς
980 378 1202 442 δηλονότι
1248 382 1391 429 Θεοῦ.
1453 381 1530 429 καὶ
1579 377 1872 444 μαρτυρήσει

280 458 438 524 λέγων
465 459 490 508 ὁ
515 457 735 522 Ἰωάννης
762 460 873 525 περί
893 481 944 509 τε
970 462 1190 524 Χριστοῦ
1228 462 1304 510 καὶ
1338 464 1434 510 τῶν
1459 459 1783 511 πιστευόντων
1809 463 1870 512 εἷς

59 532 168 608 {29¹²
183 532 205 563 i.
282 538 424 590 αὐτόν
470 537 668 590 ““Οσοι
714 539 761 590 δὲ
805 538 985 599 ’ἔλαβον
1030 539 1191 602 αὑτὸν,
1240 540 1410 591 ε”δωκεν
1451 542 1607 594 αὐτοῖς
1648 541 1871 609 ἐξουσίαν

281 627 309 650 “
335 620 473 671 τέκνα
500 625 626 672 Θεοῦ
663 619 932 686 γενέσθαι.”
972 621 1220 687 χρησίμως
1255 627 1505 688 τοιγαροῦν
1532 623 1556 672 ὁ
1586 622 1760 688 Κύριος
1795 624 1871 672 καὶ

281 701 496 767 Χριστὸς
529 703 674 766 ἡμῶν,
701 702 755 753 τὸ
782 701 866 764 μὲν
891 703 1141 768 θαυμάζειν
1165 702 1230 752 ε”τι
1263 702 1346 756 τὰς
1379 704 1427 753 ἐν
1454 702 1582 771 νόμῳ
1613 701 1752 756 σκιὰς
1787 704 1871 753 οὐκ

280 783 334 851 ἐᾷ
374 782 482 837 τοὺς
522 783 833 837 πιστεύοντας
876 788 937 837 εὶς
981 784 1138 834 αὐτόν·
1196 783 1330 835 οὐδὲν
1368 783 1462 850 γὰρ
1502 786 1551 834 ἐν
1589 786 1778 838 ἐκείναις
1816 783 1870 835 τὸ

281 867 512 933 ὠφελοῦν,
539 866 642 930 ἤτοι
669 869 751 929 τῆς
783 868 991 930 ἀληθοῦς
1028 867 1293 931 ἐλευθερίας
1326 866 1578 934 πρόξενον·
1618 868 1871 931 ἐπιγνῶναι

280 946 330 997 δὲ
367 952 560 1010 μᾶλλον
597 947 829 998 ἐπιτάττει
868 946 935 1006 τὴν
973 946 1193 1008 ἀλήθειαν.
1249 947 1324 998 διὰ
1363 947 1535 1011 ταύτης
1574 946 1665 1014 γὰρ
1704 947 1870 1002 αὐτοὺς

280 1027 521 1094 ἀραρότως
563 1027 999 1099 ἐλευθερωθήσεσθαι
1043 1029 1185 1094 λέγει,
1228 1028 1348 1080 κατὰ
1389 1027 1476 1093 τὴν
1521 1031 1569 1080 ἐν
1609 1034 1706 1083 τοῖς
1749 1033 1870 1096 εἰρη-

242 1109 435 1173 ομένοις
474 1111 685 1174 δύναμιν.

213 1268 261 1304 33
281 1263 460 1321 Σπέρμα
493 1265 689 1322 εΑβροιόιμ
728 1265 867 1314 ἐσμεν,
898 1265 966 1305 καὶ
1000 1263 1142 1306 οὐδενὶ
1176 1264 1518 1313 δεδουλεύκαμεν
1545 1265 1737 1307 Πώποτε·
1775 1266 1868 1307 Πῶς

637 1349 684 1390 σὺ
722 1349 859 1395 ΛὲΓειε
897 1349 961 1390 ὅτι
999 1348 1221 1404 ἐλεύθεροι
1259 1350 1512 1400 Γενήσεσθες

355 1459 638 1521 Διαγελῶσι
683 1456 833 1507 πάλιν
876 1462 960 1506 τοῦ
1009 1459 1230 1522 Σωτῆρος
1275 1457 1407 1520 ἡμῶν
1451 1456 1537 1520 τὴν
1580 1455 1865 1523 ὑπόσχεσιν,

281 1543 473 1602 μᾶλλον
500 1537 548 1588 δὲ
582 1538 671 1601 ἤδη
708 1540 784 1587 καὶ
819 1540 1151 1606 δυσφοροῦσιν
1178 1540 1240 1591 ὡς
1268 1538 1559 1604 ὑβρισμένοι.
1616 1536 1670 1588 τὸ
1705 1536 1798 1603 γὰρ
1833 1535 1869 1606 ᾧ

281 1619 495 1673 δουλείας
538 1620 757 1683 μετ-ἐστιν
803 1619 949 1681 οὐδὲν,
991 1624 1092 1673 πῶς
1138 1617 1196 1670 ἂν
1241 1620 1404 1681 δέοιτο,
1448 1621 1586 1688 φησὶ,
1627 1625 1710 1670 τοῦ
1752 1618 1871 1684 πρὸς

279 1701 549 1767 ἐλευθερίαν
583 1706 842 1754 καλοῦντος
878 1702 1012 1765 ἡμᾶς,
1041 1704 1116 1751 καὶ
1153 1704 1216 1755 ὡς
1251 1703 1299 1751 ἐν
1334 1700 1615 1767 προσθήκης
1652 1700 1777 1767 μέρει
1815 1700 1870 1752 τὸ

280 1782 546 1850 ἐνυπάρχον
575 1784 666 1847 ἤδη
705 1782 932 1838 διδόντος·
976 1785 1205 1848 ἀγνοοῦσι
1244 1781 1307 1844 δὲ,
1335 1783 1486 1833 καίτοι
1526 1785 1870 1850 δοκησισοφεῖν

279 1863 504 1928 εἰωθότες,
540 1865 611 1915 ὅτι
649 1866 815 1930 γέγονε
854 1865 939 1928 μὲν
975 1865 999 1914 ὁ
1039 1864 1302 1930 προπάτωρ
1336 1863 1559 1933 Ἄβραέιμ
1600 1865 1653 1914 οὐ
1691 1863 1870 1930 πατρός

232 1945 513 2010 ᾶέπισήμου
548 1946 667 1997 κατὰ
703 1946 786 1997 τὸν
814 1945 1013 2010 κόσμον,
1039 1947 1151 1996 ἀλλ’
1181 1945 1283 1996 οὐδὲ
1319 1950 1415 1998 τοῖς
1449 1948 1498 1996 ἐν
1523 1949 1640 2014 τῷδε
1676 1949 1743 2014 τῷ
1778 1947 1869 2015 βίω

279 2027 642 2094 θαυμαζομένοις
667 2027 1090 2095 περιφανέστατος,
1117 2027 1516 2092 κατελαμπρύνθη
1544 2027 1592 2077 δὲ·
1618 2026 1694 2077 διὰ
1724 2027 1870 2092 μόνης

55 2110 87 2140 S.
100 2109 173 2140 Jac.

56 2152 88 2184 ii.
110 2162 160 2192 23·
278 2111 362 2172 τῆς
387 2111 594 2163 πίστεως
619 2113 702 2173 τῆς
728 2114 789 2163 εἷς
816 2109 955 2160 Θεόν·
994 2117 1021 2138 “
1041 2110 1330 2160 Ἐπίστευσε
1357 2109 1405 2159 δὲ
1430 2108 1657 2174 Ἀβραάμ
1692 2117 1865 2177 φησιν,

280 2196 308 2219 “
333 2194 400 2259 τῷ
428 2194 552 2260 Θεῷ,
580 2192 655 2241 καὶ
682 2192 915 2255 ἐλογίσθη
944 2191 1069 2258 αὐτῷ
1096 2195 1159 2243 εἰς
1188 2190 1493 2253 δικαιοσύνην
1518 2190 1546 2252 ἡ
1581 2191 1762 2252 πίστις,
1794 2192 1870 2240 καὶ

280 2278 307 2300 “
335 2272 478 2339 φίλος
504 2275 629 2322 Θεοῦ
656 2271 875 2336 ἐκλήθη.”
920 2273 1034 2339 ὁρᾷς
1060 2270 1116 2335 δὴ
1144 2271 1226 2321 οὖν
1253 2274 1328 2321 καὶ
1355 2271 1488 2332 μάλα
1514 2275 1686 2337 σαφῶς
1713 2274 1796 2334 τῆς
1821 2273 1869 2323 ἐν

280 2354 437 2422 ἐκείνῳ
481 2351 819 2418 λαμπρότητος
863 2352 949 2416 τὴν
993 2354 1162 2402 αἰτίαν.
1218 2349 1375 2415 ἐπειδὴ
1419 2351 1514 2417 γὰρ
1559 2350 1869 2418 κεχρημάτικε

280 2435 424 2503 φίλος
448 2439 532 2484 τοῦ
557 2432 749 2485 πάντων
775 2438 1057 2499 κρατοῦντος
1083 2437 1222 2495 Θεοῦ,
1249 2435 1415 2498 γέγονε
1447 2432 1523 2482 διὰ
1556 2438 1695 2483 τοῦτο
1721 2432 1868 2498 μέγας

331 2589 362 2612 Ι.
388 2577 604 2622 διαβαίνωμεν
621 2578 873 2621 καταβαίνωμεν
892 2577 934 2612 Β.
953 2576 1151 2611 emendavit
1171 2576 1289 2610 Holst.
1308 2582 1341 2610 et
1358 2577 1406 2610 ita
1423 2588 1453 2610 a.
1630 2586 1661 2609 2.
1688 2574 1758 2621 καὶ]
1778 2577 1816 2609 τὸ
1835 2587 1867 2610 a.

281 2636 314 2670 3.
342 2625 378 2658 ἐν
394 2631 618 2669 assumptum
637 2637 678 2658 ex
696 2636 727 2658 a.
746 2624 890 2658 “dubia
907 2624 1107 2668 scriptura''
1126 2624 1162 2656 in
1183 2622 1223 2657 B.
1244 2624 1373 2668 Heyse.
1432 2624 1492 2656 τοῦ
1511 2624 1599 2656 Θεοῦ
1617 2634 1647 2656 a.
1744 2622 1777 2656 6.
1797 2623 1866 2656 τοί-

280 2686 339 2705 νυν
356 2674 537 2715 τοιγαροῦν
556 2671 598 2705 Β.
615 2671 726 2705 τοίνυν
745 2671 808 2704 Ht.
828 2670 894 2705 Ed.
993 2678 1024 2715 7.
1050 2671 1099 2704 ἔτι
1117 2681 1148 2704 a.
1166 2669 1243 2703 Cat.
1265 2669 1364 2703 Harl.
1383 2669 1438 2703 ἐπὶ
1457 2669 1498 2702 Β.
1520 2668 1583 2702 Ht.
1644 2667 1695 2713 ἐν]
1716 2673 1751 2708 —f-
1770 2671 1817 2714 τῷ
1835 2680 1866 2702 a.

285 2728 339 2760 13.
360 2717 553 2751 praemittit
570 2717 822 2761 Ἀπεκρίθησαν
839 2717 928 2762 αὐτῷ
948 2716 1043 2750 Aub.
1103 2720 1174 2751 πῶς
1192 2715 1477 2761 σὺ--γενὴσεσθε
1495 2720 1675 2759 assumpta
1692 2727 1733 2748 ex
1749 2714 1778 2747 B
1792 2727 1866 2759 mg.

286 2763 338 2796 16.
365 2764 404 2796 τὸ
428 2765 494 2807 γὰρ
520 2761 547 2810 ᾦ
572 2764 726 2798 δουλείας
750 2763 910 2807 μετέστιν
933 2763 1031 2796 οὐδέν
1046 2766 1118 2797 πῶς
1136 2762 1178 2797 Β.
1196 2764 1213 2796 ὁ
1235 2761 1289 2808 [ὃς
1306 2761 1418 2807 Aub.]
1437 2762 1502 2806 γὰρ
1529 2762 1564 2795 ἐκ
1589 2761 1744 2796 δουλείας
1768 2760 1866 2803 μεθέ-

282 2822 416 2850 στηκεν,
435 2809 585 2845 οὐδέπως
606 2810 668 2843 Ht.
689 2809 756 2844 Ed.
807 2809 998 2843 Abbreviat
1017 2821 1047 2843 a.
1246 2809 1300 2842 18.
1327 2808 1404 2851 ἡμῖν
1423 2807 1465 2841 Β.
1484 2807 1568 2850 ἡμᾶς
1585 2806 1784 2840 emendavit
1803 2806 1867 2840 Ht.

282 2853 460 2888 Neutrum
477 2855 583 2889 habet
600 2868 630 2889 a.
775 2866 831 2889 22.
858 2854 912 2900 δὲ]
932 2855 1039 2900 γεμὴν
1055 2867 1086 2889 a.
1223 2865 1280 2899 23.
1306 2854 1360 2899 δὲ]
1383 2858 1419 2894 -1-
1441 2855 1459 2887 ὁ
1477 2853 1573 2887 Aub.
1624 2852 1765 2885 Desunt
1783 2852 1867 2886 haec

281 2900 317 2932 in
336 2911 366 2934 a.
465 2911 519 2942 24.
545 2904 591 2946 τῷ
611 2904 685 2946 Θεῷ
706 2901 747 2935 Β.
765 2902 812 2937 εἷς
830 2903 917 2936 Θεὸν
938 2901 1001 2936 Ht.
1020 2901 1086 2935 Ed.
1185 2910 1241 2945 25.
1268 2900 1308 2944 δὴ
1326 2899 1384 2934 οῦν
1404 2900 1444 2933 Β.
1464 2899 1523 2933 οῦν
1540 2899 1600 2942 ἤδη
1621 2899 1685 2933 Ht.
1705 2898 1772 2932 Ed.

1891 549 1913 588 5

1895 964 1943 990 10

1890 1888 1940 1912 20
