2001 3231
296 120 352 159 68
699 121 749 161 B.
783 121 1061 162 CYRILLI
1103 122 1485 164 ALEXANDR.
1712 123 1798 163 viii.
1819 132 1886 178 35.

295 226 381 290 τὴν
434 231 527 278 τῶν
578 229 830 295 εἰρημένων
881 229 1078 294 δύναμιν
1130 231 1482 298 σαφηνίζωμεν.
1564 230 1794 300 ἐφρόνουν
1843 234 1887 281 οἱ

294 308 511 360 Ἰουδαῖοι
536 310 728 375 μεγάλα
755 313 830 362 καὶ
857 312 1095 378 ὑπέρογκα
1130 315 1214 376 τῆς
1246 313 1444 377 ἐνούσης
1475 315 1632 367 αὐτοῖς
1658 312 1887 378 εὐγενείας

294 390 560 458 ἀρχηγέτην
580 391 743 458 ὥσπερ
771 393 873 443 τινὰ
900 396 976 444 καὶ
1001 391 1161 460 πηγὴν
1180 394 1521 462 προϊσχόμενοι
1548 393 1887 460 τὸν“Αβραάμ,

294 471 349 523 rb
378 472 427 523 δὲ
464 472 536 524 ὅτι
569 474 801 540 προσήκει
835 475 984 541 ζητεῖν
1010 474 1064 526 τὸ
1093 475 1169 527 διὰ
1203 479 1285 540 τῆς
1321 477 1501 528 ἄνωθεν
1526 478 1888 542 ἐλευθεροῦσθαι

70 553 231 604 SQQtth

70 608 162 628 xxm.
183 606 195 628 1
205 606 233 638 7.

296 552 500 622 χάριτος,
540 556 641 606 οὐδ’
683 556 802 607 ὅσον
840 558 888 608 ἐν
927 561 1093 625 ψιλοῖς
1131 558 1347 626 ἐδέχοντο
1386 564 1654 624 λογισμοῖς,
1694 559 1928 624 ιςμωροὶ5

296 644 322 666 “
350 639 426 688 καὶ
464 639 684 707 τυφλοῖ,”
714 638 834 689 κατὰ
871 638 958 702 τὴν
990 645 1074 690 τοῦ
1114 643 1337 706 Σωτῆρος
1376 639 1667 708 ὑπάρχοντες
1705 639 1885 708 φωνήν.

294 720 560 784 ἀναγκαίως
586 727 838 786 τοιγαροῦν
865 721 1090 790 ἐπιδεῖξαι
1116 722 1343 783 βούλεται
1368 722 1603 789 Χριστὸς,
1636 722 1708 774 ὅτι
1739 722 1794 773 τὸ
1828 725 1887 790 τῇ

248 800 440 868 Ῑῦφύσει
478 804 671 865 δοῦλον,
701 806 761 856 εἷς
801 804 1069 869 ἐλευθερίαν
1107 805 1194 872 οὐχ
1235 803 1394 855 ἱκανὸν
1432 804 1518 869 τὴν
1557 805 1740 871 ἑτέρων,
1773 805 1885 855 ἀλλ’

294 881 399 933 οὐδὲ
439 883 563 937 ὅλως
601 888 663 938 εἷς
702 884 788 949 τὴν
826 886 1008 936 ἑαυτοῦ·
1064 886 1185 937 κατὰ
1223 888 1327 937 τίνα
1366 893 1482 952 γοῦν
1520 887 1698 953 τρόπον
1737 888 1887 955 ἑαυτῷ

293 970 521 1032 χαριεῖται
560 965 647 1029 τὴν
684 966 952 1033 ἐλευθερίαν
994 966 1048 1018 τὸ
1089 968 1264 1032 ταύτης
1304 967 1492 1031 ἐπιδεὲς,
1533 968 1652 1020 ὅσον
1692 972 1755 1023 εἰς
1800 967 1887 1033 τὴν
1907 990 1957 1017 ιο

293 1047 458 1115 φύσιν,
485 1046 540 1098 rb
578 1048 625 1098 δὲ
655 1048 767 1114 παρ’
796 1048 953 1115 ἑτέρου
987 1048 1073 1113 τὴν
1098 1051 1169 1117 ἐφ’
1199 1052 1348 1119 ἑαυτῷ
1379 1050 1516 1118 χάριν
1543 1050 1882 1116 δανειζόμενον,

292 1134 393 1182 πῶς
441 1128 498 1179 ἀν
534 1129 730 1195 ἀρκέσαι
772 1129 891 1196 πρὸς
931 1130 1017 1194 τὴν
1056 1131 1256 1197 ἑτε’ρων;
1310 1132 1511 1199 ἁρμόσει
1553 1131 1601 1183 δὲ
1640 1132 1771 1202 μόνῳ
1809 1135 1887 1183 καὶ

293 1210 589 1261 ἀνακείσεται
620 1210 896 1278 πρεπόντως
930 1212 984 1263 τὸ
1021 1214 1296 1280 ἐλευθεροῦν
1322 1213 1554 1265 δύνασθαι
1581 1218 1648 1284 τῷ
1682 1216 1730 1265 ἐκ
1760 1218 1887 1266 Θεοῦ

292 1292 412 1343 κατὰ
452 1292 602 1360 φύσιν
638 1295 760 1344 Θεῶ.
818 1294 1060 1364 ἀπόδειξιν
1098 1301 1349 1362 τοιγαροῦν
1387 1301 1583 1347 ποιεῖται
1624 1299 1763 1366 σαφῆ
1801 1302 1885 1347 τοῦ

293 1376 388 1425 δεῖν
425 1376 690 1471 ἀναγκαιως
729 1375 955 1444 ὑπάρχειν
993 1400 1069 1427 και
1109 1379 1451 1444 ὁμολογεῖσθαι
1491 1381 1679 1441 δοῦλον,
1713 1383 1822 1441 πᾶν,
1859 1377 1954 1434 ὃ15

254 1473 276 1500 0
293 1455 358 1520 μὴ
383 1480 499 1522 μενει
529 1463 585 1512 εἷς
613 1483 680 1509 τον
708 1458 859 1520 aalma,
888 1481 1145 1521 τουτεστιν,
1174 1458 1210 1510 ὧ
1250 1484 1315 1522 μη
1354 1460 1592 1525 πρόσεστι
1627 1459 1680 1510 τὸ
1717 1460 1880 1511 ὡσαύ-

291 1560 383 1590 τως
409 1538 530 1605 ἐχειν
556 1539 638 1591 ἀεί.
682 1539 882 1602 σύμπαν
907 1563 992 1604 μεν
1019 1540 1113 1607 γὰρ
1140 1540 1194 1592 τὸ
1221 1543 1269 1592 ἐν
1295 1565 1489 1607 γενεσει,
1516 1565 1706 1595 παντως
1732 1541 1884 1606 δηπου

289 1621 366 1670 καὶ
395 1621 692 1672 ὑποκείσεται
720 1625 777 1689 τῇ
815 1627 988 1691 φθορᾷ·
1039 1623 1092 1674 rb
1129 1623 1176 1674 δὲ
1212 1625 1358 1677 οὕτως
1395 1624 1516 1691 ἕχον,
1546 1628 1720 1675 δοῦλον
1748 1624 1883 1675 ἔσται

290 1702 474 1766 δηλαδὴ
513 1709 596 1754 τοῦ
631 1703 751 1769 πρὸς
786 1702 840 1754 rb
876 1703 991 1755 εῖναι
1028 1704 1311 1769 κεκληκότος
1338 1710 1476 1758 Θεοῦ.
1527 1729 1631 1772 περι
1663 1705 1756 1772 γὰρ
1788 1710 1883 1757 τῶν

67 1783 165 1833 ΡΞ...ε

66 1836 178 1858 cxvnl.

66 1878 119 1910 91·
291 1873 318 1895 ‘⁶
343 1866 452 1918 σά.”
494 1890 659 1932 γεγονε
686 1891 771 1930 μεν
797 1869 870 1919 ἐπὶ
902 1869 1054 1919 τούτω
1090 1868 1272 1932 γενικὸς
1308 1871 1332 1920 ὁ
1369 1869 1533 1935 λόγος·
1577 1869 1625 1920 ἐν
1651 1869 1801 1935 γεμὴν
1826 1869 1881 1921 τὸ

290 1807 565 1847 κτισματων
597 1785 787 1851 ἐλεγετο
822 1786 942 1852 πρὸς
977 1786 1118 1837 αὐτόν
1144 1796 1170 1817 “
1190 1786 1307 1838 Οτι
1343 1787 1401 1839 τὰ
1436 1787 1696 1851 σύμπαντα
1732 1792 1881 1840 δοῦλα
1903 1810 1953 1835 20

288 1948 427 2014 μέρος
487 1953 553 2017 τῷ
608 1973 764 2011 παντι,
815 1973 1074 2012 τουτεστιν,
1127 1953 1151 2001 ὁ
1205 1951 1433 2016 μακάριος
1483 1951 1725 2018 Αβρααμ,
1778 1952 1901 2016 ἠτοιι

290 2029 500 2081 καθόλου
535 2031 684 2082 πάλιν
716 2032 744 2094 ἡ
780 2030 1106 2097 ἀνθρωπότης.
1161 2038 1358 2097 σημεῖον
1385 2033 1433 2084 δὲ
1468 2034 1664 2084 δίδωσιν
1690 2031 1881 2099 ἐναργὲς

289 2117 372 2162 τοῦ
418 2110 532 2162 εἶναι
574 2112 782 2173 βασιλέα
829 2115 904 2163 καὶ
950 2113 1190 2177 δεσπότην
1231 2120 1326 2165 τῶν
1368 2115 1497 2166 ὅλων
1537 2114 1620 2166 τὸν
1659 2117 1708 2166 ἐκ
1754 2118 1880 2166 Θεοῦ

287 2192 535 2260 πεφηνότα
561 2193 684 2244 Θεὸν
713 2197 979 2259 Μονογενῆ,
1006 2195 1060 2245 τὸ
1086 2195 1238 2258 μένειν
1264 2200 1326 2249 εἷς
1353 2195 1435 2247 τὸν
1462 2200 1625 2247 αἰῶνα·
1669 2198 1757 2247 τίνι
1784 2195 1879 2263 γὰρ
1902 2221 1949 2260 25

245 2283 270 2324 d
290 2272 347 2323 ἀν
371 2273 541 2339 πρέποι
579 2274 632 2325 rb
668 2276 895 2328 ὡσαύτως
929 2276 1050 2342 ἔχειν
1081 2278 1164 2339 ἀεὶ,
1192 2280 1266 2328 καὶ
1303 2280 1350 2328 ἐν
1382 2281 1563 2348 βεβαίῳ
1597 2282 1692 2329 τῶν
1719 2278 1880 2328 ἀϊδίων

288 2355 507 2420 ἱδρύσθαι
544 2361 724 2418 καλῶν,
757 2361 793 2407 εἰ
819 2356 884 2420 μὴ
912 2362 977 2426 τῷ
1008 2380 1062 2423 γε
1095 2358 1193 2408 ὄντι
1230 2358 1350 2409 κατὰ
1387 2360 1537 2427 φύσιν
1566 2364 1707 2429 Θεῲς
1759 2359 1879 2411 κατὰ

285 2442 453 2486 τοῦτον
491 2437 600 2500 ἡμῖν
638 2436 721 2488 rbv
759 2439 909 2503 λόγον
948 2443 1022 2489 καὶ
1062 2440 1087 2489 ὁ
1127 2441 1381 2494 θεσπέσιος
1420 2440 1631 2510 μελῳδὸς
1670 2440 1756 2505 τὴν
1792 2440 1878 2504 μὲν

285 2518 440 2568 κτίσιν
473 2518 687 2588 ἀπέδειξε
726 2519 915 2584 δούλην,
943 2520 1026 2571 τὸν
1061 2520 1107 2572 δὲ
1147 2523 1195 2572 ἐκ
1236 2525 1360 2573 Θεοῦ
1399 2521 1592 2588 Πατρὸς
1630 2522 1878 2591 πεφηνότα

285 2598 410 2649 Θεὸν
438 2599 600 2665 Λόγον
633 2601 842 2661 βασιλέα
875 2604 950 2652 καὶ
984 2603 1176 2668 Κύριον.
1235 2603 1328 2654 ἀπὸ
1367 2603 1461 2670 γὰρ
1501 2605 1669 2670 μέρους
1708 2606 1782 2655 ἐπὶ
1822 2604 1876 2655 rb
1897 2623 1947 2661 30

284 2680 481 2744 σύμπαν
517 2682 570 2733 rb
609 2684 657 2733 ἐν
689 2683 870 2748 γενέσει
910 2686 1033 2751 φημὶ
1067 2684 1153 2748 τὴν
1185 2685 1383 2751 θεωρίαν
1415 2686 1655 2754 ἐξαπλῶν,
1681 2685 1793 2751 περί
1826 2708 1876 2736 τε

335 2834 363 2856 1.
390 2825 421 2856 οἱ
439 2833 661 2869 assumptum
680 2839 721 2860 ex
742 2827 782 2862 B.
940 2839 995 2861 21.
1023 2829 1040 2861 ὁ
1059 2834 1283 2872 assumptum
1302 2840 1343 2862 ex
1367 2828 1406 2862 B.
1562 2840 1616 2870 24.
1644 2831 1872 2862 τῶν-Μονο-

282 2870 362 2912 ’γενῆ
384 2869 424 2902 Β.
444 2886 481 2904 τι)
471 2886 501 2905 )ν
518 2887 592 2913 μον(
593 2887 661 2917 γει
664 2889 681 2916 η
701 2874 782 2907 ὅλον
800 2875 857 2908 τὸν
876 2889 910 2907 εκ
931 2877 1018 2907 Θεου
1037 2876 1211 2918 πεφηνότα
1231 2876 1318 2909 Θευν
1338 2875 1404 2909 Ed.
1508 2875 1563 2909 26.
1591 2875 1630 2908 ἂν
1647 2881 1873 2919 assumptum

283 2926 323 2947 Px
344 2927 373 2948 a.
