2037 3266
347 120 431 158 386
751 119 802 159 Β.
835 119 1109 161 CYRILLI
1151 119 1536 161 ALEXANDR.
1761 117 1848 159 xiii.
1868 129 1936 173 34.

126 241 203 276 751
216 240 265 274 A.
309 226 499 293 ηλόγου
526 227 611 292 τὴν
637 227 889 293 καινότητα
922 229 1113 292 δεικνὺς,
1141 233 1217 280 καὶ
1252 232 1335 293 τῆς
1371 230 1570 297 ἀρχαίας
1604 229 1777 292 ἐκείνης
1813 229 1933 293 ἀγα-

347 309 552 374 πήσεως,
581 313 662 375 τῆς
690 315 752 365 εἰς
787 311 1036 375 ἀλλήλους
1062 314 1198 380 φημὶ,
1225 313 1353 364 πολύ
1388 335 1433 362 τι
1469 311 1523 362 τὸ
1554 310 1708 377 μεῖζον
1732 309 1940 377 ἔχουσαν

345 392 432 457 τὴν
471 395 650 456 ἑαυτοῦ,
681 394 1015 460 προστέθεικεν
1052 395 1186 448 εὐθύς
1229 393 1387 450 Καθὼς
1428 392 1517 461 ἐγῶ
1555 392 1782 459 ἠγάπησα,
1818 392 1940 460 ὑμᾶς

341 475 415 527 ’ἵνα
443 480 520 527 καὶ
547 478 670 543 ὑμεῖς
698 477 926 541 ἀγαπᾶτε
951 476 1200 536 ἀλλήλους.

417 556 721 624 Ἐρευνητέον
770 563 1021 623 τοιγαροῦν
1065 557 1180 624 ὑπὲρ
1231 563 1316 609 τοῦ
1365 558 1573 609 συνιέναι
1623 559 1796 625 σαφῶς
1845 558 1980 606 τῶν5

344 639 598 705 εἰρημένων
642 638 729 703 τὴν
775 639 986 702 δύναμιν,
1028 644 1130 693 πῶς
1171 640 1425 705 ἠγάπησεν
1469 641 1589 704 ἡμᾶς
1635 640 1660 690 ὁ
1707 635 1936 704 Χριστός.

343 720 449 772 τότε
474 722 567 787 γὰρ
595 720 716 784 τότε,
743 723 819 771 καὶ
846 720 956 771 λίαν
982 722 1200 785 εὐκόλως,
1228 721 1584 789 ἐπαθρήσαιμεν
1611 719 1669 772 ἂν
1695 719 1749 770 τὸ
1782 717 1942 770 καινὸν

121 800 259 876 ξ-Ῑῑὲὤ·
345 804 421 853 καὶ
447 803 854 869 παρηλλαγμένον
880 806 964 867 τῆς
1000 805 1099 855 νυνὶ
1135 805 1353 869 δοθείσης
1383 806 1595 867 ἐντολῆς.
1653 805 1819 853 οὐκοῦν
1845 807 1872 830 “
1893 801 1942 852 ἐν

345 892 372 915 “
398 889 565 954 μορφῇ
593 889 719 936 Θεοῦ
747 884 974 953 ὑπάρχων
1001 887 1088 954 οὐχ
1115 885 1370 953 ἁρπαγμὸν
1395 885 1612 952 ἡγήσατο
1637 884 1691 936 τὸ
1716 881 1830 934 εἶναι
1856 882 1942 934 ἰ’σα

345 974 372 996 “
400 971 523 1036 Θεῷ,
568 968 680 1017 ἀλλ’
727 965 893 1018 ἑαυτὸν
945 968 1146 1020 ἐκένωσε
1196 967 1390 1038 μορφὴν
1433 967 1608 1019 δούλου
1658 964 1842 1029 λαβὼν,
1893 966 1941 1015 ἐν
1964 983 2013 1009 10

299 1047 325 1088 b
346 1054 372 1078 “
399 1048 660 1113 ὁμοιώματι
695 1050 961 1116 ἀνθρώπων
995 1049 1257 1116 γενόμενος,
1287 1053 1362 1102 καὶ
1397 1049 1612 1118 σχήματι
1647 1049 1844 1115 εὑρεθεὶς
1879 1048 1941 1100 ὡς

345 1137 372 1159 “
400 1130 650 1198 ἄνθρωπος
695 1132 1009 1183 ἐταπείνωσεν
1048 1131 1226 1196 ἑαυτὸν,
1266 1133 1516 1199 γενόμενος
1555 1130 1759 1196 ὑπήκοος
1803 1129 1942 1197 μέχρι

119 1197 236 1283 313⁰}
345 1220 372 1242 ‘⁶
401 1212 620 1276 θανάτου,
664 1212 872 1264 θανάτου
913 1212 962 1264 δὲ
1003 1215 1255 1281 σταυροῦ.”
1312 1214 1444 1265 ἀλλὰ
1485 1216 1561 1265 καὶ
1600 1212 1836 1265 πλούσιος
1876 1209 1941 1261 ὢν

342 1295 628 1363 ἐπτώχευσε,
656 1295 780 1346 καθὰ
814 1294 965 1347 πάλιν
996 1297 1020 1346 ὁ
1050 1301 1248 1351 Παῦλος
1283 1297 1391 1361 ἡμῖν
1418 1295 1773 1362 διεμαρτύρατο.
1828 1294 1941 1362 ὁρᾷς

341 1375 396 1428 τὸ
424 1376 585 1428 καινὸν
611 1380 694 1441 τῆς
723 1381 784 1432 εἷς
817 1379 939 1442 ἡμᾶς
971 1379 1293 1444 ἀγαπήσεως,
1338 1380 1363 1430 ὁ
1397 1377 1482 1442 μὲν
1509 1377 1602 1445 γὰρ
1638 1376 1778 1441 νόμος
1813 1377 1935 1442 ἀγα·
1962 1393 2010 1432 15

341 1462 496 1523 πῆσαι
535 1462 629 1510 δεῖν
660 1459 743 1511 τὸν
774 1459 988 1529 ἀδελφὸν
1020 1460 1269 1512 ἐκέλευσεν
1301 1463 1361 1515 ὡς
1402 1459 1583 1512 ἑαυτόν·
1626 1460 1651 1510 ὁ
1687 1457 1738 1510 δὲ
1766 1459 1941 1525 Κύριος

342 1541 476 1605 ἡμῶν
500 1543 693 1606 Ἰησοῦς
731 1544 756 1593 ὁ
796 1543 1011 1609 Χριστὸς
1050 1543 1304 1608 ἠγάπησεν
1343 1543 1463 1607 ἡμᾶς
1503 1541 1618 1608 ὑπὲρ
1656 1540 1837 1592 ἑαυτόν·
1886 1541 1940 1590 οὐ

305 1643 326 1669 c
343 1623 438 1689 γὰρ
465 1622 523 1675 ἂν
550 1625 598 1675 ἐν
623 1628 788 1693 μορφῇ
814 1626 890 1675 καὶ
919 1623 1104 1689 ἰσότητι
1129 1630 1213 1675 τοῦ
1241 1629 1366 1676 Θεοῦ
1392 1627 1468 1675 καὶ
1496 1622 1689 1690 Πατρὸς
1714 1622 1940 1691 ὑπάρχων

342 1705 463 1771 πρὸς
512 1704 599 1770 τὴν
643 1706 872 1773 ἡμετέραν
924 1706 1100 1772 κατέβη
1152 1706 1457 1769 ταπείνωσιν,
1505 1707 1605 1757 οὐδ’
1653 1704 1712 1756 ἂν
1756 1704 1939 1769 ὑπέστη

342 1786 514 1854 πικρὸν
541 1789 688 1842 οὕτως
729 1787 842 1855 ὑπὲρ
880 1789 1014 1853 ἡμῶν
1047 1788 1131 1840 τὸν
1165 1791 1248 1853 τῆς
1286 1787 1467 1855 σαρκὸς
1505 1788 1725 1850 θάνατον,
1754 1788 1853 1838 οὐδ’
1881 1785 1940 1838 ἂν
1961 1808 2037 1847 20ι

343 1870 574 1937 ἠνέσχετο
599 1871 917 1937 ῥαπισμάτων
942 1872 1227 1934 Ἰουδαϊκῶν,
1255 1871 1486 1939 αἰσχύνης
1517 1872 1594 1921 καὶ
1627 1870 1838 1936 γέλωτος
1864 1871 1940 1920 καὶ

345 1957 441 2003 τῶν
473 1953 641 2004 ἄλλων
678 1952 916 2016 ἁπάντων,
947 1953 1023 2004 ἵνα
1060 1953 1126 2018 μὴ
1166 1953 1346 2004 ἕκαστα
1385 1957 1481 2004 τῶν
1515 1956 1578 2006 εἰς
1616 1950 1759 2003 αὑτὸν
1792 1974 1937 2017 γεγο-

347 2034 498 2086 νότων
524 2035 925 2103 ἐξαριθμούμενοι,
942 2035 1061 2102 πρὸς
1085 2036 1349 2102 ἀπέραντον
1375 2034 1457 2086 τὸν
1478 2034 1626 2101 λόγον
1652 2034 1937 2097 ἐκτείνωμεν·

347 2117 459 2166 ἀλλ’
501 2117 600 2167 οὐδ’
645 2115 703 2167 ἂν
748 2117 1019 2184 ἐπτώχευσε
1064 2117 1300 2171 πλούσιος
1344 2116 1422 2180 ὢν,
1467 2120 1505 2168 εἶ
1549 2115 1615 2181 μὴ
1657 2113 1786 2167 πολὺ
1829 2115 1941 2166 λίαν

346 2197 600 2263 ἠγάπησεν
626 2198 749 2262 ἡμᾶς
786 2197 903 2264 ὑπὲρ
938 2198 1119 2250 ἑαυτόν.
1177 2199 1314 2267 ξένον
1340 2199 1421 2250 οὖν
1447 2198 1539 2265 ἄρα
1563 2200 1647 2261 τῆς
1673 2195 1862 2262 ἀγάπης
1885 2195 1939 2248 τὸ
1961 2216 2010 2256 25

346 2278 530 2344 μέτρον.
582 2281 704 2330 οὕτω
739 2281 815 2329 καὶ
849 2280 971 2343 ἡμᾶς
1007 2283 1271 2330 διακεῖσθαι
1303 2279 1496 2342 κελεύει,
1531 2278 1665 2330 οὐδὲν
1694 2277 1819 2332 ὅλως
1857 2280 1940 2342 τῆς

304 2371 330 2411 d
348 2364 410 2413 εἷς
450 2360 688 2428 ἀδελφοὺς
728 2361 1034 2426 προτιθέντας
1072 2361 1273 2427 ἀγάπης,
1313 2362 1366 2412 οὐ
1406 2361 1566 2429 δόξαν,
1605 2361 1659 2411 οὐ
1703 2365 1934 2422 πλοῦτον,

348 2442 460 2492 ἀλλ’
487 2441 590 2492 οὐδὲ
629 2443 881 2496 ὀκνοῦντας
920 2445 995 2493 καὶ
1034 2447 1096 2496 εἷς
1135 2441 1289 2505 αὑτὸν,
1316 2446 1353 2493 εἰ
1392 2442 1498 2506 δέοι,
1525 2441 1609 2493 τὸν
1639 2444 1721 2505 τῆς
1759 2441 1939 2508 σαρκὸς
2035 2442 2037 2507 ff

348 2526 612 2587 καταβῆναι
640 2522 859 2587 θάνατον,
887 2524 963 2574 ἵνα
989 2524 1074 2589 τὴν
1100 2531 1184 2575 τοῦ
1213 2523 1367 2578 πέλας
1403 2525 1645 2589 σωτηρίαν
1670 2522 1935 2589 ἀποκερδά-

348 2622 516 2670 νωμεν·
560 2604 584 2655 ὃ
612 2604 668 2669 δὴ
696 2607 771 2656 καὶ
797 2606 1103 2674 πεπράχασιν
1129 2609 1170 2657 οἱ
1196 2606 1416 2672 μακάριοι
1443 2613 1525 2657 τοῦ
1553 2608 1774 2672 Σωτῆρος
1807 2606 1939 2669 ἡμῶν
1960 2623 2010 2660 30

348 2688 570 2751 μαθηταὶ,
591 2688 665 2737 καὶ
693 2690 735 2738 οἱ
761 2692 858 2742 τοῖς
885 2688 1070 2738 ἐκείνων
1097 2688 1279 2756 ἴχνεσιν
1306 2687 1729 2752 ἀκολουθήσαντες,
1751 2687 1939 2751 ἄμεινον

397 2875 428 2897 2.
455 2864 514 2907 τὴν
533 2876 594 2908 pro
612 2866 670 2907 τῆς
690 2864 729 2898 E.
843 2877 872 2909 7.
900 2865 1152 2909 ἐπαθρήσιιιμεν
1172 2865 1211 2899 Ε.
1232 2865 1523 2910 ἐπαριθμήσαιμεν
1541 2866 1607 2900 Ed.
1720 2865 1773 2900 10.
1798 2866 1937 2910 μορφὴν

349 2910 473 2944 δούλου
492 2911 557 2945 hoc
576 2911 696 2944 ordine
716 2912 756 2945 E.
905 2922 957 2957 17.
986 2914 1003 2945 ὁ
1021 2918 1244 2956 assumptum
1263 2924 1303 2946 ex
1323 2912 1364 2946 E.
