2001 3231
285 102 340 140 52
689 102 738 141 Β.
773 100 1053 141 CYRILLI
1095 101 1477 142 ALEXANDR.
1702 99 1789 140 viii.
1812 111 1877 154 29.

287 212 435 259 ποιεῖν
479 210 527 259 ἐν
572 209 753 262 τούτοις
807 210 1155 276 διισχυρίσατο,
1201 211 1312 260 ἀλλ’
1361 210 1548 275 ἐπείπερ
1598 208 1883 274 ἶσογνώμων

289 290 393 340 ἐστὶ
427 294 503 340 καὶ
538 292 858 354 συνεθελητὴς
894 292 962 341 ἀεὶ
998 294 1064 359 τῷ
1099 289 1384 356 γεννήσαντι
1419 291 1538 357 πρὸς
1572 295 1668 341 πᾶν
1705 291 1881 351 ὁτιοῦν,

291 374 367 421 καὶ
415 371 548 422 οὐδὲν
593 372 864 436 μελετήσας
910 371 1030 422 κατὰ
1073 372 1220 435 μόνας
1270 371 1434 439 ὥσπερ
1479 372 1554 423 καὶ
1601 371 1887 439 διῃρημένως

291 453 534 503 ἐπιτελεῖν.
610 455 687 503 καὶ
739 454 792 503 οὐ
845 452 997 518 δήπου
1042 460 1291 516 νομιοῦμεν
1335 458 1398 508 εἰς
1443 453 1665 506 ἐκτόπους
1710 453 1888 505 ἐννοίας

253 535 735 588 Οκατολισθαίνοντες
771 535 1103 601 προαιρετικήν
1135 559 1240 586 τινα
1277 538 1352 586 καὶ
1389 535 1573 600 ἑκτικὴν
1608 532 1778 600 ἀρετὴν
1809 534 1882 583 ε’ν-
1909 554 1930 592 5

292 616 565 667 δείκνυσθαι
592 615 675 667 τὸν
701 616 818 667 Υὶὸν
844 618 892 667 ἐν
918 617 1114 681 τούτοις,
1143 617 1335 687 φύσεως
1362 617 1410 669 δὲ
1438 623 1630 679 μᾶλλον
1657 615 1889 681 ἀτρέπτου

293 695 491 763 καρπὸν,
526 699 609 748 οὐκ
648 697 878 767 ἀξιούσης
917 698 972 750 τὸ
1012 700 1266 765 θεοπρεπὲς
1305 702 1354 750 ἐν
1385 705 1451 769 τῷ
1490 723 1535 750 τι
1572 697 1890 761 βουλεύεσθαι

295 781 429 844 δρᾶν.
484 781 560 830 ἐπὶ
597 779 684 843 μὲν
721 780 816 846 γὰρ
855 785 949 831 τῶν
988 780 1264 844 κτισμάτων
1302 779 1382 833 ἅτε
1422 782 1478 846 δὴ
1519 783 1594 832 καὶ
1632 780 1891 847 τρέπεσθαι

295 860 567 923 δυναμένων
606 864 679 912 ἐπὶ
720 861 779 912 τὰ
818 862 973 929 χείρω,
1013 865 1087 913 καὶ
1126 869 1417 927 μεταβολαῖς
1457 864 1658 915 ὑπείκειν
1695 866 1796 914 ταῖς
1838 860 1895 929 ἐξ

295 941 550 1006 ἀμεινόνων
577 945 650 994 ἐπὶ
678 943 737 994 τὰ
770 945 1008 1011 αἰσχίονα,
1036 944 1215 1011 καρπὸς
1250 944 1308 996 ἂν
1335 946 1402 1010 εἰἠ
1439 949 1694 1006 θεοσεβοῦς
1730 966 1779 994 τε
1815 944 1892 992 καὶ
1915 966 1964 992 10

297 1024 556 1091 φιλαρέτου
582 1024 774 1090 γνώμης
805 1025 859 1076 τὸ
895 1026 1094 1090 ἀγαθόν.
1150 1029 1224 1078 ἐπὶ
1262 1027 1316 1077 δέ
1348 1050 1400 1092 γε
1440 1030 1522 1090 τῆς
1559 1027 1683 1079 θείας
1721 1025 1798 1074 καὶ
1834 1022 1895 1073 τὰ

295 1103 452 1154 πάντα
498 1107 828 1170 ὑπερκειμένης
873 1107 1039 1160 οὐσίας
1081 1109 1170 1175 οὐχ
1210 1110 1371 1161 οὕτως.
1445 1107 1754 1159 ἀλλοιώσεως
1799 1104 1894 1170 γὰρ

250 1188 372 1236 (1καῖ
424 1190 603 1251 τροπῆς
656 1188 849 1253 ἀπάσης
901 1189 1203 1257 ἐξῃρημένης,
1249 1193 1324 1241 καὶ
1367 1190 1515 1241 τόπον
1561 1191 1644 1240 οὐκ
1688 1187 1892 1256 ἐχούσης

297 1267 475 1330 οὐδένα,
503 1268 683 1335 καρπὸς
716 1269 850 1320 ἔσται
883 1270 1054 1321 λοιπὸν
1082 1272 1246 1325 οὐσίας
1283 1272 1640 1337 ἀπαραποιήτου
1675 1269 1729 1321 τὸ
1765 1271 1887 1334 ἀγα-

1995 746 2001 806 ἓ

297 1348 395 1412 θὸν,
425 1348 590 1417 ὥσπερ
618 1351 700 1401 οῦν
727 1351 888 1414 ἀμέλει
915 1353 991 1402 καὶ
1018 1354 1065 1402 ἐν
1091 1355 1204 1418 πυρὶ
1240 1353 1294 1404 τὸ
1329 1354 1516 1419 θερμὸν,
1546 1354 1572 1418 ὴ
1607 1356 1656 1405 ε’ν
1681 1352 1803 1420 χιόνι
1838 1350 1892 1402 τὸ
1916 1374 1962 1412 15

296 1431 504 1499 ψυχρόν·
546 1434 600 1482 οὐ
627 1432 720 1499 γὰρ
747 1435 795 1483 ἐν
822 1433 1017 1497 θελήσει
1049 1432 1103 1485 τὸ
1137 1441 1232 1501 πῦρ
1267 1435 1352 1498 τὴν
1379 1436 1497 1486 ἰδίαν
1524 1435 1756 1502 ἐνέργειαν
1784 1432 1893 1500 ε”χον

299 1513 477 1578 ὁρᾶται,
519 1513 730 1581 φυσικὴν
769 1514 818 1565 δὲ
862 1520 1054 1578 μᾶλλον
1090 1519 1165 1567 καὶ
1210 1517 1432 1581 οὐσιώδη,
1473 1519 1639 1583 ἑτέρως
1681 1517 1802 1583 ἔχειν
1841 1515 1895 1565 οὐ

300 1595 571 1657 δυνάμενον,
600 1600 637 1646 εὶ
663 1595 727 1660 μὴ
755 1597 847 1662 ἄρα
873 1602 1021 1648 ποιεῖν
1045 1603 1139 1651 τοῖς
1167 1604 1249 1649 τοῦ
1281 1599 1591 1664 πεποιηκότος
1629 1596 1895 1662 ἐκβιάζηται

301 1676 545 1740 νεύμασιν.
602 1678 770 1728 οὐκοῦν
809 1680 863 1728 οὐ
908 1678 1123 1746 καθάπερ
1172 1680 1313 1743 ἡμεῖς,
1355 1682 1465 1731 ἀλλ’
1509 1680 1612 1732 οὐδὲ
1656 1679 1813 1746 ἕτερόν
1851 1700 1896 1728 τι

301 1763 396 1808 τῶν
424 1764 630 1824 λογικῶν
657 1759 947 1823 κτισμάτων,
974 1762 1023 1810 ἐκ
1053 1761 1371 1827 προαιρέσεως
1406 1765 1489 1826 τῆς
1521 1763 1757 1831 ἐξαιρέτου
1797 1763 1896 1811 δια-
1917 1786 1966 1810 20

261 1862 283 1888 e
303 1841 615 1906 κρατούμενος
652 1846 714 1894 εἰς
751 1841 804 1892 τὸ
842 1845 958 1907 δρᾶν
983 1843 1253 1908 ἐπείγεσθαι
1285 1842 1338 1894 τὸ
1369 1843 1574 1909 ἀρέσκον
1600 1867 1644 1895 τι
1672 1848 1783 1913 Θεῷ
1822 1845 1896 1893 καὶ

303 1924 460 1987 Πατρὶ
505 1921 565 1972 τὰ
609 1922 801 1973 τοιαῦτά
846 1928 998 1992 φησιν
1038 1925 1062 1973 ὁ
1110 1925 1403 1990 Μονογενὴς,
1445 1928 1554 1976 ἀλλ’
1597 1929 1658 1980 ὡς
1704 1926 1897 1994 φύσεως

303 2004 421 2056 ἰδίας
457 2008 651 2068 θεσμοῖς
687 2007 978 2067 ἀκολουθῶν,
1007 2008 1082 2056 καὶ
1118 2006 1251 2057 οὐδὲν
1278 2007 1435 2072 ἕτερον
1461 2008 1591 2061 εἰδὼς
1627 2012 1822 2075 φρονεῖν
1847 2029 1898 2057 τε

303 2088 379 2135 καὶ
415 2084 651 2151 πράττειν,
680 2090 717 2136 εὶ
751 2087 816 2150 μὴ
853 2086 912 2137 τὰ
945 2089 993 2137 ἐν
1020 2087 1214 2151 θελήσει
1253 2094 1336 2139 τοῦ
1375 2089 1695 2154 γεννήσαντος
1734 2089 1894 2140 αὐτόν.

302 2172 403 2220 πῶς
429 2166 523 2233 γὰρ
549 2166 608 2217 ἂν
635 2167 758 2220 ὅλως
786 2169 812 2232 ἡ
840 2168 1092 2230 ὁμοούσιός
1119 2192 1167 2219 τε
1201 2172 1277 2220 καὶ
1312 2171 1397 2232 μιά
1432 2170 1595 2234 θεότης
1631 2174 1748 2234 αὕτη
1784 2169 1894 2221 καθ’
1917 2195 1966 2234 25

305 2251 471 2312 ἑαυτῆς
514 2247 791 2315 διχονοήσαι
842 2250 967 2300 ποτέ
981 2271 992 2311 ;
1056 2249 1082 2313 ἢ
1131 2255 1231 2304 πῶς
1279 2249 1336 2301 ἂν
1378 2251 1433 2302 τὸ
1475 2252 1540 2315 μὴ
1585 2253 1702 2319 αὐτῇ
1748 2254 1895 2319 φίλον

307 2329 579 2396 ἐργάσαιτο,
599 2329 722 2383 τινὸς
750 2329 895 2394 αὐτὴν
916 2331 989 2398 ἐφ’
1018 2331 1174 2397 ἕτερόν
1199 2355 1243 2382 τι
1269 2334 1584 2398 παρατρέπειν
1611 2333 1890 2401 ἱσχύοντος;

307 2415 344 2461 εἰ
380 2410 472 2477 γὰρ
508 2411 773 2480 ὑφέστηκεν
801 2413 893 2479 ἰδίᾳ
932 2415 1008 2462 καὶ
1047 2412 1155 2463 καθ’
1183 2412 1348 2464 ἑαυτὸν
1375 2415 1400 2464 ὁ
1437 2413 1558 2468 Θεὸς
1593 2417 1668 2465 καὶ
1702 2414 1891 2481 Πατὴρ,

353 2578 387 2611 3.
413 2566 619 2610 διῃρημένως
635 2578 665 2600 a.
684 2566 779 2600 Aub.
799 2578 816 2600 e
835 2566 913 2600 Cat.
934 2566 1033 2601 Harl.
1053 2567 1251 2612 διῃρημένος
1271 2568 1311 2602 Β.
1334 2568 1452 2603 Holst.
1520 2569 1646 2603 Statim
1664 2569 1832 2603 ἐπιτελεῖν
1850 2569 1894 2604 Β.

310 2613 373 2647 Ht.
405 2613 564 2652 ἐπιτελεῖ,
590 2614 764 2647 clausulas
796 2625 859 2657 pro
889 2625 985 2647 more
1014 2620 1260 2659 transponens,
1286 2615 1614 2661 aliquantulumque
1641 2617 1766 2650 iterum
1797 2628 1894 2650 com-

307 2671 442 2703 ponens
462 2660 622 2699 Niketas‚
641 2660 736 2693 unde
753 2659 848 2693 Aub.
1084 2668 1114 2706 7.
1140 2660 1332 2701 βούλεσθαι
1353 2662 1428 2695 ss.a.
1450 2663 1512 2696 Ht.
1530 2662 1762 2702 βουλεύεσθαι
1779 2675 1797 2696 e
1816 2662 1893 2697 Cat.

310 2705 410 2739 Harl.
430 2706 524 2739 Aub.
575 2706 699 2739 Statim
718 2721 749 2739 τι
767 2706 965 2750 transponit
983 2718 1013 2741 a.
1145 2708 1177 2741 S.
1203 2703 1390 2750 τρέπεσθαι
1409 2708 1485 2742 B.a.
1507 2709 1570 2742 Ht.
1589 2709 1779 2753 τραπέσθαι
1797 2708 1892 2742 Aub.

312 2752 364 2784 18.
391 2754 480 2785 ποιεῖ
501 2752 539 2784 Β.
558 2754 667 2786 ποιεῖν
683 2752 882 2786 emendavit
904 2754 965 2786 [lt.
986 2759 1152 2787 neutrum
1170 2753 1275 2788 habet
1293 2766 1323 2788 a.
1559 2766 1614 2788 21.
1641 2756 1679 2788 τὸ
1697 2754 1844 2798 ἀρέσκον
1861 2769 1894 2788 τι

307 2796 412 2830 edidi.
431 2799 468 2830 τὸ
491 2798 671 2841 ἀρέσκοντι
692 2798 734 2832 B.
753 2801 798 2844 τῷ
823 2798 1003 2843 ἀρέσκοντι
1025 2800 1086 2833 Ht.
1107 2801 1146 2833 τὸ
1166 2800 1312 2843 ἀρέσκον
1330 2813 1347 2834 e
1366 2800 1443 2835 Cat.
1466 2801 1563 2835 Harl.
1581 2800 1779 2834 emendavit
1797 2800 1892 2835 Aub.

309 2841 364 2875 26.
392 2843 605 2887 διχονοήσειέ
621 2857 653 2878 a.
833 2854 888 2889 27.
916 2859 955 2878 το
974 2845 1016 2878 B.
1035 2860 1066 2879 τι
1084 2847 1280 2881 emendavit
1299 2848 1393 2882 Aub.
1460 2847 1585 2881 Statim
1602 2847 1830 2891 παρατρέπειν
1849 2846 1893 2882 Β.

308 2889 403 2922 Aub.
422 2900 440 2922 e
459 2890 535 2923 Cat.
556 2890 655 2924 Harl.
674 2894 715 2924 ut
732 2890 877 2925 adnotat
895 2891 980 2935 ipse.
998 2893 1225 2938 παρατρέχειν
1245 2893 1309 2927 Ht.
