2001 3231
319 110 373 150 10
718 112 768 153 B.
802 111 1080 154 CYRILLI
1121 112 1503 155 ALEXANDR.
1726 111 1813 153 viii.
1835 124 1901 166 23.

317 217 554 286 ε’κληφθέν
592 221 903 285 ὑποσημαίνει
941 223 1017 273 καὶ
1055 227 1209 273 τοῦτο·
1267 224 1341 273 καὶ
1381 220 1660 286 θαυμαστὸν
1695 220 1827 272 οὐδὲν
1865 224 1903 270 εἰ

317 299 550 355 τοιαύταις
582 303 827 363 ἀβουλίαις
853 302 1068 354 Ἰουδαῖοι
1103 303 1531 369 περιπεπτώκασιν,
1558 305 1621 357 ὡς
1655 305 1730 353 καὶ
1763 300 1899 367 λογί-

317 379 486 445 ζεσθαί
513 405 557 433 τι
592 388 803 435 τοιοῦτον
831 385 905 435 ἐπὶ
931 387 1146 454 Χριστῷ.
1199 383 1324 436 Θεὸν
1350 384 1444 451 γὰρ
1470 384 1583 436 ὅντα
1608 382 1727 435 κατὰ
1756 382 1906 452 φύσιν

318 463 400 513 οὐκ
428 461 619 530 ᾔδεσαν,
646 464 792 529 μόνον
819 465 867 517 δὲ
903 469 964 520 εἷς
998 473 1137 517 τοῦτο
1173 466 1227 518 τὸ
1261 466 1353 520 ἀπὸ
1389 471 1476 534 γῆς
1514 469 1712 535 ὁρῶντες
1739 471 1901 529 σῶμα,

279 565 300 592 e
320 544 569 610 ἄνθρωπον
600 545 809 597 ἐνενόουν
841 548 922 598 ἕνα
959 553 1053 599 τῶν
1085 549 1190 600 καθ’
1218 549 1352 612 ἡμᾶς.
1410 549 1485 600 διὰ
1523 549 1616 616 γάρ
1657 572 1728 600 τοι
1766 552 1906 598 τοῦτο
1927 563 1949 602 5

94 629 232 712 ῗὲξᾟὸ
320 628 395 677 καὶ
420 626 723 691 ἐπιπλήττων
748 629 903 682 αὐτοῖς
935 629 1145 697 ἔφασκεν
1172 631 1196 681 ὁ
1224 630 1393 697 Σωτήρ
1420 638 1446 661 “
1466 632 1627 694 Ὑμεῖς
1666 627 1786 681 κατὰ
1819 626 1907 691 τὴν

320 714 348 737 “
373 706 533 774 σάρκα
583 709 804 775 κρίνετε.”
870 710 1080 779 ἀφιστὰς
1131 718 1382 778 τοιγαροῦν
1432 710 1599 766 αὐτοὺς
1649 714 1733 775 τῆς
1784 711 1906 761 οὕτω

318 791 651 856 μειρακιώδους
690 794 765 841 καὶ
804 797 1120 858 χαμαιπετοῦς
1161 794 1351 856 ἐννοίας,
1391 794 1601 845 διδάσκει
1642 791 1804 854 πάλιν,
1844 793 1907 844 ὡς·

318 873 372 922 οὐ
398 872 509 938 περί
529 896 653 927 τινος
679 877 773 924 τῶν
798 875 845 923 ἐν
872 876 1052 938 γενέσει
1079 876 1154 925 καὶ
1180 877 1341 944 φθορᾷ
1367 875 1709 941 διαλογίζονται
1735 878 1903 933 ταῦτα,

316 955 421 1020 περὶ
459 952 507 1003 δὲ
545 960 627 1004 τοῦ
662 954 840 1006 ἄνωθεν
868 957 942 1005 καὶ
975 956 1024 1005 ἐκ
1053 960 1178 1006 Θεοῦ
1207 955 1398 1022 Πατρὸς
1424 955 1761 1022 γεγεννημένου
1788 952 1907 1005 κατὰ
1931 973 1979 998 10

318 1035 559 1099 ἀλήθειαν.
613 1035 814 1101 ἁρμόσει
840 1043 1089 1102 τοιγαροῦν
1115 1039 1197 1088 οὐκ
1230 1040 1329 1101 ἐμοὶ
1364 1043 1555 1102 μᾶλλον
1581 1038 1634 1089 τὸ
1665 1036 1904 1097 τεθνάναι,
1953 1054 1955 1058 ”

318 1118 455 1185 φησὶ,
481 1119 558 1167 καὶ
584 1118 790 1186 φεύγειν,
818 1117 997 1168 ἄνωθεν
1022 1117 1116 1185 γάρ
1141 1123 1246 1183 εἶμι,
1272 1119 1503 1178 τουτέστι,
1532 1118 1654 1173 Θεὸς
1686 1121 1734 1169 ἐκ
1761 1122 1902 1168 Θεοῦ·

316 1197 371 1248 τὸ
396 1197 490 1264 γὰρ
517 1198 613 1249 ἄνω
638 1198 831 1250 πάντων
859 1200 992 1253 Θεός·
1035 1201 1141 1265 ὑμῖν
1168 1201 1216 1252 δὲ
1247 1207 1387 1252 τοῦτο
1421 1200 1690 1268 προσέσται
1719 1221 1906 1265 πρεπω-

95 1299 183 1332 503
198 1297 249 1332 A.
277 1279 554 1347 ῆδέστερον.
609 1280 817 1332 κάτωθεν
844 1280 937 1348 γάρ
975 1284 1097 1346 ἐστε,
1123 1282 1342 1334 τουτέστι
1381 1284 1572 1352 φύσεως
1608 1281 1908 1345 ὑποκειμένης

317 1385 367 1413 τε
407 1361 608 1432 θανάτῳ,
648 1366 723 1413 καὶ
764 1362 1126 1428 ὑποπιπτούσης
1166 1368 1326 1433 φθορᾷ
1364 1368 1440 1415 καὶ
1480 1365 1646 1433 δειλίᾳ·
1697 1364 1766 1414 ἐπ’
1806 1363 1905 1425 ἐμοὶ
1931 1381 1977 1419 15

317 1449 568 1510 τοιγαροῦν
606 1443 944 1510 διαλογίζεσθε,
985 1447 1123 1513 φησὶ,
1162 1451 1375 1496 τοιοῦτον
1413 1445 1571 1509 μηδὲν,
1608 1445 1693 1509 τὴν
1730 1446 1908 1495 ἑαυτῶν

318 1526 514 1593 ἀφέντες
541 1525 804 1576 ἀσθένειαν·
846 1527 899 1576 οὐ
923 1524 1016 1592 γὰρ
1048 1525 1264 1589 ἰσότιμον
1290 1532 1356 1596 τῷ
1383 1525 1613 1594 Δεσπότῃ
1640 1525 1692 1578 τὸ
1721 1529 1906 1587 δοῦλον,

318 1611 385 1676 τῷ
421 1606 598 1658 ἄνωθέν
623 1631 671 1658 τε
698 1609 773 1658 καὶ
798 1609 847 1658 ἐκ
875 1611 999 1658 Θεοῦ
1027 1606 1218 1675 Πατρὸς
1253 1609 1573 1678 γεγεννημένῳ
1610 1607 1663 1659 τὸ
1700 1606 1907 1658 κάτωθεν

319 1690 396 1740 καὶ
423 1688 516 1740 ἀπὸ
542 1692 624 1753 τῆς
651 1692 752 1755 γῆς.

385 1771 501 1821 ”Οτι
539 1770 587 1822 δὲ
626 1770 680 1822 τό
710 1770 929 1822 ”Ανωθεν
964 1769 1050 1836 τὴν
1086 1773 1135 1822 ἐκ
1173 1775 1298 1823 Θεοῦ
1336 1771 1527 1838 Πατρὸς
1566 1773 1788 1838 γέννησιν
1823 1776 1905 1822 τοῦ
1927 1795 1978 1821 20

319 1855 437 1902 Υὶοῦ
483 1853 813 1951 ὑποσημαίνει,
862 1855 937 1903 καὶ
987 1851 1223 1918 λογισμὸς
1274 1854 1394 1917 ἡμᾶς
1445 1853 1686 1904 ἀναπείσει
1730 1852 1901 1922 σοφός.

319 1938 521 1987 τοπικῶς
573 1935 658 1998 μὲν
703 1933 805 2000 γὰρ
848 1933 1086 2001 ἐκληφθεν
1128 1934 1182 1985 τό
1225 1933 1457 1997 ”Ανωθεν,
1504 1935 1557 1986 τὸ
1604 1936 1661 2002 ἐξ
1708 1936 1906 1999 οὐρανοῦ

275 2014 542 2079 ὒδηλονότι
581 2018 730 2080 δηλοῖ,
767 2017 878 2066 ἀλλ’
908 2015 1038 2066 οὐδεν
1077 2018 1125 2066 ἐν
1153 2020 1253 2085 Υιῲ
1291 2040 1345 2067 το
1384 2017 1620 2085 εξαίρετον
1653 2016 1783 2083 παρὰ
1821 2016 1907 2080 τὴν

321 2097 448 2147 κάτω
493 2120 568 2147 και
618 2097 920 2195 ὑποκειμένην
965 2121 1030 2147 τω
1077 2101 1185 2168 Θεῷ
1239 2099 1407 2161 κτίσιν,
1454 2098 1566 2149 ὅταν
1613 2098 1802 2165 ἐρχηται
1853 2097 1911 2166 ἐξ

322 2179 520 2244 οὐρανοῦ
571 2178 729 2242 μόνον,
781 2179 883 2229 ε’πεί
928 2201 999 2228 τοι
1050 2181 1124 2228 καὶ
1179 2179 1403 2244 ἀγγελων
1453 2183 1493 2230 οἱ
1544 2181 1737 2232 πλειους
1787 2203 1905 2245 προς
1927 2202 1976 2241 25

323 2258 559 2309 διακονίαν
590 2258 1000 2322 ἀποστελλόμενοι
1039 2258 1165 2310 κάτω
1203 2261 1450 2327 βαδίζουσι
1490 2259 1764 2314 διοικοῦντές
1801 2283 1906 2311 τινα

322 2345 416 2391 τῶν
443 2343 516 2392 ἐπὶ
543 2343 625 2404 τῆς
651 2342 740 2406 γῆς
772 2340 952 2391 ἄνωθεν
977 2342 1053 2391 καὶ
1089 2342 1146 2410 ἐξ
1177 2343 1375 2407 οὐρανοῦ
1410 2344 1785 2402 καταβαίνοντες.
1831 2343 1906 2391 καὶ

100 2432 241 2515 ’Ξὲιηῒιὶ-
323 2423 502 2489 μάρτυς
547 2422 655 2486 ἡμῖν
700 2422 725 2472 ὁ
772 2420 940 2488 Σωτὴρ
987 2421 1142 2487 λέγων
1185 2430 1212 2452 “
1238 2423 1392 2488 Ἀμὴν
1437 2423 1561 2488 ἀμὴν
1606 2424 1731 2489 λέγω
1777 2424 1903 2486 ὑμῖν,

370 2592 403 2628 5.
431 2583 619 2619 ἐννοοῦντες
638 2583 680 2617 B.
702 2582 819 2617 Holst.
840 2582 992 2617 ἐνενόουν
1010 2583 1206 2618 emendavit
1224 2596 1240 2617 e
1261 2583 1336 2618 Cat.
1355 2587 1394 2618 ut
1413 2584 1482 2618 vid.
1502 2584 1596 2618 Aub.
1690 2583 1760 2629 διὰ]
1782 2584 1834 2617 καὶ
1853 2584 1907 2617 διὰ

324 2629 964 2674 Αυὶ).16.διαλογιζεσθε,
983 2631 1084 2675 φησὶ,
1103 2633 1256 2665 τοιοῦτον
1273 2632 1376 2674 μηδὲν
1392 2631 1459 2665 hoc
1477 2631 1596 2664 ordine
1617 2631 1644 2664 B
1665 2643 1736 2675 mg.
1755 2643 1785 2664 a.
1803 2630 1908 2674 μηδὲν

322 2679 486 2719 τοιοῦτον,
504 2676 605 2722 φησι,
623 2676 861 2721 διαλογίζεσθε
881 2676 947 2710 Ed.
1178 2688 1232 2711 20.
1259 2680 1297 2711 τό
1317 2678 1513 2711 emendavit
1532 2690 1548 2711 e
1569 2678 1645 2712 Cat
1664 2684 1702 2711 ut
1721 2677 1790 2711 vid.
1809 2677 1904 2711 Aub.

323 2722 382 2764 τὴν
404 2722 442 2755 Β.
531 2723 689 2768 γέννησιν
705 2726 764 2756 τοῦ
782 2724 862 2756 Υἶοῦ
881 2735 910 2757 a.
929 2726 988 2757 τοῦ
1007 2724 1079 2757 υἱου
1096 2739 1155 2766 την
1171 2724 1330 2769 γέννησιν
1350 2724 1391 2757 B
1409 2726 1482 2758 υἱοῦ
1501 2739 1560 2768 την
1577 2724 1735 2769 γέννησιν
1755 2723 1816 2757 Ht.
1838 2722 1905 2756 Ed.

326 2767 483 2801 Statim‘
470 2770 691 2812 υποσημαίνει
715 2781 745 2804 a.
764 2770 974 2813 ἐπισημαίνει
995 2770 1061 2804 Ed.
1229 2782 1283 2804 22.
1310 2771 1540 2815 ε’κληφθεντος
1560 2771 1600 2804 Β.
1622 2771 1683 2804 Ht.
1702 2770 1871 2812 εκληφθεν
1888 2780 1906 2802 e

325 2814 401 2847 Cat.
420 2820 459 2847 ut
477 2814 619 2848 adnotat
637 2816 710 2859 ipse
729 2816 927 2850 emendavit
945 2816 1039 2850 Aub.
1091 2817 1216 2850 Statim
1235 2819 1273 2850 τὸ
1290 2818 1416 2851 ἄνωθεν
1433 2819 1471 2851 τὸ
1490 2830 1507 2851 e
1526 2817 1602 2851 Cat.
1622 2816 1696 2850 ead
1715 2816 1906 2859 assumpsit

324 2860 417 2895 Aub.
532 2871 585 2905 23.
613 2862 769 2904 δηλονότι
790 2863 907 2896 omiS1t
924 2862 1018 2896 Aub.
1038 2869 1089 2896 est
1107 2869 1139 2896 et
1157 2864 1192 2896 in
1211 2875 1241 2897 a.
1351 2875 1406 2906 25.
1431 2865 1533 2907 μόνον
1550 2864 1588 2906 ἐξ
1605 2863 1747 2907 οὐρανοῦ
1765 2862 1823 2895 inv
1828 2873 1904 2896 erSO

324 2906 444 2939 oldine
463 2918 493 2940 a.
639 2909 693 2941 28.
721 2908 814 2953 ὑμῖν]
839 2913 875 2949 —l—
896 2908 1023 2953 ἀπορτί
1042 2910 1104 2943 Ht.
1125 2909 1189 2943 Ed.
