2001 3231
307 133 334 172 8
709 132 759 173 Β.
793 130 1071 173 CYRILLI
1112 129 1491 172 ALEXANDR.
1720 125 1805 167 viii.
1827 137 1892 168 21.

88 249 228 334 'gs-lxii·
311 240 425 293 εἶναι
460 245 554 293 δεῖν
578 240 686 296 τοὺς
720 245 787 311 τῷ
819 241 1046 311 πανάγνῳ
1072 243 1180 309 Θεῷ
1214 238 1369 306 λέγειν
1401 236 1650 290 ἐθέλοντας
1678 242 1704 266 “
1723 233 1894 287 Ἐκολ-

313 332 340 355 “
366 323 493 389 λήθη
518 325 544 389 ἡ
571 322 706 394 ψυχή
734 347 826 388 μου
851 324 1008 375 ὀπίσω
1035 320 1167 374 σου.”

388 407 580 471 Ταύτην
611 404 738 469 οἶμαι
772 405 859 470 τὴν
892 404 1098 456 διάνοιαν
1129 405 1212 455 οὐκ
1250 402 1483 470 ἀκόμψως
1517 403 1592 452 καὶ
1630 406 1712 452 νῦν
1744 402 1891 470 ἐφηρ-

314 487 493 553 μόσθαι
519 491 585 557 τῷ
610 486 896 557 προκειμένῳ
923 489 1066 556 ῥητῷ·
1110 491 1147 537 εἰ
1173 485 1220 537 δὲ
1247 484 1338 553 χρὴ
1363 488 1758 551 περινοστοῦντας
1783 481 1897 532 αὐτὸ

317 570 554 639 διαφόρως
581 572 860 636 ἐπαθρῆσαι,
890 571 964 620 καὶ
991 573 1132 620 εἰπεῖν
1156 569 1230 619 ἐπὶ
1265 566 1445 620 τούτοις
1476 565 1633 633 ἕτερόν
1658 587 1703 615 τι
1730 563 1895 626 πάλιν,
1919 578 1941 616 5

278 673 300 700 c
319 655 394 704 καὶ
431 659 570 703 τοῦτο
604 657 751 703 ποιεῖν
776 652 859 702 οὐκ
892 650 1172 715 ὀκνήσομεν.
1217 648 1371 700 “Owov
1398 647 1486 714 ἐγῶ
1512 647 1680 714 ὑπάγω
1706 649 1829 714 ὑμεῖς
1857 649 1900 696 οὐ

318 733 496 786 δύνασθε
533 733 678 785 ἐλθεῖν.
734 733 855 786 Θεὸς
891 732 1116 800 ὑπάρχων
1151 729 1389 796 ἀληθινὸς,
1415 729 1664 799 ἀφέστηκα
1699 727 1784 792 μὲν
1820 729 1897 778 οὐ·

318 816 460 879 δενὸς,
504 820 675 882 πληρῶ
722 814 771 866 δὲ
822 815 882 866 τὰ
930 814 1100 876 πάντα,
1147 814 1222 864 καὶ
1268 818 1364 866 τοῖς
1406 816 1529 863 πᾶσι
1573 809 1746 872 συνὼν,
1791 813 1901 859 οἰκῶ

316 898 534 963 μάλιστα
590 896 672 948 τὸν
723 895 935 963 οὐρανὸν,
986 896 1158 960 ἥδιστα
1206 899 1301 948 τοῖς
1353 893 1501 959 ἁγίοις
1553 891 1902 954 ἐνδιαιτώμενος

316 980 596 1044 πνεύμασιν.
654 978 763 1030 ἀλλ’
792 979 979 1044 ἐπείπερ
1018 979 1108 1041 εἰμὶ
1149 978 1225 1028 καὶ
1264 974 1604 1046 φιλάνθρωπος
1641 979 1736 1025 τῶν
1775 974 1903 1024 ὅλων
1926 997 1975 1022 10

316 1060 660 1129 γενεσιουργὸς,
679 1062 732 1111 οὐ
759 1059 974 1129 φορητὴν
1000 1058 1257 1125 ἡγησάμην
1282 1062 1376 1109 τῶν
1403 1059 1603 1121 ἐμαυτοῦ
1629 1054 1904 1119 ποιημάτων

317 1143 403 1208 τὴν
429 1143 611 1210 ζημίαν·
655 1141 775 1193 εἶδον
801 1146 861 1195 εἷς
895 1141 1093 1207 ὄλεθρον
1125 1142 1336 1203 παντελῆ
1372 1137 1671 1205 κεχωρηκότα
1703 1137 1785 1188 τὸν
1815 1137 1900 1186 ἄν·

319 1230 527 1291 θρωπον·
568 1224 793 1291 ἐθεώρουν
815 1224 872 1292 ἐξ
896 1223 1124 1290 ἁμαρτίας
1151 1222 1363 1274 πεσόντα
1388 1219 1506 1286 πρὸς
1535 1219 1751 1271 θάνατον·
1792 1220 1902 1269 ἀλλ’

320 1308 408 1359 ἔδει
446 1313 578 1375 χεῖρα
617 1305 786 1358 λοιπὸν
820 1306 906 1370 τὴν
941 1306 1187 1371 ἐπίκουρον
1220 1305 1286 1372 τῷ
1324 1302 1517 1371 κειμένῳ
1555 1302 1900 1368 προτείνεσθαι·

275 1396 303 1437 (1
321 1392 409 1441 ἔδει
459 1395 525 1459 τῷ
576 1388 853 1457 νενικημένῳ
905 1389 981 1438 καὶ
1031 1387 1250 1438 πίπτοντι
1310 1384 1386 1435 διὰ
1441 1384 1619 1437 παντὸς
1677 1385 1907 1444 ἐπαμῦναι
1930 1401 1975 1439 15

321 1471 510 1537 τρόπου.
574 1469 673 1522 εἶτα
707 1475 807 1524 πῶς
844 1468 900 1533 ἧν
936 1467 1198 1519 ἀκόλουθον
1232 1469 1484 1517 ἀνασῶσαι
1520 1465 1574 1515 τὸ
1613 1464 1902 1526 ἀπολωλός;

321 1553 408 1604 ἔδει
435 1558 641 1604 συνεῖναι
669 1558 763 1606 τοῖς
789 1551 1108 1602 κινδυνεύουσι
1135 1548 1217 1600 τὸν
1244 1547 1417 1614 ἰατρὸν,
1443 1546 1530 1598 ἔδει
1563 1552 1776 1613 παρεῖναι
1812 1551 1909 1599 τοῖς

322 1635 683 1700 ἀποθνήσκουσι
722 1632 807 1698 τὴν
842 1632 975 1700 ζωὴν,
1007 1632 1095 1683 ἔδει
1134 1633 1496 1682 συνδιαιτᾶσθαι
1530 1634 1626 1682 τοῖς
1665 1631 1713 1679 ἐν
1748 1628 1909 1680 σκότει

323 1717 376 1768 τὸ
416 1722 535 1786 φῶς.
597 1718 706 1767 ἀλλ’
740 1716 798 1781 ἧν
830 1717 914 1766 οὐκ
952 1713 1142 1783 ἐφικτὸν
1175 1712 1450 1779 ἀνθρώπους
1490 1711 1628 1765 ὄντας
1667 1713 1785 1775 ὑμᾶς
1823 1711 1909 1774 τὴν

324 1799 474 1869 φύσιν
500 1802 761 1862 ἀναπτῆναι
797 1796 915 1863 πρὸς
951 1795 1150 1862 οὐρανὸν
1185 1796 1259 1845 καὶ
1299 1797 1664 1844 συνδιαιτᾶσθαι
1701 1797 1768 1862 τῷ
1806 1793 1904 1844 σώ-
1931 1815 1981 1840 20

325 1882 461 1949 ζοντι.
516 1883 720 1949 ἀφῖγμαι
746 1884 996 1944 τοιγαροῦν
1023 1877 1161 1930 αὐτὸς
1187 1875 1279 1942 ἐγὼ
1312 1875 1431 1941 πρὸς
1463 1877 1593 1938 ὑμᾶς,
1620 1874 1789 1938 ἤκουον
1815 1879 1909 1924 τῶν

102 1970 202 2043 ΟΡΞΜ.
221 2020 249 2050 5·
327 1964 473 2030 ἁγίων
498 1962 734 2015 πολλάκις
769 1961 992 2022 βοώντων
1019 1967 1045 1989 “
1069 1957 1213 2025 Κύριε
1252 1963 1413 2008 κλῖνον
1446 1956 1669 2023 οὐρανούς
1707 1979 1799 2007 σου
1835 1958 1910 2007 καὶ

286 2067 308 2094 e
328 2054 354 2076 ‘⁶
381 2045 653 2109 κατάβηθι.”
697 2041 999 2106 καταβέβηκα
1033 2045 1283 2107 τοιγαροῦν
1309 2038 1606 2101 κατακλίνας,
1634 2041 1799 2106 φησιν,
1826 2039 1904 2088 οὐ·

325 2127 509 2194 ρανούς·
570 2128 623 2177 οὐ
664 2124 757 2192 γὰρ
802 2124 858 2189 ἧν
898 2126 1016 2186 ὑμᾶς
1060 2122 1188 2191 ἥξειν
1226 2123 1374 2172 ἐκεῖσε
1417 2124 1694 2186 προσδοκᾶν
1732 2120 1908 2174 ἄλλως.

327 2209 392 2260 ἔτι
423 2208 516 2260 σὺν
542 2210 648 2272 ὑμῖν
673 2209 748 2258 καὶ
774 2206 1122 2271 συνδιατρίβειν
1146 2203 1385 2270 ἀνέχομαι,
1412 2202 1697 2269 γοργότερον
1723 2201 1910 2268 ἐπιδρά-
1933 2215 1980 2254 25

328 2291 479 2359 ξασθε
523 2292 606 2354 τῆς
650 2289 780 2356 ζωῆς,
820 2286 1138 2352 καθαρίσθητε
1184 2284 1260 2336 διὰ
1299 2287 1382 2348 τῆς
1420 2285 1640 2345 πίστεως,
1679 2283 1763 2337 ἕως
1802 2283 1923 2347 ὅτου,

326 2371 558 2438 πάρεστιν
590 2373 614 2421 ὁ
651 2373 794 2421 ἐλεεῖν
820 2370 888 2420 ἐπ’
918 2368 1137 2437 ἐξουσίας
1169 2366 1299 2419 εἰδὼς
1333 2367 1407 2416 καὶ
1445 2364 1710 2428 δυνάμενος.
1767 2367 1908 2426 βαδι-

327 2460 466 2518 οῦμαι
491 2453 585 2520 γὰρ
611 2451 639 2517 ἢ
669 2454 743 2502 καὶ
769 2449 987 2519 ἐπανήξω
1022 2450 1169 2501 πάλιν
1197 2449 1315 2500 ὅπου
1341 2451 1464 2516 ὑμεῖς
1493 2451 1536 2498 οὐ
1562 2445 1739 2498 δύνασθε
1765 2445 1911 2509 ἐλθεῖν,

326 2535 415 2587 κᾶν
440 2535 670 2603 ζητήσητε
700 2536 782 2599 τῆς
813 2532 1050 2599 σωτηρίας
1084 2530 1166 2582 τὸν
1193 2528 1400 2598 χορηγὸν
1426 2529 1482 2598 ἐξ
1515 2530 1706 2595 ἀκαίρου
1742 2527 1912 2579 λοιπὸν

379 2671 408 2694 Ι.
434 2660 592 2705 πανάγνῳ
612 2659 653 2693 Β.
675 2659 792 2693 Holst.
809 2655 960 2703 παναγίῳ
978 2657 1073 2691 Aub.
1175 2667 1207 2699 3.
1235 2655 1455 2700 ἐφηρμόσθαι
1473 2653 1671 2688 emendavit
1690 2652 1784 2686 Aub.
1803 2653 1912 2697 ἐφαρ-

329 2707 438 2750 μόσθε
458 2707 500 2740 B.
519 2706 736 2750 ἐφαρμόσθαι
756 2705 819 2739 Ht.
990 2714 1043 2737 12.
1069 2701 1159 2737 εἶδον
1178 2703 1219 2736 Β.
1239 2702 1318 2735 ἷδὼν
1335 2701 1534 2735 emendavit
1554 2701 1616 2734 Ht.
1786 2708 1838 2741 15.
1864 2701 1910 2743 τῷ

330 2753 526 2798 νενικημένῳ
545 2752 635 2786 edidi
653 2765 694 2785 ex
714 2752 755 2785 B.
771 2751 830 2796 qui
847 2752 969 2794 τῶνενῆ
988 2749 1125 2794 κεῖμένῶ
1143 2749 1292 2783 exhibet.
1311 2751 1356 2794 τῷ
1375 2747 1572 2793 ἐνοικημένῳ
1588 2747 1650 2780 Ht.
1666 2748 1711 2791 τῷ
1726 2771 1910 2779 .........

330 2798 424 2832 Aub.
562 2810 615 2832 22.
643 2798 743 2843 Κύριε
763 2805 796 2831 et
813 2813 877 2832 σου
896 2803 1076 2840 assumpta
1093 2808 1135 2830 ex
1155 2796 1196 2829 B.
1337 2806 1392 2837 24.
1419 2794 1545 2829 ἄλλως.
1578 2794 1626 2826 ἔτι
1645 2792 1709 2827 σὺν
1726 2792 1802 2835 ὑμῖν
1819 2790 1912 2824 edidi

331 2844 543 2889 approbante
564 2844 692 2889 Heyse.
711 2844 825 2880 ἄλλως
848 2845 896 2878 ἔτι
922 2858 985 2878 συν
1002 2843 1080 2888 ἡμῖν
1099 2843 1140 2878 Β.
1160 2843 1223 2877 Ht.
1240 2841 1317 2876 ἀλλ’
1337 2842 1381 2877 ὡς
1404 2842 1452 2875 ἔτι
1475 2841 1540 2876 σὺν
1563 2840 1639 2884 ὑμῖν
1656 2838 1750 2872 Aub.
1769 2837 1829 2882 qui
1849 2836 1911 2870 ad-

331 2897 429 2970 gotat
447 2891 490 2926 ὡς
507 2889 571 2970 01ιῖιέ1
582 2891 629 2924 ἔτι
648 2891 779 2935 σύνειμι
797 2891 849 2925 καὶ
867 2890 1029 2925 exhibere
1048 2889 1124 2924 Cat.
1145 2889 1245 2923 Harl.
1266 2894 1299 2923 et
1315 2888 1363 2922 ita
1380 2899 1410 2921 a.
1601 2894 1655 2929 27.
1683 2884 1861 2927 δυνάμενος
1879 2895 1909 2917 a.

354 2938 500 2980 υνάμεως
533 2937 545 2959 ⁴*
577 2962 584 2970 .
