1971 3272
104 151 188 191 viii.
211 153 275 203 56,
491 149 561 189 IN
606 150 648 189 S.
683 150 1018 189 JOANNRM.
1086 150 1207 190 12113.
1239 152 1310 190 Vl.
1617 151 1696 190 125)

104 264 268 328 φησιν.
320 259 423 309 ε”στι
464 259 557 325 γὰρ
598 259 732 310 εἰκὼν
772 265 855 309 τοῦ
896 259 1111 313 τεκόντος
1152 261 1294 310 αὐτὸν
1337 263 1412 310 καὶ
1451 261 1693 327 χαρακτὴρ

103 339 359 403 οὐδαμόθεν
392 345 639 394 παντελῶς
674 345 737 394 εἷς
771 339 1084 404 ἀνομοιότητα
1120 343 1542 408 κατηγορούμενος,
1573 342 1692 409 ἔχων

102 421 150 472 δὲ
190 421 345 472 πάντα
389 423 437 472 ἐν
480 424 629 491 ἑαυτῷ
671 421 729 472 τὰ
776 427 858 472 τοῦ
910 421 1189 488 γεννήτορος
1237 426 1473 489 θεοπρεπῆ
1519 446 1568 473 τε
1615 427 1687 474 καὶ

101 503 325 571 ἐξαίρετα.
1710 486 1734 525 b

59 650 80 688 5
106 639 298 697 Ἁβραάμ
337 642 359 683 ὁ
398 642 539 698 Πατὴρ
578 642 695 690 ὑμῶν
735 642 1029 688 ἠγαλλιάσατο
1068 641 1136 682 ἵνα
1176 639 1246 699 ἴὸῌ
1284 642 1360 682 τιὶν
1400 643 1561 698 ἡμέραν
1600 642 1675 682 τὴν
1713 640 1760 683 56

563 725 683 775 ἐμήν,
724 724 791 765 καὶ
831 720 917 765 εἶδε
958 725 1027 764 καί
1064 725 1214 780 ἑχάρΗ,

171 830 363 900 ζΗμιέροιν
401 833 450 882 ἐν
487 832 682 895 τούτοις,
721 833 808 900 οὐχ
857 831 1014 898 ἕτερόν
1052 854 1097 882 τι
1139 833 1262 900 φησὶ
1306 830 1436 898 παρὰ
1481 830 1565 882 τὸν
1608 834 1692 895 τῆς

99 913 341 977 ἐπιδημίας
380 913 554 980 καιρὸν,
590 914 699 965 καθ’
734 912 788 964 ὃν
826 914 935 978 ἡμῖν
974 913 1028 964 τὸ
1068 917 1171 981 φῶς
1210 912 1432 981 ’ἔλαμψεν
1470 912 1524 964 τὸ
1564 915 1688 977 ἀλη-

99 993 241 1056 θινὸν,
292 997 367 1045 καὶ
418 997 443 1046 ὁ
493 998 576 1059 τῆς
627 995 928 1059 δικαιοσύνης
978 995 1180 1062 ἀνέσχεν
1230 995 1378 1059 ἥλιος,
1430 996 1693 1059 λελυμένου

34 1092 81 1117 10
99 1073 262 1142 ὥσπερ
309 1078 356 1127 ἐν
395 1076 574 1144 ἀχλύος
611 1076 741 1146 τάξει
780 1082 864 1127 τοῦ
903 1075 1187 1144 συνέχοντος
1226 1076 1347 1139 ἡμᾶς
1385 1076 1439 1127 τὸ
1477 1076 1693 1137 τηνικάδε

98 1157 287 1220 σκότου,
314 1165 652 1225 τυραννοῦντος
691 1161 765 1210 ἐπὶ
803 1165 887 1209 τοῦ
922 1159 1151 1225 ἄρχοντος
1187 1163 1271 1208 τοῦ
1307 1162 1473 1212 αἰῶνος
1504 1159 1688 1220 τούτου,

99 1241 174 1289 καὶ
222 1244 388 1291 πᾶσαν
438 1243 501 1294 ὡς
549 1240 660 1294 ἔπος
711 1244 855 1292 εἰπεῖν
907 1239 994 1304 τὴν
1044 1240 1318 1303 οἰκουμένην
1368 1244 1469 1293 ταῖς
1526 1241 1732 1291 ἑαυτοῦο

98 1322 403 1388 δυστροπιάις
447 1321 873 1386 καταμελαίνοντός
918 1345 967 1373 τε
1018 1324 1094 1372 καὶ
1145 1326 1208 1375 εἷς
1251 1321 1490 1372 πολύθεον
1534 1344 1687 1373 κατω-

100 1406 294 1457 θοῦντος
326 1403 530 1468 πλάνην,
558 1403 795 1471 διαφόρως
830 1426 879 1455 τε
915 1402 998 1454 τὸν
1031 1403 1236 1454 ἑκάστου
1269 1402 1692 1468 κατασκοτίζοντος

34 1496 79 1535 15
100 1490 225 1536 νοῦν.
281 1485 356 1536 διὰ
396 1491 535 1537 τοῦτο
576 1488 651 1537 καὶ
693 1487 718 1536 ὁ
757 1484 1012 1539 θεσπέσιος
1053 1484 1268 1554 μελῳδὸς
1309 1484 1484 1550 ἡμέραν
1525 1484 1691 1551 ὥσπερ

99 1565 229 1620 εἰδὼς
266 1566 350 1618 τὸν
383 1566 670 1634 τριπόθητον
700 1570 783 1631 τῆς
820 1566 1064 1630 ἐπιδημίας
1104 1568 1248 1617 αὐτοῦ
1287 1566 1460 1633 καιρὸν,
1493 1590 1691 1633 προανε-

101 1648 245 1716 φώνει
285 1649 439 1716 λέγων
476 1651 526 1700 ἐν
562 1648 804 1713 Πνεύματι
834 1656 862 1679 “
883 1650 1016 1713 Αὕτη
1055 1649 1083 1712 ἡ
1122 1648 1271 1714 ἡμέρα
1310 1647 1367 1712 ἣν
1405 1650 1627 1712 ἐποίησεν
1666 1650 1690 1699 ὁ
1750 1648 1911 1729 {gii—24⁷

100 1736 127 1760 ‘⁶
154 1731 346 1797 Κύριος·
418 1731 830 1796 ἀγαλλιασώμεθα
892 1731 969 1781 καὶ
1033 1731 1371 1798 εὐφρανθῶμεν
1421 1731 1470 1780 ἐν
1520 1730 1687 1798 αὐτῇ.”

99 1811 264 1866 ἄλλως
301 1835 351 1863 τε
389 1814 466 1863 καὶ
505 1812 681 1879 ἡμεραν
719 1812 822 1866 ε”θος
863 1814 1122 1863 ἀποκαλεῖν
1159 1816 1218 1879 τῇ
1259 1812 1360 1880 θείᾳ
1398 1815 1565 1880 γραφῇ
1607 1811 1690 1862 τὸν

29 1911 80 1938 20
100 1892 303 1945 ἑκάστου
341 1893 621 1961 πράγματος
658 1893 833 1961 καιρὸν,
861 1892 982 1944 κατὰ
1019 1892 1074 1944 τό
1101 1892 1337 1958 ““Ημε’ρα
1375 1892 1469 1959 γὰρ
1511 1894 1689 1959 Κυρίου
1749 1907 1913 1939 Es.ii-12-

101 1981 128 2005 ‘⁶
154 1974 361 2036 σαβαὼθ
396 1977 471 2027 ἐπὶ
504 1975 661 2026 πάντα
696 1974 928 2040 ὑβριστὴν
953 1976 1028 2025 καὶ
1065 1973 1382 2043 ὑπερήφανον,
1409 1976 1486 2024 καὶ
1521 1997 1682 2025 ταπει-
1706 1982 1733 2022 (1

101 2063 128 2086 “
157 2056 493 2120 νωθὴσονται,”
522 2059 597 2108 καὶ
630 2057 779 2108 πάλιν
804 2063 831 2086 “
852 2056 919 2107 Τι’
951 2055 1175 2119 ποιήσετε
1209 2057 1258 2105 ἐν
1288 2055 1436 2123 ἡμέρᾳ
1467 2055 1683 2120 πανηγύ-
1748 2067 1831 2096 HOS-
1851 2067 1895 2096 ix·

101 2143 129 2166 “
153 2160 270 2204 ρεως
296 2141 373 2189 καὶ
398 2141 446 2190 ἐν
472 2139 621 2207 ἡμέρᾳ
654 2139 816 2204 ἑορτῆς
844 2137 1021 2203 Κυρίου
1040 2137 1084 2199 ;'’
1124 2136 1257 2187 ἀλλὰ
1292 2139 1368 2187 καὶ
1402 2139 1690 2188 ἀπολεῖσθαι
1750 2118 1900 2184 ῗὶεωκιν.

99 2219 207 2274 τοὺς
255 2224 395 2271 τινῶν
446 2219 789 2286 διαλογισμοὺς
839 2221 887 2270 ἐν
939 2219 1088 2286 ἐκείνῃ
1136 2222 1195 2285 τῇ
1254 2218 1405 2287 ἡμέρᾳ
1461 2220 1614 2286 φησὶν
1666 2218 1691 2267 ὁ
1750 2206 1781 2236 4'

32 2313 80 2352 25
101 2300 327 2371 μελῳδὸς,
354 2301 504 2353 πάλιν
529 2302 706 2368 ἡμέραν
732 2300 896 2368 ὁρίζων
919 2299 1004 2351 τὸν
1029 2305 1112 2351 τοῦ
1137 2300 1261 2350 θείου
1295 2302 1371 2350 καὶ
1402 2301 1685 2365 προσδοκω-

100 2382 240 2446 μένου
282 2382 496 2447 βήματος
544 2382 719 2449 καιρὸν,
765 2382 871 2434 καθ’
918 2381 972 2433 ὃν
1018 2381 1150 2433 οὐδὲν
1195 2380 1442 2450 ὠφελήσει
1484 2379 1593 2433 τοὺς
1641 2381 1691 2430 ἐν

101 2462 269 2533 κόσμῳ
307 2462 556 2531 λαμπροὺς
594 2465 622 2528 ἡ
660 2468 756 2515 τῶν
793 2463 1002 2531 ἀρχαίων
1040 2464 1372 2527 διαλογισμῶν
1410 2460 1585 2525 ἀπάτη,
1613 2462 1690 2511 καὶ

101 2547 184 2608 τῆς
209 2545 387 2614 ὀφρύος
411 2549 494 2610 τῆς
519 2547 594 2597 ἐπὶ
618 2546 813 2616 πλούτῳ
839 2544 894 2596 τὸ
920 2544 1129 2596 διάκενον
1155 2543 1374 2611 φύσημα.

174 2626 541 2692 Ἠγαλλιοίσοιτο
577 2627 659 2677 οὖν
689 2631 841 2695 φησιν
868 2632 886 2678 ὁ
927 2626 1076 2695 πατὴρ
1115 2625 1229 2693 ὑμῶν
1255 2622 1478 2693 Ἄβραέιμ
1512 2623 1584 2672 ἵνα
1623 2620 1725 2697 ἴδῂρ

37 2722 85 2758 30
103 2705 172 2768 τὴν
210 2706 365 2778 ἡμέραν
403 2706 471 2767 τῆν
511 2706 625 2776 ἐμὴν,
668 2711 744 2758 καὶ
785 2704 868 2758 εἶδε
910 2712 986 2758 καὶ
1028 2705 1176 2775 ἐχάρη.
1243 2707 1319 2755 καὶ
1360 2708 1462 2757 πῶς
1503 2703 1531 2767 ὴ
1573 2703 1686 2754 πότε

150 2855 185 2887 9.
210 2843 357 2888 ἀνέσχεν
376 2842 418 2876 Β.
437 2842 579 2886 ἇνίσχεν
597 2841 717 2876 Holst.
736 2840 804 2875 Ed.
1057 2851 1110 2874 ΙΙ.
1138 2841 1264 2873 σκότου
1284 2838 1326 2872 Β.
1347 2838 1411 2872 Ht.
1430 2840 1575 2873 σκότους
1592 2837 1686 2872 Aub.

105 2889 176 2935 ἐπὶ]
199 2889 405 2934 Legendum
422 2895 462 2922 ut
479 2889 550 2922 vid.
569 2889 630 2922 ἔτι.
783 2888 835 2921 18.
862 2886 1147 2932 ἀγαλλιασόμεθα
1166 2897 1196 2919 c.
1216 2887 1277 2929 (80
1295 2886 1355 2927 al.)
1375 2885 1418 2919 cf.
1436 2886 1473 2918 in
1490 2885 1537 2919 xii
1556 2884 1686 2929 Proph.

106 2936 171 2980 567
187 2935 221 2970 d⁴
366 2936 480 2979 23—28
498 2935 580 2968 citat
598 2934 683 2969 Nik.
702 2934 737 2968 in
757 2934 813 2968 Ps.
826 2935 916 2968 cxlv.
1062 2944 1117 2977 29.
1143 2931 1202 2966 οὖν
1219 2938 1442 2977 assumptum
1460 2943 1502 2965 ex
1521 2931 1563 2966 B.

162 3002 253 3029 VOL.
277 3003 327 3029 11.
912 3001 931 3027 S
