2022 3272
84 132 152 174 xii.
172 142 326 185 42-45.
362 132 426 172 lN
464 131 506 171 S.
531 130 699 170 JOAN.
767 129 879 169 LIB.
899 129 1026 169 V111.
1095 129 1475 169 1³RAGMlcN'l'A.
1588 132 1670 167 232⁴.)

74 271 228 320 “Omne
275 272 420 320 μέντοι
471 270 539 311 καὶ
587 271 634 311 ἐκ
686 270 771 311 τῶν
821 271 1043 326 ἀρχόντων
1095 271 1246 310 Πολλοί
1303 269 1558 310 ἐηίοτευςαν
1610 267 1658 307 εἰ(
1692 279 1737 311 42

151 354 294 404 αὑτὸν,
334 354 446 395 ἀλλὰ
497 353 565 394 διὰ
615 354 713 394 τοὺς
752 354 1015 410 Φαρισαίους
1065 354 1139 407 οὐχ
1189 353 1454 402 ὡμολόῙ-ουν,
1498 352 1567 391 ἵνα
1612 351 1666 397 μὴ

152 438 477 485 ἁποσυνάΓωΓοι
518 437 738 484 Γὲνωντοιι.
800 437 1025 484 (ul-drumm
1068 438 1144 492 Γὰρ
1188 436 1264 477 τὴν
1304 435 1434 478 δόξαν
1474 434 1558 475 τῶν
1598 434 1738 483 (ἒν-43

151 519 339 576 θρὼτῐων
376 523 542 569 μᾶλλον
581 520 691 576 εἴπερ
729 520 806 560 τήν
845 519 974 562 δόξαν
1013 521 1086 560 τοῦ
1127 519 1251 559 Θεοῦ.

43 642 65 680 5
178 632 283 679 Νῦν
331 628 490 691 με’ντοι
547 627 899 690 συνωθούμενοι
957 627 1046 677 ὑπὸ
1102 631 1197 677 τῶν
1247 626 1457 689 σημείων
1508 628 1571 678 εἰς
1619 623 1672 674 τὸ

84 709 340 771 πιστεύειν,
394 711 470 759 καὶ
526 709 678 759 οὐκέτι
733 713 1003 772 τολμῶντες
1057 707 1318 772 ἀντιλέγειν
1369 711 1434 776 τῷ
1494 707 1669 775 Κυρίῳ,
1691 724 1713 759 d
1759 725 1892 760 711Α.

85 792 364 843 ἐκπίπτουσι
404 794 487 854 τῆς
527 792 715 841 αἰωνίου
756 791 887 857 ζωῆς,
927 793 1123 858 ἐπιμονῇ
1165 793 1247 853 τῆς
1287 790 1465 840 ἑαυτῶν
1502 792 1674 850 βδελυ-

85 875 202 940 ριάς,
238 872 325 937 τὴν
364 877 427 926 εἷς
471 872 747 938 ἀνθρώπους
791 875 905 923 αἰδῶ
951 876 1034 936 τῆς
1077 871 1195 938 πρὸς
1236 869 1361 922 Θεὸν
1403 870 1677 924 οἱκειώσεως

86 955 482 1023 προτιμήσαντες,
524 957 599 1005 καὶ
639 954 781 1023 δόξης
820 955 1116 1020 προσκαίρου
1156 957 1317 1004 δοῦλοι
1364 952 1506 1014 ὄντες,
1547 951 1673 1019 ἀφό-

21 1066 68 1092 10
86 1061 230 1105 ρητον
255 1036 503 1103 ἡγούμενοι
540 1035 706 1101 ζημίαν
733 1036 786 1087 τὸ
822 1038 1037 1087 ἐκπεσεῖν
1067 1039 1151 1098 τῆς
1189 1038 1238 1086 ἐκ
1277 1039 1372 1085 τῶν
1400 1035 1677 1099 Φαρισαίων

87 1122 238 1184 τιμῆς,
293 1120 388 1170 ἐπεὶ
416 1118 498 1168 οὖν
523 1123 662 1168 τοῦτο
689 1117 746 1182 ἧν
773 1117 826 1168 τὸ
854 1119 1041 1168 κωλύον
1068 1116 1236 1171 αὐτοὺς
1260 1122 1515 1168 πιστεῦσαι
1547 1115 1672 1177 τότε,

88 1202 296 1254 ἄκουσον
321 1202 370 1252 τί
392 1205 543 1268 φησιν
571 1201 595 1250 ὁ
622 1201 851 1266 Χριστός’

82 1345 250 1389 ἸΗσοῦο
287 1344 333 1386 δὲ
370 1344 526 1401 ἕκραὲε
566 1343 634 1384 καὶ
676 1339 794 1385 εἶπεν
824 1343 880 1385 ‘O
920 1344 1133 1386 Πιστεύων
1173 1342 1232 1384 cic
1273 1343 1350 1391 ἐμὲ
1394 1342 1441 1383 οὐ
1487 1343 1743 1389 Πιστεύει44

1694 1410 1715 1436 e

157 1425 218 1470 eie
250 1427 339 1478 ἐμὲ,
362 1427 452 1469 ἀλλ’
486 1425 545 1469 εἰς
576 1428 649 1470 τὸν
681 1427 912 1477 Πέμψαντά
944 1442 1009 1479 με,
1037 1426 1105 1468 καί
1136 1427 1158 1470 ὁ
1197 1426 1376 1483 Θεωρῶν
1406 1425 1482 1474 ὲμε
1520 1421 1675 1481 θεωρεῖ
1697 1464 1746 1501 45

25 1525 72 1565 15
158 1513 231 1571 τὸν
269 1512 497 1564 Πέμψαντά
536 1527 601 1561 με.

167 1615 340 1682 Κράζει
378 1614 426 1666 δὲ
464 1612 595 1681 παρὰ
632 1613 686 1665 τὸ
727 1613 890 1669 εἰωθὸς
929 1615 1092 1684 ἑαυτῷ,
1122 1613 1304 1681 ἐλέγχει
1344 1612 1392 1664 δὲ
1431 1613 1458 1676 ἡ
1497 1609 1679 1678 κραυγὴ

92 1701 187 1749 τῶν
211 1695 576 1749 πιστευσάντων
601 1694 686 1760 μὲν
711 1700 772 1750 εἷς
796 1696 953 1759 αὐτὸν,
980 1695 1389 1764 ἐγκαλυψαμένων
1415 1694 1464 1745 δὲ
1496 1694 1562 1744 ἔτι
1594 1691 1680 1756 τὴν

94 1780 287 1846 ἄκαιρον
315 1782 445 1830 αἰδῶ.
500 1779 553 1830 οὐ
586 1777 680 1845 γὰρ
716 1776 991 1842 λεληθότως
1025 1782 1256 1840 τιμᾶσθαι
1291 1776 1516 1838 βούλεται
1550 1773 1679 1838 παρὰ

94 1866 190 1912 τῶν
216 1861 466 1928 θαυμάζειν
490 1861 632 1911 αὐτὸν
657 1860 908 1923 ἑλομένων,
936 1859 1067 1910 ἀλλὰ
1101 1863 1330 1927 φανερῶς.
1385 1860 1553 1925 χρῆναι
1586 1855 1680 1921 γὰρ

27 1964 76 1990 20
96 1942 400 2006 ὑπελάμβανε
438 1941 523 2006 τὴν
560 1941 646 2005 μὲν
678 1943 843 1992 πίστιν
877 1942 1187 1992 ἀποτίθεσθαι
1225 1944 1283 2008 τῇ
1323 1940 1502 2007 καρδίᾳ,
1537 1942 1680 1988 ποιεῖ-

95 2028 212 2076 σθαι
250 2021 400 2090 γεμὴν
437 2025 486 2075 ἐν
523 2023 768 2092 παρ’ῥησίᾳ
808 2026 975 2091 πολλῇ
1014 2022 1099 2087 τὴν
1132 2023 1200 2073 ἐπ’
1235 2023 1351 2089 αὐτῇ
1390 2019 1719 2089 σοφωτάτηνιι
1760 2034 1835 2069 712
1851 2034 1899 2066 A=

96 2107 370 2172 ὁμολογίαν.
419 2103 575 2170 ἐπειδὴ
609 2104 658 2155 δὲ
691 2103 812 2159 Θεὸς
851 2105 971 2155 κατὰ
1012 2105 1162 2173 φύσιν
1194 2102 1435 2170 ὑπάρχων,
1460 2101 1546 2165 τὴν
1572 2101 1679 2152 καθ’

95 2189 218 2253 ἡμᾶς
268 2189 411 2240 ὑπέδυ
460 2186 667 2256 μορφὴν,
717 2191 1010 2252 παραιτεῖται
1059 2190 1247 2252 γυμνῶς
1300 2189 1361 2238 εἰς
1412 2183 1682 2248 μισούντων

98 2270 239 2325 ἀκοὰς
284 2274 347 2324 εἰς
390 2268 445 2321 τὸ
489 2269 644 2336 παρὸν
688 2271 844 2331 εἰπεῖν,
888 2267 959 2320 ὅτι
1003 2266 1094 2336 χρὴ
1138 2266 1377 2319 πιστεύειν
1419 2269 1480 2320 εἷς
1526 2264 1681 2327 αὐτὸν,

32 2368 79 2408 25
99 2350 248 2403 καίτοι
280 2350 518 2404 πολλάκις
552 2356 691 2402 τοῦτο
726 2349 882 2401 εἰπών·
920 2349 1318 2413 οἶκονομικώτατα
1350 2347 1398 2398 δὲ
1429 2352 1524 2397 τῶν
1550 2369 1678 2397 νενο-

99 2432 319 2498 σηκότων
345 2431 415 2484 ἐπ’
443 2433 570 2502 αὐτῷ
605 2431 688 2483 τὸν
714 2433 946 2483 ἀτίθασον
972 2431 1153 2500 φθόνον
1178 2430 1298 2482 κατὰ
1331 2427 1490 2496 βραχὺ
1521 2451 1677 2494 προσ-

150 2567 230 2598 2-4.
255 2554 454 2589 ἀλλὰ-τοῦ
472 2556 561 2588 Θεοῦ
578 2554 697 2588 addidi
715 2566 732 2588 e
749 2555 785 2588 k.
804 2554 942 2588 favente
960 2566 990 2588 a.
1008 2555 1061 2587 καὶ
1078 2554 1118 2587 τὰ
1137 2554 1214 2596 ἑξῆς
1233 2553 1299 2586 Ed.
1409 2552 1441 2585 8.
1467 2549 1569 2595 πρὸς]
1590 2550 1636 2584 εἷς
1653 2561 1683 2583 a.

106 2612 160 2637 10.
188 2602 224 2635 ἐκ
241 2603 299 2645 τῆς
316 2601 455 2635 inverso
473 2601 594 2634 ordine
611 2612 642 2634 a.
682 2638 684 2640 v
788 2611 841 2644 13.
866 2599 1139 2642 Ἰησοῦς-εἶπεν
1157 2599 1276 2633 addidi
1294 2611 1333 2632 ex
1353 2599 1422 2632 a.k.
1587 2606 1639 2637 14.
1667 2597 1684 2628 ὁ

102 2649 238 2693 θεωρῶν
255 2648 312 2692 ἐμὲ
330 2647 448 2692 θεωρεῖ
464 2648 522 2680 τὸν
538 2646 723 2691 πέμψαντά
739 2661 780 2688 με
798 2646 916 2679 addidi
933 2658 951 2679 e
968 2647 1004 2680 k.
1022 2647 1158 2679 favente
1177 2658 1206 2678 a.
1225 2646 1265 2678 τὰ
1285 2645 1361 2686 ἑξῆς
1380 2643 1446 2677 Ed.
1567 2643 1620 2675 16.
1648 2642 1685 2675 δέ

103 2696 201 2739 prius
224 2706 294 2728 om.
312 2694 349 2728 k.
420 2693 511 2738 αὐτῷ
535 2694 570 2727 k.
645 2693 719 2726 Ine.
735 2692 894 2737 Ἐλέγχει
920 2691 938 2735 ἡ
964 2692 1090 2736 κραυγὴ
1116 2691 1175 2734 τὴν
1193 2692 1272 2733 (sic)
1291 2695 1356 2724 τῶν
1380 2689 1637 2723 πιστευσάντων
1655 2699 1684 2721 c.

105 2740 213 2776 Cord.
355 2748 407 2785 17.
432 2738 549 2784 αὐτὸν]
574 2743 609 2779 -1-
632 2739 691 2772 οὐκ
709 2738 786 2773 Cat.
807 2738 905 2772 Harl.
924 2738 1018 2772 unde
1037 2737 1142 2780 Aub.,
1159 2737 1438 2781 repugnantibus
1456 2735 1557 2769 a.c.k.
1578 2733 1684 2768 Cord.

108 2788 161 2822 18.
185 2787 339 2831 λεληθῶς
357 2798 387 2821 c.
405 2786 559 2829 λεληθὼς
579 2784 685 2819 Cord.
864 2796 917 2829 19.
943 2784 1111 2828 ἑλομένων
1128 2784 1230 2818 a.c.k.
1250 2782 1354 2817 Cord.
1372 2780 1590 2824 βουλομένων
1607 2780 1684 2814 Cat.

106 2833 208 2868 Harl.
225 2833 320 2868 unde
336 2833 432 2867 Aub.
499 2832 625 2866 Statim
644 2831 734 2865 ἀλλὰ
752 2832 906 2876 φανερῶς
926 2842 995 2865 om.
1014 2842 1044 2865 c.
1065 2829 1171 2866 Cord.
1319 2839 1374 2863 20.
1399 2828 1638 2870 ὑπελάμβανον
1655 2838 1685 2860 c.

107 2879 216 2915 Cord.
347 2890 402 2924 23.
428 2882 560 2924 γυμνῶς
576 2877 639 2923 εἷς]
659 2880 848 2923 γυμνώσεις
865 2889 894 2912 e.
914 2877 1021 2912 Cord.
1158 2876 1212 2911 26.
1239 2873 1435 2921 προσεθίζει
1456 2875 1557 2909 a.c.k.
1578 2872 1685 2908 Cord.

105 2925 340 2971 προσερεθίζει
358 2926 434 2962 Cat.
457 2925 556 2961 Harl.
575 2925 709 2970 Migne.
728 2924 959 2970 προσερετίζει
976 2923 1069 2959 Aub.

163 2993 258 3022 VOL.
281 2994 329 3022 II.
868 2992 893 3020 Ε
916 2994 942 3020 U
