2022 3272
107 154 207 195 xvii.
227 167 351 208 9—11.
386 154 459 195 IN
493 154 535 195 S.
560 153 898 195 JOANNEM.
963 153 1190 194 LIB.XI.
1255 151 1536 193 CAPNHI.
1609 150 1692 188 689

110 264 185 312 καὶ
210 263 508 329 εὐλογοῦντες
535 262 713 326 αὐτοὺς,
742 263 817 313 καὶ
843 261 926 315 τὰς
953 261 1070 312 κατὰ
1100 260 1242 323 νόμον
1269 261 1450 321 θυσίας,
1475 260 1550 309 καὶ
1576 257 1694 323 πρὸς

109 344 291 398 τούτοις
325 345 390 395 ε”τι
426 344 732 413 δωροφοριάς,
760 343 879 394 κατὰ
903 343 989 407 τὴν
1015 347 1109 394 τῶν
1135 342 1507 406 διατεταγμένων
1532 362 1691 406 προσ-

110 424 305 490 άγοντες
338 425 489 495 τάξιν,
515 426 628 478 ποτὲ
663 426 747 489 μὲν
784 425 897 491 ὑπὲρ
933 426 1186 490 ἁμαρτιῶν,
1210 423 1322 474 ποτὲ
1362 423 1409 473 δὲ
1450 425 1524 473 καὶ
1563 445 1696 488 χαρι-

110 508 284 574 στήρια
321 508 380 559 τὰ
418 510 489 577 ἐφ’
527 508 594 562 οῖς
633 509 681 558 εὖ
719 508 950 561 παθόντες
982 506 1161 575 ᾔδεσαν
1195 505 1326 571 παρὰ
1359 509 1497 556 Θεοῦ.
1555 506 1579 553 ὁ
1620 525 1698 567 γε-

69 616 91 654 5
110 589 203 654 μὴν
231 590 345 656 ὑπὲρ
379 590 552 645 τύπους
586 593 661 641 καὶ
696 590 922 658 σχήματα
958 588 1125 653 νομικά
1159 587 1381 656 πεφηνὼς
1407 589 1455 637 ἐν
1480 585 1697 652 ἐσχάτοις

111 677 286 738 καιροῖς
329 672 565 740 ἀρχιερεύς
603 696 650 723 τε
689 671 787 736 ἅμα
828 674 903 723 καὶ
942 672 1138 734 μεσίτης
1177 669 1406 736 Χριστὸς,
1446 670 1577 737 ἐρωτᾷ
1615 665 1698 728 μὲν

112 753 226 819 ὑπὲρ
265 754 397 818 ἡμῶν
433 757 494 808 ὡς
533 754 795 820 ἄνθρωπος,
830 758 1247 821 συμφιλοτιμεῖται
1287 751 1335 802 δὲ
1375 754 1436 804 ὡς
1471 748 1592 802 Θεὸς
1631 751 1737 815 τῴο

112 839 221 905 Θεῷ
258 838 333 886 καὶ
367 839 536 902 Πατρῖ,
564 837 824 900 διανέμοντι
859 840 955 889 τοῖς
991 836 1139 903 ἀξίοις
1175 834 1234 885 τὰ
1269 831 1440 900 ἀγαθά.
1491 829 1693 897 ἐμφανέ-

111 939 268 967 στατα
307 916 357 968 δὲ
394 924 532 969 τοῦτο
570 918 841 986 παρέδειξεν
879 918 988 981 ἡμῖν
1028 918 1052 966 ὁ
1095 920 1291 969 Παῦλος
1330 914 1469 965 εἰπών
1500 921 1526 942 “
1549 911 1700 978 Χάρις
1763 918 1867 964 2²‘'‘'¹'·

113 1004 141 1027 “
169 1000 275 1062 ὑμῖν
301 1001 376 1050 καὶ
403 999 559 1065 εἰρήνη
587 1000 680 1050 ἀπὸ
708 1004 832 1051 Θεοῦ
862 997 1052 1065 Πατρὸς
1080 998 1211 1061 ἡμῶν
1238 999 1313 1047 καὶ
1343 997 1519 1061 Κυρίου
1538 996 1700 1057 Ἰησοῦ

47 1020 95 1044 10

115 1086 142 1109 ‘⁶
168 1082 430 1147 Χριστοῦ.”
493 1083 518 1132 ὁ
565 1083 720 1132 τοίνυν
762 1084 959 1148 ἐρωτῶν,
1001 1083 1062 1133 ὡς
1106 1079 1365 1146 ἄνθρωπος,
1407 1075 1701 1138 συνδιανέμει

113 1159 261 1213 πάλιν
296 1165 358 1217 ὡς
399 1162 534 1217 Θεός.
586 1163 716 1218 ὅσιος
757 1163 850 1229 γὰρ
890 1161 1112 1229 ὑπάρχων
1143 1159 1391 1228 ἀρχιερεὺς,
1423 1157 1614 1222 ἄμωμός
1654 1179 1701 1206 τε

115 1245 191 1295 καὶ
217 1244 400 1309 ἄκακος,
428 1247 515 1313 οὐχ
542 1245 656 1312 ὑπὲρ
683 1246 926 1299 ἀσθενείας
960 1247 1043 1308 τῆς
1075 1245 1254 1305 ἑαυτοῦ,
1282 1241 1490 1307 καθάπερ
1517 1238 1573 1303 ἧν
1600 1240 1702 1292 ε”θος

115 1331 212 1380 τοῖς
255 1330 469 1393 ἱερᾶσθαι
517 1334 724 1396 λαχοῦσι
768 1327 886 1379 κατὰ
930 1326 1012 1377 τὸν
1057 1326 1213 1388 νόμον,
1259 1329 1450 1388 μᾶλλον
1496 1321 1543 1372 δὲ
1590 1320 1703 1385 ὑπὲρ

50 1424 96 1462 15
117 1410 357 1475 σωτηρίας
401 1414 496 1460 τῶν
541 1410 774 1476 ἡμετέρων
819 1413 993 1477 ψυχῶν
1034 1407 1200 1459 ἑαυτὸν
1240 1403 1587 1472 προσενεγκὼν,
1630 1404 1742 1452 καῖιι
1775 1419 1860 1453 967
1876 1417 1926 1451 A.

115 1496 256 1542 τοῦτο
283 1491 496 1561 εἰσάπαξ
528 1492 603 1544 διὰ
633 1492 719 1556 τὴν
745 1493 877 1556 ἡμῶν
905 1491 1153 1556 ἁμαρτίαν,
1179 1487 1486 1554 παράκλητος
1513 1486 1705 1551 γέγονεν

117 1572 233 1638 ὑπὲρ
272 1574 417 1637 ἡμῶν,
446 1576 569 1625 (ἐκαὶ
611 1573 749 1628 αὐτὸς
791 1571 999 1636 ἱλασμός
1040 1574 1143 1622 ἐστι
1185 1572 1291 1636 περὶ
1331 1574 1426 1620 τῶν
1466 1569 1706 1633 ἁμαρτιῶν
1769 1575 1926 1649 111ἳέ10311-

120 1662 147 1684 “
172 1656 318 1720 ἡμῶν,
340 1656 460 1707 κατὰ
485 1655 571 1721 τὴν
596 1656 818 1707 Ἰωάννου
845 1654 1024 1725 φωνήν·
1067 1655 1120 1705 οὐ
1146 1655 1250 1719 περὶ
1275 1657 1370 1703 τῶν
1396 1650 1632 1716 ἡμετέρων
1659 1647 1706 1699 δὲ
1795 1644 1800 1650 ’
1843 1643 1848 1649 ’

119 1744 147 1767 “
172 1737 331 1802 μόνον,
359 1738 490 1789 ἀλλὰ
514 1741 589 1789 καὶ
613 1739 718 1804 περὶ
746 1737 861 1788 ὅλου
887 1742 969 1787 τοῦ
995 1735 1224 1799 κόσμου.”

50 1831 100 1857 ²0
193 1821 336 1871 Ἀλλ’
364 1820 482 1874 ’ίσως
509 1822 604 1886 ἐρεῖ
626 1819 682 1884 δὴ
718 1819 908 1871 πάντως
942 1822 1039 1871 τοῖς
1073 1818 1181 1883 παρ’
1211 1816 1344 1880 ἡμῶν
1370 1838 1439 1869 τις
1465 1813 1708 1865 ἀντιτιθεὶς

120 1901 285 1968 λόγοις
335 1903 411 1952 Οὐ
451 1902 545 1968 γὰρ
595 1903 812 1954 ἐναντίως
861 1901 968 1969 ἕξει,
1014 1903 1156 1961 βοῶν,
1202 1903 1302 1952 ταῖς
1352 1902 1435 1948 τοῦ
1488 1897 1708 1959 Σωτῆρος

122 1987 303 2052 φωναῖς
337 1983 391 2033 τὸ
426 1985 501 2034 διὰ
534 1990 617 2034 τοῦ
647 1988 862 2048 μαθητοῦ
888 1980 1209 2045 λελεγμένον;
1251 1982 1275 2031 ὁ
1302 1978 1387 2043 μὲν
1412 1977 1505 2043 γὰρ
1534 1976 1708 2042 Κύριος

121 2065 255 2130 ἡμῶν
280 2064 469 2130 Ἰησοῦς
508 2068 532 2116 ὁ
571 2065 800 2132 Χριστὸς,
833 2063 1085 2131 διαῤῥήδην
1123 2065 1170 2114 ἐν
1208 2062 1389 2114 τούτοις
1428 2057 1710 2122 ἀπαυδήσας

124 2148 341 2216 φαίνεται
367 2149 421 2199 τὸ
448 2148 562 2212 ὑπὲρ
587 2147 764 2202 παντὸς
790 2153 873 2198 τοῦ
906 2145 1090 2212 κόσμου
1126 2147 1295 2214 χρῆναι
1329 2145 1639 2208 παρακαλεῖν·
1684 2141 1708 2190 ὁ
1729 2148 1755 2189 b

55 2244 105 2283 25
125 2229 181 2280 δέ
212 2253 267 2296 γε
306 2230 463 2299 σοφὸς
493 2230 726 2295 Ἰωάννης,
760 2231 897 2298 φησὶ,
929 2227 1056 2281 πολὺ
1095 2227 1152 2291 δὴ
1191 2226 1371 2279 τούτοις
1411 2224 1465 2275 τὸ
1504 2222 1711 2273 ἐναντίον

120 2311 408 2380 ἐφθέγξατο.
465 2313 518 2363 οὐ
544 2312 638 2379 γὰρ
673 2314 778 2377 περὶ
816 2311 974 2375 μόνων
1000 2310 1198 2361 ἔσεσθαι
1224 2305 1533 2373 παράκλητόν
1559 2328 1607 2355 τε
1635 2305 1711 2354 καὶ

127 2392 341 2455 ἱλασμὸν
366 2397 461 2445 τῶν
487 2394 723 2461 ἡμετέρων
747 2395 987 2460 ἁμαρτιῶν
1014 2391 1096 2444 τὸν
1123 2394 1324 2457 Σωτῆρα
1359 2387 1708 2455 διισχυρίζεται,

127 2475 239 2526 ἀλλ’
268 2476 357 2540 ἤδη
382 2478 456 2526 καὶ
483 2479 588 2542 περὶ
622 2477 800 2530 παντὸς
836 2481 919 2526 τοῦ
953 2475 1155 2539 κόσμου.
1211 2476 1280 2527 τίς
1307 2473 1389 2523 οὖν
1415 2471 1507 2537 ἄρα
1532 2469 1713 2521 τούτοις

126 2557 294 2625 ἕψεται
321 2556 476 2620 λύσις,
501 2556 530 2622 ἦ
556 2562 657 2611 πῶς
679 2557 736 2608 ἂν
765 2558 980 2624 φαίνοιτο
1007 2561 1106 2610 ταῖς
1141 2561 1224 2606 τοῦ
1253 2552 1507 2604 Δεσπότου
1534 2554 1713 2618 φωναῖς

57 2666 109 2702 30
128 2638 607 2705 συμπαρομαρτήσας
646 2640 670 2689 ὁ
712 2638 943 2702 μαθητὴς,
984 2637 1320 2702 ἀταλαίπωρον
1357 2638 1514 2685 εἷπεῖν·
1563 2633 1587 2682 ὁ
1628 2631 1714 2694 μὲν

128 2721 222 2788 γὰρ
248 2719 472 2787 μακάριος
489 2720 727 2785 Ἰωάννης,
748 2721 933 2787 ἐπείπερ
958 2720 1254 2785 ἧνἸουδαῖος
1281 2719 1356 2768 καὶ
1383 2717 1439 2785 ἐξ
1460 2715 1714 2775 Ἰουδαίων,

180 2887 212 2911 2.
237 2877 286 2910 ἔτι
304 2881 528 2921 assumptum
547 2887 589 2909 ex
607 2875 650 2909 E.
840 2875 872 2909 8.
899 2875 939 2908 τὰ
956 2874 1066 2920 ἀγαθὰ
1083 2876 1153 2910 τοῖς
1170 2874 1277 2919 ἀξίοις
1296 2873 1387 2907 Catt.
1583 2882 1636 2906 10.
1663 2872 1715 2905 καὶ

132 2924 247 2969 κυρίου
265 2923 357 2967 ἡμῶν
372 2923 512 2958 inverso
530 2921 651 2957 ordine
669 2934 698 2957 a.
717 2922 826 2957 invito
846 2921 951 2956 Cord.

188 2990 283 3019 VOL.
306 2990 355 3018 11.
908 2990 935 3028 4
956 2990 978 3016 T
