2037 3266
42 1032 45 1033 γ
100 1008 156 1039 xii.
177 1018 204 1048 3.

322 126 405 165 452
726 124 777 165 B.
809 123 1081 164 CYRILLI
1123 124 1503 164 ALEXANDR.
1741 124 1826 164 xiv.
1849 136 1914 164 11.

329 233 605 296 Πνεύματος
655 234 1106 300 προκεκηρυγμένων
1151 235 1448 296 ἐμπαικτῶν;
1503 234 1552 284 τί
1597 233 1690 300 γὰρ
1736 232 1918 286 Ἰούδας

102 312 254 343 8.ὖιι(1ῑιο

106 365 219 397 17-19-
325 316 436 379 ἡμῖν
462 313 733 367 ἐπιστέλλει
762 321 843 367 τοῦ
870 318 1092 381 Σωτῆρος
1127 316 1152 366 ὁ
1184 315 1429 381 μαθητής-ς
1471 323 1499 346 ‘⁶
1517 316 1676 379 “Υμεῖς
1702 314 1765 378 δὲ,
1792 317 1912 381 ἀγα..

326 404 353 426 “
379 399 537 462 πητοὶ,
567 397 810 463 μνήσθητε
838 401 933 448 τῶν
957 396 1182 465 ῥημάτων
1206 402 1301 448 τῶν
1325 398 1675 464 προειρημένων
1702 396 1792 449 ὑπὸ
1823 400 1918 448 τῶν

327 486 354 509 “
379 479 669 531 ἀποστόλων
694 486 776 530 τοῦ
812 480 990 545 Κυρίου
1025 480 1158 543 ἡμῶν
1181 479 1345 544 Ἰησοῦ
1381 483 1612 546 Χριστοῦ,
1641 479 1712 531 ὅτι
1750 477 1919 544 ἐ’λεγον

326 568 352 592 “
381 563 486 625 ὑμῖν
530 561 600 613 ὅτι
641 563 710 613 ἐπ’
751 561 960 629 ἐσχάτου
1005 567 1089 612 τοῦ
1132 562 1305 629 χρόνου
1351 562 1628 613 ἐλεύσονται
1669 562 1918 625 ἐμπαῖκται
1939 578 1961 617 5

326 650 354 674 “
380 642 500 694 κατὰ
543 643 627 697 τὰς
671 645 848 694 ἑαυτῶν
889 643 1134 706 ἐπιθυμίας
1179 643 1484 711 πορευόμενοι
1528 649 1623 695 τῶν
1666 645 1915 705 ἀσεβειῶν.

280 726 307 767 d
328 732 354 755 ‘⁶
380 725 511 776 οῦτοί
534 729 654 776 εἰσιν
674 728 715 775 οἱ
742 724 1128 791 ἀποδιορίζοντες,
1150 728 1359 794 ψυχικοὶ,
1382 730 1576 789 Πνεῦμα
1601 725 1665 790 μὴ
1691 724 1915 793 ε”χοντες.”

326 808 473 860 οὐδεὶς
498 806 583 870 μὲν
609 805 703 873 γὰρ
729 806 783 857 τὸ
814 807 1043 873 παράπαν
1071 808 1223 878 ‘Ayc'cp
1253 807 1495 871 Πνεύματι
1531 813 1711 871 λαλῶν,
1738 812 1925 873 κατερεῖ

325 912 370 939 τι
407 892 492 953 τῆς
529 889 673 958 δόξης
711 894 794 940 τοῦ
836 893 1158 955 Μονογενοῦς.
1225 895 1366 941 τοῦτο
1406 890 1501 957 γὰρ
1540 888 1661 941 εἷναί
1701 894 1824 959 φημι
1864 889 1919 940 τὸ

104 973 117 994 ¹
132 964 206 995 (³⁰¹²
325 971 484 1037 λέγειν
510 978 537 1001 “
556 971 800 1034 Ἀνάθεμα
825 971 1063 1035 Ἰησοῦς.”
1105 973 1271 1039 ἄνδρες
1297 972 1346 1023 δὲ
1380 975 1581 1042 ψυχικοὶ
1616 975 1691 1024 καὶ
1726 973 1919 1023 δείλαιοι
1942 994 1990 1020 10

325 1056 402 1104 καὶ
452 1059 536 1105 τοῦ
578 1053 748 1119 Ἀγίου
795 1053 1072 1117 Πνεύματος
1123 1054 1301 1121 ἐρήμην
1344 1055 1528 1122 ἔχοντες
1573 1055 1658 1119 τὴν
1701 1054 1914 1120 καρδίαν,

323 1135 673 1202 ἀποδιορίζουσι
716 1141 800 1187 τοῦ
845 1136 1038 1202 Πατρὸς
1090 1135 1174 1188 τὸν
1216 1136 1349 1199 Why,
1391 1137 1597 1201 οὑσιώδη
1650 1136 1919 1204 φάσκοντες

323 1220 444 1287 ἔχειν
483 1218 626 1269 αὑτὸν
665 1217 750 1282 τὴν
789 1216 1038 1281 διακοπὴν,
1075 1218 1291 1285 καθάπερ
1332 1216 1495 1282 ἀμέλει
1535 1218 1594 1270 τὰ
1633 1217 1805 1284 γενητὰ
1842 1219 1918 1269 καὶ

322 1307 417 1352 τῶν
449 1302 558 1367 παρ’
593 1302 735 1352 αὑτοῦ
773 1301 1102 1365 πεποιημένων
1137 1302 1356 1364 ἕκαστον,
1390 1299 1509 1352 εἶναί
1543 1325 1593 1352 τε
1635 1301 1756 1352 οὕτω
1795 1304 1915 1368 φρο-

324 1390 510 1438 νοῦντες
537 1383 679 1435 αὐτὸν
702 1385 750 1434 ἐν
778 1385 948 1449 Πατρῖ,
978 1382 1192 1450 καθάπερ
1223 1384 1354 1448 ἡμεῖς
1380 1386 1428 1435 ἐν
1453 1384 1596 1452 αὐτῷ.
1943 1394 1988 1433 ¹5

389 1466 507 1517 ‘'On
545 1466 593 1517 δὲ
631 1469 714 1530 τῆς
752 1470 815 1520 εἱς
855 1465 1000 1531 ἄκρον
1039 1466 1241 1528 ἀμαθίας
1284 1466 1399 1517 ε’ίσω
1440 1465 1683 1530 βεβήκασι
1725 1469 1918 1515 τοιαῦτα

283 1547 525 1616 εγράφειν
565 1547 910 1612 τολμήσαντες,
952 1548 1064 1616 φέρε
1109 1547 1241 1614 παρὰ
1287 1551 1370 1611 τῆς
1412 1548 1537 1600 θείας
1579 1550 1768 1615 γραφῆς
1810 1550 1914 1597 δια-

323 1630 639 1693 σκεπτώμεθα
688 1629 851 1692 πάλιν,
893 1632 955 1682 ὡς
1006 1629 1139 1680 ἔστιν
1192 1629 1398 1698 ἐφικτὸν,
1444 1631 1675 1698 ἐπιδεῖξαί
1720 1652 1769 1679 τε
1820 1632 1918 1681 τοῖς

323 1713 634 1778 ἀκροωμένοις
658 1709 1027 1775 σπουδάσωμεν,
1054 1713 1116 1765 ὡς
1142 1711 1308 1777 ἑτέρως
1333 1711 1418 1775 μὲν
1443 1713 1572 1776 ἡμεῖς
1605 1714 1750 1774 ἐσμεν
1776 1711 1824 1761 ἐν
1850 1712 1918 1778 τῷ

322 1798 439 1864 Υὶῶ,
467 1795 676 1860 ἑτεροίως
711 1793 860 1859 γεμὴν
887 1795 912 1844 ὁ
939 1793 1055 1848 Υἱὸς
1086 1795 1134 1844 ἐν
1167 1798 1233 1863 τῷ
1261 1794 1359 1863 ἰδίῳ
1387 1795 1558 1860 Πατρί.
1614 1794 1668 1844 οὐ
1693 1791 1788 1858 γὰρ
1816 1797 1917 1844 ταῖς
1939 1818 1989 1843 20

324 1876 444 1928 κατὰ
479 1876 680 1941 θέλησιν
715 1879 901 1942 ἀρεταῖς
940 1875 1058 1942 πρὸς
1096 1875 1238 1927 αὐτὸν
1272 1877 1616 1945 μορφούμενος,
1645 1875 1779 1926 εἰκών
1813 1876 1917 1925 ἐστι

323 1961 405 2022 τῆς
445 1958 759 2012 ὑποστάσεως
798 1959 954 2021 αὐτοῦ,
987 1957 1064 2008 διά
1097 1981 1146 2009 τε
1186 1958 1327 2009 τοῦτό
1366 1960 1498 2009 ἐστιν
1533 1959 1581 2008 ἐν
1615 1958 1759 2026 αὐτῷ·
1803 1956 1915 2007 ἀλλ’

326 2043 388 2094 ὡς
422 2042 470 2091 ἐν
504 2039 750 2105 ταυτότητι
787 2044 970 2108 φυσικῇ
1006 2044 1082 2091 καὶ
1121 2042 1183 2094 ὡς
1218 2040 1330 2103 μίαν
1360 2039 1481 2107 ἔχων
1509 2039 1630 2106 πρὸς
1665 2037 1807 2090 αὐτὸν
1832 2037 1918 2102 τὴν

101 2137 189 2172 '799
204 2136 254 2171 A.
287 2124 511 2175 πούσίαν·
555 2123 886 2187 εἷσκεκλήσθω
921 2122 969 2174 δὲ
1003 2122 1183 2189 μάρτυς
1221 2123 1330 2186 ἡμῖν
1357 2123 1431 2173 ἐπὶ
1467 2121 1648 2175 τούτοις
1683 2122 1707 2171 ὁ
1742 2119 1915 2188 σοφώ-

102 2209 260 2291 {sgsom
327 2229 467 2259 τατος
492 2205 728 2268 Ἰωάννης,
756 2205 913 2270 λέγων
940 2212 966 2234 “
989 2206 1085 2254 Καὶ
1112 2204 1139 2267 ἡ
1167 2204 1384 2255 κοινωνία
1423 2202 1470 2254 δὲ
1505 2204 1532 2266 ἡ
1567 2203 1766 2268 ἡμετέρα
1800 2200 1917 2264 μετὰ
1940 2225 1988 2263 25

166 2276 172 2283 ⁸
327 2294 354 2316 “
381 2293 464 2337 τοῦ
506 2286 697 2351 Πατρὸς
737 2288 811 2336 καὶ
851 2284 969 2348 μετὰ
1007 2291 1090 2335 τοῦ
1126 2289 1244 2335 Υὶοῦ
1286 2286 1430 2335 αὐτοῦ
1456 2285 1618 2348 Ἰησοῦ
1649 2284 1914 2350 Χριστοῦ·”

325 2373 426 2421 πῶς
471 2369 553 2419 οῦν
597 2368 689 2433 ἄρα
734 2369 899 2437 φασὶν,
945 2366 974 2430 ἢ
1021 2365 1141 2417 κατὰ
1184 2367 1288 2417 τίνα
1334 2366 1696 2433 διισχυρίζονται
1747 2368 1916 2432 χρῆναι

326 2452 517 2516 τρόπον,
544 2449 629 2514 τὴν
657 2450 900 2500 κοινωνίαν
925 2449 1048 2513 ἡμᾶς
1080 2448 1200 2512 μετὰ
1235 2454 1317 2499 τοῦ
1346 2447 1536 2514 Πατρὸς
1571 2450 1647 2498 καὶ
1681 2446 1799 2510 μετὰ
1832 2452 1915 2498 τοῦ

326 2535 445 2582 Υἱοῦ
478 2533 620 2582 αὑτοῦ
645 2533 807 2595 Ἰησοῦ
833 2535 1082 2596 Χριστοῦ;
1127 2534 1163 2581 εἱ
1200 2529 1286 2593 μὲν
1313 2529 1407 2596 γὰρ
1438 2529 1524 2594 τὴν
1558 2530 1726 2580 οὐσίαν
1753 2527 1916 2594 ὥσπερ

327 2611 412 2676 τὴν
439 2615 615 2664 ἑαυτῶν
642 2612 1005 2677 ἀναμιγνύοντες
1032 2616 1089 2680 τῇ
1117 2613 1216 2680 θείᾳ
1243 2612 1401 2680 φύσει,
1430 2611 1531 2675 η’τοι
1561 2615 1627 2680 τῷ
1656 2613 1813 2677 Πατρὶ
1839 2611 1913 2661 καὶ
1936 2629 1987 2666 30

327 2699 393 2763 τῷ
430 2698 545 2764 Υὶῴ,
586 2696 635 2745 ἐν
677 2696 832 2748 αὐτοῖς
883 2692 996 2744 εἶναι
1044 2693 1288 2757 νοούμεθα,
1329 2695 1405 2744 καὶ
1451 2695 1554 2760 οὐχὶ
1600 2698 1794 2756 μᾶλλον
1831 2695 1915 2756 τῆς

377 2852 428 2873 10.
457 2840 491 2873 δέ
511 2852 579 2873 om.
603 2841 640 2874 E.
788 2850 841 2884 15.
868 2840 961 2883 ἡμεῖς
981 2840 1021 2874 E.
1042 2839 1125 2883 ἡμᾶς
1145 2838 1210 2873 Ed.
1344 2849 1399 2883 23.
1426 2839 1528 2878 αὐτὴν
1548 2839 1587 2872 Ε.
1727 2838 1853 2883 26-29.
1880 2838 1912 2893 A}

327 2889 478 2929 Χριστοῦ
495 2886 537 2920 ad
557 2889 707 2930 Χριστοῦ
726 2887 878 2921 transilit
897 2887 937 2921 E.
1062 2888 1115 2919 28.
1146 2885 1396 2930 Legendumne
1416 2884 1529 2928 ἡμῶνὲ
1653 2896 1710 2929 31.
1737 2885 1851 2920 αὐτοῖς
1869 2884 1910 2918 h.

330 2934 458 2967 ἑαυτοῖς
478 2933 541 2966 Ed.
