2022 3272
144 135 315 178 xiii.18.
529 139 597 178 ΙΝ
641 138 682 178 S.
717 137 1053 177 JOANNEM.
1119 137 1240 177 Ll‘ss.
1278 137 1354 178 IX.
1647 137 1730 176 357

141 245 297 314 ’γραφη
343 245 541 321 πληρωθη
578 247 634 297 ()
676 245 818 297 ἐσθιων
856 270 942 314 μου
983 271 1050 297 τον
1089 245 1211 314 ἑιρτον
1251 269 1394 313 επνρεν
1434 268 1491 295 επ
1541 243 1618 310 εμὲ
1664 264 1773 301 τῆνο

143 350 320 395 πτερνοιν
364 331 506 390 αυτοῦ,
549 328 650 392 ἠτοι
696 327 952 392 ἐμεγάλυνε
1004 328 1312 393 πτερνισμὸν,
1356 325 1475 377 κατὰ
1520 325 1605 388 τὴν
1650 330 1733 374 τοῦ

142 409 423 475 ψάλλοντος
450 409 629 478 φωνην·
676 408 809 473 οἶμαί
829 432 873 460 τι
900 415 1112 461 τοιοῦτον
1139 411 1420 473 ὑποδηλοῦν.
1462 407 1734 469 ε”κδοθεισης

143 491 253 553 ἡμῖν
287 497 537 558 τοιγαροῦν
573 493 621 542 ἐν
656 491 840 544 τούτοις
879 493 1071 557 θεωρίας
1110 494 1297 555 διπλῆς,
1325 489 1608 555 δοκιμαζέτω
1648 487 1734 551 τὴν

99 580 123 618 5
143 574 314 636 ἀμείνω
343 576 417 624 καὶ
445 575 634 637 ἀληθῶς
662 573 869 640 ἔχουσαν
897 575 921 623 ὁ
949 573 1236 642 φιλομαθὴς,
1264 571 1396 637 πλὴν
1422 576 1485 626 εἷς
1510 570 1564 622 τὸ
1590 570 1734 637 ῥητὸν

142 655 208 705 ε”τι
235 655 463 720 λέγωμεν,
490 655 572 706 τὸν
599 661 694 706 τῶν
721 656 1068 722 ἁπλουστέρων
1096 654 1469 725 ἀσφαλιζόμενοι
1497 661 1620 705 νοῦν.

216 736 569 803 Ἐπαπορήσειε
610 737 702 803 γὰρ
738 738 795 788 ἄν
826 761 896 791 τις
932 740 980 789 ἐν
1011 739 1193 792 τούτοις
1233 737 1353 788 κατὰ
1392 738 1475 788 δύο
1511 736 1729 803 τρόπους.

143 821 218 869 καὶ
257 824 448 885 πρῶτον
485 819 570 883 μὲν
608 821 718 884 ἡμῖν
758 819 1021 884 ὑπαντήσει
1064 820 1221 885 λέγων
1262 823 1320 870 Εἰ
1364 820 1522 870 πάντα
1569 817 1734 869 εἰδέναι

142 901 359 967 Χριστὸν
397 901 696 965 πιστεύομεν,
728 901 777 952 τί
810 901 893 952 τὸν
919 901 1104 953 Ἰούδαν
1138 901 1406 970 ἐξελέξατο,
1439 905 1516 952 καὶ
1554 901 1604 951 τί
1637 905 1733 953 τοῖς
1753 923 1775 947 a
1803 914 1890 950 730
1906 914 1959 947 A.

76 983 313 1049 ΙΟὲτέροις
358 984 546 1052 ἀνέμιξε
590 988 835 1048 μαθηταῖς,
875 984 957 1035 οὐκ
1001 984 1259 1050 ἀγνοήσας,
1299 983 1370 1034 ὅτι
1412 986 1488 1034 καὶ
1530 980 1735 1049 προδοὺς

143 1065 398 1129 ἁλώσεται,
427 1068 502 1116 καὶ
537 1070 632 1116 τῶν
657 1069 740 1129 τῆς
768 1067 1095 1134 φιλοκερδείας
1122 1066 1236 1117 εἵσω
1264 1071 1478 1116 πεσεῖται
1501 1065 1694 1131 βρόχων
1717 1086 1728 1126 ;

142 1149 235 1212 ἐρεῖ
263 1147 312 1198 δὲ
348 1147 467 1215 πρὸς
502 1148 682 1201 τούτοις
711 1152 769 1198 Εἰ
801 1147 849 1198 δὲ
881 1148 957 1198 διὰ
990 1155 1129 1199 τοῦτο
1156 1147 1224 1208 την
1252 1148 1436 1217 πτέρναν
1463 1147 1588 1216 ἑπῆρε
1615 1146 1735 1197 κατὰ

143 1234 374 1296 Χριστοῦ,
413 1229 625 1296 καθάπερ
664 1232 816 1298 φησὶν
855 1230 1006 1293 αὐτὸς,
1039 1232 1112 1282 ’ἵνα
1147 1230 1345 1304 πληρωθῇ
1384 1234 1405 1291 ἦ
1444 1229 1612 1300 γραφὴ,
1651 1230 1734 1280 οὐκ

144 1312 282 1366 αὐτὸς
309 1311 367 1363 ἂν
393 1318 546 1363 νοοῖτο
572 1318 656 1363 τοῦ
682 1312 934 1379 γεγονότος
962 1314 1185 1376 ὑπαίτιος,
1207 1313 1317 1364 ἀλλ’
1344 1314 1372 1377 ἡ
1399 1312 1734 1378 ἀναγκάζουσα

77 1404 123 1442 15
144 1394 338 1458 δύναμις
362 1398 670 1460 πληροῦσθαι
696 1394 782 1459 τὴν
807 1395 1015 1465 γραφήν.

218 1481 311 1528 Δεῖ
342 1476 388 1528 δὲ
427 1477 547 1541 ἡμᾶς
581 1476 700 1543 πρὸς
736 1478 917 1528 ἕκαστα
952 1482 1048 1528 τῶν
1074 1478 1328 1544 εἰρημένων
1354 1477 1734 1528 ἀντανίστασθαι

144 1564 346 1626 γοργῶς,
379 1561 455 1611 καὶ
493 1559 579 1623 τὴν
617 1559 819 1629 ἑκατέρῳ
857 1560 1137 1626 πρέπουσαν
1176 1559 1441 1626 ἀπολογίαν
1478 1562 1575 1612 τοῖς
1614 1557 1735 1608 κατὰ

145 1642 340 1705 δύναμιν
385 1642 616 1711 ἐξυφᾶναι
667 1647 936 1707 λογισμοῖς,
980 1642 1099 1708 πρὸς
1150 1641 1401 1706 οἰκοδομὴν
1446 1641 1521 1692 καὶ
1572 1639 1724 1704 παρά·
1752 1644 1778 1684 b

145 1729 322 1788 κλησιν
349 1728 442 1774 τῶν
473 1724 556 1774 οὐκ
594 1723 924 1790 ἐπαρκούντων
956 1724 1136 1775 οἴκοθεν
1171 1726 1349 1793 σφίσιν
1384 1724 1540 1775 αὐτοῖς
1579 1726 1641 1775 εἰς
1680 1721 1734 1772 τὸ

77 1815 126 1840 20
145 1804 381 1857 δύνασθαι
426 1810 548 1856 νοεῖν
591 1805 651 1855 τὰ
696 1807 744 1856 ἐν
788 1810 845 1873 τῇ
890 1806 991 1874 θείᾳ
1035 1810 1218 1874 γραφῇ.
1295 1806 1370 1857 καὶ
1415 1809 1606 1871 πρῶτον
1649 1803 1735 1867 μὲν

145 1886 288 1938 ἐκεῖνό
328 1892 500 1956 φαμεν,
535 1890 597 1941 ὡς
636 1890 673 1938 εἰ
711 1886 973 1951 μέλλοιμεν
1003 1890 1074 1957 ἐφ’
1110 1887 1299 1958 ἑκάστῳ
1338 1892 1432 1939 τῶν
1468 1885 1734 1952 γεγονότων

145 1968 276 2034 παρὰ
296 1973 420 2020 Θεοῦ
446 1974 541 2022 τοῖς
567 1969 794 2022 τοιούτοις
821 1972 1179 2036 ἀποκεχρῆσθαι
1205 1969 1380 2035 λόγοις,
1402 1967 1734 2036 καταλήξομεν

146 2051 360 2114 οὐδαμῶς
409 2052 709 2115 ἐπιτιμῶντες
753 2054 819 2120 τῷ
866 2055 1052 2119 ποιητῇ,
1096 2050 1530 2117 διαλοιδορούμενοί
1573 2072 1622 2099 τε
1667 2053 1734 2118 τῷ

145 2131 265 2198 πρὸς
300 2131 354 2183 τὸ
390 2130 504 2183 εἶναι
542 2131 601 2184 τὰ
640 2133 723 2183 οὐκ
757 2131 870 2183 ὄντα
905 2139 1129 2184 καλοῦντι
1157 2136 1278 2202 Θεῷ,
1307 2135 1382 2183 καὶ
1417 2132 1503 2196 τὴν
1529 2132 1733 2197 ἄμετρον

78 2223 127 2263 25
147 2215 289 2266 αὐτοῦ
315 2215 682 2282 φιλανθρωπίαν
708 2214 1010 2281 διασύροντες
1037 2217 1245 2278 ἀμαθῶς.
1301 2215 1348 2266 τί
1378 2214 1486 2280 γὰρ,
1512 2213 1617 2265 εἰπέ
1635 2237 1730 2276 μοι,

147 2298 223 2347 καὶ
267 2295 446 2363 ἑτέρους
490 2296 737 2347 διακωλύει
781 2297 927 2365 τυχὸν
969 2297 1227 2362 ἐγκαλέσαι
1273 2297 1502 2363 λε’γοντας
1545 2296 1611 2347 Τί
1651 2294 1773 2346 τὸνο

142 2372 312 2429 Σαοὺλ
338 2378 569 2447 ἀπελέξω,
595 2380 671 2429 καὶ
704 2382 765 2432 εἷς
798 2379 1009 2440 βασιλέα
1044 2379 1259 2447 κε’χρικας
1294 2380 1368 2430 ἐπὶ
1404 2377 1488 2429 τὸν
1512 2377 1733 2444 Ἰσραὴλ,

148 2459 278 2513 εἰδὼς
305 2459 376 2511 ὅτι
411 2459 602 2515 πάντως
637 2460 856 2524 ἀθετήσει
883 2460 968 2526 τὴν
993 2461 1160 2528 χάριν;
1202 2464 1277 2512 καὶ
1315 2462 1363 2511 τί
1392 2466 1531 2511 τοῦτο
1565 2459 1729 2523 λέγω,

149 2541 442 2605 ἀναβήσεται
472 2541 567 2608 γὰρ
601 2545 683 2605 τῆς
721 2543 869 2596 αἰτίας
902 2543 931 2606 ἡ
965 2543 1211 2612 πρόφασις
1247 2544 1323 2594 ἐπὶ
1358 2541 1439 2593 τὸν
1465 2547 1547 2592 τοῦ
1573 2541 1735 2605 γένους

79 2644 130 2682 3ο
150 2622 436 2689 καθηγητὴν,
461 2624 719 2686 τουτέστιν,
746 2622 920 2687 Ἀδάμ.
973 2626 1067 2689 ἐρεῖ
1100 2624 1154 2674 δέ
1184 2647 1253 2677 τις
1290 2622 1436 2690 τυχὸν
1465 2627 1559 2673 τῶν
1585 2623 1734 2672 ἐκεῖνα

202 2825 255 2859 13.
280 2828 345 2858 περ
371 2819 592 2858 assumptum
619 2825 660 2846 ex
687 2812 788 2846 a.b.c.
814 2812 921 2857 chrd.
996 2812 1121 2846 Statim
1143 2812 1242 2848 αὐτός
1267 2814 1377 2857 φησιν
1393 2812 1532 2846 inverso
1557 2812 1679 2846 ordine
1705 2824 1733 2846 c.

157 2905 210 2935 14.
237 2870 335 2938 νοοήτο
355 2893 396 2927 Ε.
416 2895 525 2928 νοοῖτο
544 2892 675 2926 habent
694 2892 785 2926 Catt.
850 2890 954 2927 αἴτιος
973 2891 1066 2926 Catt.
1192 2902 1245 2925 22.
1272 2891 1503 2934 καταλήξομεν
1522 2891 1615 2926 Catt.
1636 2906 1735 2926 κατα-

152 2941 297 2985 λέξομεν
316 2940 381 2974 Ed.
529 2949 584 2984 27.
610 2939 763 2982 ιὶπελέξω
784 2939 824 2973 Ε.
843 2939 993 2982 ἐπελέξω
1012 2939 1092 2979 Ed„
1111 2938 1310 2973 faventibus
1329 2938 1483 2973 Catenis.
