2022 3272
106 118 190 160 xvi.
216 131 276 168 12,
302 132 363 174 13.
406 119 480 159 IN
528 119 570 157 S.
605 116 948 158 JOANNEM.
1015 117 1136 157 Llss.
1175 119 1225 158 X.
1288 119 1420 158 ('Al'.
1459 119 1515 158 11.
1610 119 1688 156 (525

106 227 303 294 ἀρχαίας
334 229 605 286 ἀποπεσεῖν,
632 224 997 294 ε’κψαυλίζεσθαι
1024 224 1071 275 δὲ
1101 228 1209 285 δεῖν,
1244 230 1315 275 καὶ
1350 229 1398 276 ἐν
1434 230 1499 295 τῷ
1530 228 1689 289 μηδενὶ

105 309 328 377 τετοῖχθαι
355 309 485 380 λόγῳ
511 307 641 375 παρὰ
667 312 761 359 τῶν
786 306 1059 370 σεβομένων
1086 307 1227 357 Θεόν.

169 389 408 460 ’Ἄρχοντα
432 389 581 457 γεμὴν
608 392 678 442 τοῦ
705 389 853 444 αὶῶνος
879 388 1027 440 τούτου
1053 388 1275 452 κέκληκεν
1302 390 1326 439 ὁ
1354 387 1487 450 Θεὸς,
1516 390 1601 456 οὐχ
1630 391 1690 442 ὡς
1709 412 1730 435 a
1762 403 1847 436 923
1864 402 1914 435 A.

104 472 219 524 ὄντα
251 479 389 525 τοῦτο
424 473 544 525 κατὰ
575 472 816 538 ἀλήθειαν,
844 474 928 540 οὐχ
957 474 1018 526 ὡς
1045 473 1266 526 οὐσιῶδες
1298 473 1465 540 ἔχοντα
1491 472 1690 541 ἅξιωμα,

62 568 84 605 5
105 557 228 624 φημὶ
253 555 309 620 δὴ
335 555 389 606 τὸ
417 556 648 607 δύνασθαι
675 559 875 621 κρατεῖν,
905 555 1015 604 ἀλλ’
1045 556 1106 607 ὡς
1132 554 1189 623 ἐξ
1211 554 1391 618 ἀπάτης
1419 556 1492 605 καὶ
1519 561 1690 605 πλεον-

104 637 231 705 εξίας
268 637 354 702 τὴν
387 640 461 690 ε’πὶ
491 637 640 707 τούτῳ
677 636 822 706 δόξαν
854 636 1263 702 ἁποκερδαίνοντα,
1291 638 1365 687 καὶ
1406 638 1467 690 ὡς
1507 637 1554 686 ἐν
1593 641 1690 689 τοῖς

102 720 427 784 πλανωμένοις
463 720 528 771 ε”τι
563 718 824 787 κρατοῦντά
851 741 898 769 τε
926 719 1001 769 καὶ
1028 718 1248 786 ἄρχοντα,
1277 717 1352 769 διὰ
1377 717 1462 783 τὴν
1488 720 1689 769 ἐνοῦσαν

103 802 259 856 αὐτοῖς
300 801 661 870 μοχθηροτάτην
705 802 995 867 προαίρεσιν,
1040 802 1145 852 καθ’
1196 800 1252 864 ἣν
1293 805 1351 868 τῇ
1396 800 1558 869 πλάνῃ
1607 801 1689 851 τὸν

103 887 271 934 οἰκεῖον
308 883 669 951 προσδήσαντες
709 889 832 945 νοῦν,
873 882 1161 951 ἀδιάφυκτον
1199 883 1362 951 ε”χουσι
1400 885 1482 946 τῆς
1514 887 1685 949 αἰχμα-

38 989 84 1014 10
102 968 284 1023 λωσίας
329 967 412 1020 τὸν
450 968 644 1036 βρόχον,
687 968 833 1018 καίτοι
878 969 1120 1033 διαδρᾶναι
1163 966 1317 1033 παρὸν
1360 968 1428 1018 ἐπ’
1469 967 1686 1036 ἐξουσίας
1710 976 1734 1015 b

103 1051 272 1114 αὐτοῖς,
315 1049 389 1102 διὰ
435 1051 638 1104 πίστεως
682 1053 765 1114 τῆς
817 1053 878 1103 εἷς
923 1049 1140 1115 Χριστὸν
1184 1049 1583 1113 μετατεθειμε’νοις
1628 1054 1690 1103 εἷς

103 1133 361 1198 ἐπίγνωσιν
399 1139 482 1184 τοῦ
518 1132 636 1183 κατὰ
677 1131 904 1196 ἀλήθειαν
940 1130 1072 1185 ὄντος
1111 1135 1251 1182 Θεοῦ.
1304 1131 1444 1182 νόθον
1479 1133 1560 1182 οὖν
1597 1134 1688 1198 ἄρα

102 1213 157 1265 τὸ
193 1218 274 1279 τῆς
308 1217 456 1283 ἀρχῆς
493 1214 640 1278 ὄνομα
673 1218 740 1282 τῷ
774 1217 976 1282 σατανᾷ,
1005 1218 1221 1281 φυσικῶς
1254 1213 1337 1277 μὲν
1364 1215 1417 1263 οὐ
1452 1212 1570 1280 πρὸς
1604 1213 1686 1264 τὸν

104 1296 241 1359 Θεὸν,
269 1298 317 1348 ἐν
343 1297 392 1348 δὲ
417 1301 475 1364 τῇ
501 1301 594 1348 τῶν
619 1296 944 1360 πλανωμένων
970 1296 1198 1364 βδελυρίᾳ
1226 1293 1585 1360 διασωζόμενον.

36 1454 194 1508 ι5”Ετι
237 1457 377 1497 Πολλὰ
424 1453 517 1505 ὑμῖν
564 1457 649 1512 ἔχω
691 1458 840 1507 λὲΓειν,
884 1457 973 1497 ἀλλ’
1018 1457 1065 1497 οὐ
1106 1457 1286 1498 ὃύναῡθε
1325 1457 1541 1513 Βασταςειν
1579 1457 1686 1514 ἄρτι,
1713 1472 1755 1496 12

171 1539 273 1580 ὅταν
323 1538 368 1581 δὲ
418 1539 522 1597 ἕλθῌ
571 1537 749 1592 ἐκεῖνος,
795 1539 844 1581 τὸ
894 1544 1059 1588 Πνεῦμα
1105 1542 1180 1580 τῇε
1229 1538 1445 1590 ἀλΗΘειάε,
1484 1539 1758 1589 &Em-(metm

170 1623 278 1670 ὑμᾶς
316 1620 376 1664 εἷς
413 1626 554 1665 Πᾶσαν
592 1623 669 1665 τιῖιν
707 1623 925 1664 ἀλήθειαν·
988 1623 1036 1663 οὐ
1076 1623 1152 1678 Γὰρ
1191 1624 1369 1664 λαλήσει
1407 1623 1476 1678 ἀφ’
1519 1624 1687 1675 ἑαυτοῦ,

171 1704 262 1745 ἀλλ’
310 1706 389 1748 ὅσα
439 1706 489 1747 ἂν
537 1706 699 1764 ἀκούσῌ
749 1707 942 1757 λαλήσει,
988 1706 1055 1747 καὶ
1105 1706 1154 1746 τὰ
1204 1706 1415 1762 ἐρχόμενα
1466 1706 1728 1755 ἀναΠ-ελεῖο

170 1785 277 1837 ὑμῖν.

34 1919 83 1945 20
181 1895 649 1960 Πλεονεκτουμένους
694 1895 783 1960 ἤδη
824 1901 925 1949 ταῖς
966 1897 1015 1946 ἐκ
1056 1901 1139 1947 τοῦ
1180 1900 1344 1960 μαθεῖν
1385 1897 1444 1948 τὰ
1487 1895 1689 1960 ἐσόμενα

107 1977 386 2040 δυσθυμίαις
424 1977 584 2044 εὑρὼν,
613 1979 687 2028 καὶ
727 1976 977 2046 ἀφορήτως
1015 1977 1208 2044 ἔχοντας
1245 1978 1364 2044 πρὸς
1397 1978 1456 2029 τὰ
1490 1979 1688 2030 ἔσεσθαι

105 2058 498 2124 προσδοκώμενα·
536 2058 819 2126 πεπλήρωκε
844 2058 950 2126 γὰρ,
978 2062 1145 2128 φησὶν,
1172 2060 1199 2124 ἡ
1227 2059 1356 2125 λύπη
1382 2060 1468 2125 τὴν
1493 2061 1687 2127 καρδίαν
1750 2077 1854 2118 Sama

104 2140 248 2202 ὑμῶν·
302 2142 378 2192 καὶ
416 2145 516 2195 ταῖς
554 2145 648 2192 τῶν
686 2141 854 2207 ἑτερων
886 2139 1182 2208 προσθήκαις
1216 2141 1568 2210 καταφορτιζειν
1599 2143 1681 2193 αὐ·
1751 2132 1815 2151 ‘el
1835 2121 1864 2152 ⁶

104 2221 211 2276 τοὺς
258 2222 341 2273 οὐκ
389 2221 506 2292 ᾤετο
555 2225 661 2286 δεῖν,
705 2223 1020 2291 καταχωννύει
1067 2221 1115 2273 δὲ
1161 2221 1326 2290 ὥσπερ
1371 2227 1433 2278 εἷς
1477 2225 1687 2291 εὔκαιρον

34 2323 82 2362 25
103 2302 306 2369 σιωπὴν,
330 2304 557 2369 πλήττειν
581 2306 635 2356 οὗ
666 2306 863 2372 μετρίως
894 2303 1060 2358 αὐτοὺς
1093 2304 1215 2356 κατά
1244 2328 1299 2372 γε
1331 2305 1385 2357 τὸ
1417 2307 1534 2360 εἰκὸς
1560 2305 1584 2357 ὃ
1612 2307 1687 2357 καὶ

102 2384 162 2437 τὰ
188 2386 358 2455 ἐφεξῆς
384 2385 630 2454 ἰσχύοντα,
659 2388 736 2438 καὶ
761 2389 820 2455 τῇ
852 2385 929 2437 διὰ
962 2392 1046 2438 τοῦ
1073 2387 1349 2450 Πνεύματος
1384 2388 1687 2456 ἀποκαλύψει

103 2490 152 2519 τε
185 2469 262 2518 καὶ
293 2468 585 2537 φωταγωγίᾳ
619 2471 677 2535 τῇ
714 2467 834 2519 κατὰ
871 2467 1033 2535 καιρὸν
1072 2467 1274 2536 ἐσομένῃ
1309 2470 1392 2521 τὸν
1428 2469 1604 2532 δεόντα,
1631 2469 1684 2520 τὸ
1704 2479 1731 2520 d

101 2552 267 2601 λεῖπον
292 2550 447 2603 αὐτοῖς
481 2553 544 2604 εἰς
578 2553 760 2615 γνῶσιν
782 2548 1018 2615 τετήρηκε.
1074 2548 1198 2617 τάχα
1224 2551 1273 2601 δὲ
1300 2553 1375 2602 καὶ
1402 2552 1684 2605 ἀτονοῦντας

101 2630 168 2682 ε”τι
192 2632 298 2698 περὶ
317 2630 403 2695 τὴν
423 2636 504 2682 τοῦ
523 2631 788 2697 μυστηρίου
808 2630 1085 2699 κατάληψιν
1101 2631 1359 2697 θεωρήσας,
1377 2630 1452 2682 διὰ
1473 2632 1525 2683 τὸ
1541 2633 1683 2697 μήπω

150 2747 183 2782 3.
209 2738 227 2771 ὁ
244 2743 467 2782 assumptum
485 2749 527 2771 ex
546 2736 700 2771 Catenis.
842 2736 875 2771 6.
893 2737 1000 2782 τούτῳ
1020 2736 1060 2770 Ε.
1080 2736 1172 2771 Catt.
1190 2739 1290 2771 τοῦτο
1309 2737 1375 2771 Ed.
1519 2749 1552 2782 9.
1573 2752 1683 2783 προσ-

103 2783 268 2827 δήσαντες
285 2784 326 2818 Ε.
332 2783 370 2817 F.
390 2783 456 2818 Ed.
473 2795 545 2828 mg.
562 2783 863 2828 προσδοκήσαντες
882 2783 949 2818 Ed.
1183 2794 1236 2828 13.
1262 2785 1321 2817 τὸν
1339 2792 1561 2828 assumptum
1579 2797 1621 2819 ex
1641 2785 1684 2820 E.

102 2831 188 2875 πρὸς
204 2831 263 2864 τὸν
280 2829 382 2874 Θεὸν]
402 2844 458 2875 γρ.
475 2831 609 2875 προσὸν
627 2830 762 2875 Μὶἕῐιθ.
1001 2840 1054 2874 15.
1072 2830 1149 2874 ὑμῖν
1166 2830 1233 2874 ἔχω
1252 2830 1365 2875 λέγειν
1382 2830 1449 2866 hoc
1466 2830 1587 2865 Oldine
1606 2832 1645 2865 E.
1650 2844 1684 2876 p.

101 2876 170 2921 ἔχω
188 2876 332 2922 λεΗγειν
318 2879 394 2920 υμῖν
414 2876 480 2911 Ed.
545 2876 709 2911 δυνασθαι
730 2877 770 2911 Ε.
908 2875 960 2910 16.
983 2876 1019 2910 δὲ
1037 2882 1257 2921 assumptum
1277 2889 1318 2911 ex
1338 2877 1377 2911 E.
1381 2889 1415 2922 p.
1544 2889 1598 2912 22.
1625 2893 1684 2921 την

102 2923 240 2967 καρδίαν
257 2924 299 2957 Ε.
317 2938 375 2959 τας
392 2923 528 2967 καρδίας
545 2923 612 2958 Ed.
862 2922 1173 2957 .Delendurnne
1160 2938 1198 2956 ο.
1192 2925 1202 2946 ³

159 2990 250 3019 VOL.
275 2991 323 3019 11
871 2991 898 3028 4
920 2990 943 3016 Ι.
