1971 3272
88 167 175 208 viii.
198 181 262 223 23.
329 169 401 210 IN
444 170 486 210 S.
521 168 856 210 JOANNEM.
919 167 1042 207 L113.
1067 167 1118 207 V.
1180 166 1308 205 CM).
1344 165 1428 204 111.
1622 165 1668 203 11

91 282 118 304 “
144 275 329 344 ὄψεσθε
373 276 455 328 τὸν
498 277 696 343 οὐρανὸν
741 274 996 345 ἀνεῳγότα,
1038 277 1112 326 καὶ
1158 273 1265 327 τους
1310 273 1545 338 ἀγγέλους
1590 279 1672 322 τοῦ

91 364 118 387 “
145 361 270 408 Θεοῦ
311 360 652 421 ἀναβαίνοντας
694 361 768 409 καὶ
810 358 1180 418 καταβαίνοντας
1221 358 1294 406 ἐπὶ
1332 355 1414 405 τὸν
1453 354 1551 405 υἱὸν
1590 360 1671 403 τοῦ

90 445 118 468 “
144 440 437 506 ἀνθρώπου.”
485 440 560 491 ὅτε
588 441 743 491 τοίνυν
772 442 846 490 καὶ
874 440 1072 504 ἄγγελοι
1100 439 1468 498 καταβαίνουσιν
1495 436 1672 486 α”νωθεν

91 520 147 589 ἐξ
179 522 389 587 οὐρανοῦ,
417 522 467 573 τί
496 522 650 586 μάτην
680 519 980 587 ἐπικομπάζει
1013 518 1225 586 Χριστὸς
1264 522 1325 572 ὡς
1365 521 1438 569 ἐπὶ
1478 516 1712 586 μεγάλως·

49 615 71 652 5
92 605 179 653 τινὶ
213 605 288 653 καὶ
321 603 440 666 ὅλην
467 603 738 671 ὑπερέχοντι
764 602 849 667 τὴν
877 604 1044 664 κτίσιν,
1067 606 1133 671 τῷ
1161 602 1338 652 ἄνωθεν
1365 602 1489 665 ἥκειν
1517 600 1668 668 φημί,

90 685 202 735 ἀλλ’
231 685 362 736 ἔστιν
397 688 613 752 ἀνιδρωτὶ
652 687 725 736 καὶ
762 683 1104 749 ἀταλαιπώρως
1139 681 1333 752 σφόδρα
1369 687 1574 733 συνιδεῖν
1607 683 1674 735 τίς

90 765 175 829 μέν
213 768 317 817 ἐστι
363 766 482 818 κατὰ
528 767 678 835 φύσιν
720 768 744 817 ὁ
788 765 1078 831 Μονογενὴς,
1120 767 1169 816 τί
1210 764 1257 815 δὲ
1300 768 1341 815 οἱ
1382 766 1489 830 παρ’
1533 765 1674 815 αὑτοῦ

91 846 336 914 γεγονότες
386 850 600 915 ἄγγελοι·
663 850 829 899 οὐκοῦν
880 848 1146 913 ἀναγκαίως
1205 848 1258 897 οὐ
1308 846 1362 897 τὸ
1413 846 1566 897 κοινὸν
1618 845 1675 910 δὴ

91 935 230 980 τοῦτο
254 929 307 980 τὸ
343 930 399 999 ἐξ
425 932 623 997 οὐρανοῦ
648 930 948 991 καταβαίνειν
974 928 1029 980 τό
1056 927 1274 980 ”Ανωθεν
1300 929 1409 992 ἡμῖν
1435 928 1672 993 σημαίνει,

26 1034 74 1061 10
93 1012 204 1062 ἀλλ’
233 1012 303 1063 ὅτι
336 1015 418 1076 τῆς
453 1011 676 1063 ἀνωτάτω
716 1014 791 1062 καὶ
832 1010 1157 1077 ὑπερκειμένης
1195 1010 1255 1061 τὰ
1293 1010 1448 1061 πάντα
1487 1010 1678 1079 φύσεως

93 1093 366 1162 ἐξέλαμψεν
393 1096 417 1145 ὁ
443 1093 570 1147 Υἱός.
624 1094 791 1145 οὐκοῦν
817 1093 871 1145 τό
896 1091 1112 1144 ’Άνωθεν
1138 1094 1211 1144 ἐπὶ
1237 1091 1382 1156 μόνου
1405 1098 1487 1143 τοῦ
1518 1097 1677 1143 Μονο-

92 1181 255 1241 γενοῦς
305 1176 359 1227 τὸ
410 1178 459 1227 ἐκ
513 1179 638 1226 Θεοῦ
688 1174 808 1226 κατὰ
860 1175 1010 1240 φύσιν
1055 1177 1129 1225 καὶ
1182 1175 1269 1241 οὐχ
1321 1174 1477 1240 ἕτερον
1523 1176 1673 1238 δηλοῖ.

92 1257 284 1309 πάντων
330 1257 423 1324 γὰρ
469 1256 587 1308 εἶναί
633 1280 683 1308 τε
735 1259 810 1308 καὶ
857 1256 1078 1324 ὑπάρχειν
1121 1258 1170 1306 ἐκ
1215 1260 1340 1306 Θεοῦ
1384 1255 1673 1321 λεγομένων,
1698 1264 1725 1304 d

92 1339 330 1406 πρόσεστι
374 1344 441 1409 τῷ
483 1343 585 1407 Υὶῷ
630 1338 750 1390 κατὰ
796 1338 987 1389 πάντων
1031 1337 1281 1406 ἐξαίρετον,
1329 1337 1382 1388 τὸ
1434 1338 1491 1406 ἐξ
1537 1339 1679 1401 αὐτῆς

28 1435 75 1474 15
96 1420 318 1489 ὑπάρχειν
349 1424 431 1485 τῆς
466 1421 632 1474 οὐσίας
666 1426 750 1472 τοῦ
778 1419 971 1488 Πατρός
1007 1423 1256 1486 γεννητῶς,
1284 1421 1359 1470 καὶ
1395 1420 1482 1487 οὐχ
1515 1419 1679 1486 ὥσπερ

94 1502 154 1555 τὰ
179 1501 420 1568 ποιήματα
446 1505 805 1570 δημιουργικῶς.

143 1668 176 1704 5.
203 1659 286 1703 ὅλην
305 1659 347 1693 Β.
367 1658 436 1705 ὅλῳ
456 1659 575 1694 Holst.
595 1659 662 1694 Ed.
892 1660 924 1693 6.
951 1659 1194 1704 ἀταλαιπώρως
1211 1658 1375 1693 emendat
1394 1658 1523 1703 Heyse.
1541 1659 1682 1693 ἀταλαι-

95 1708 197 1752 πώρῳ
216 1706 258 1740 Β.
278 1705 345 1741 Ed.
465 1706 498 1740 8.
523 1707 561 1740 οὐ
579 1707 617 1740 τὸ
637 1707 745 1740 κοινὸν
763 1712 984 1740 accesserunt
1003 1718 1043 1739 ex
1066 1706 1093 1739 B
1113 1717 1184 1750 mg.
1204 1717 1234 1740 a.
1366 1716 1418 1739 10.
1445 1706 1682 1749 ὑπερκειμένης

96 1754 137 1787 τὰ
154 1754 262 1787 πάντα
282 1752 390 1786 B.a.c.
410 1752 493 1796 ὑπὲρ
511 1753 552 1786 τὰ
568 1754 676 1787 πάντα
694 1753 845 1797 κειμένης
866 1754 929 1787 Hb.
948 1752 1043 1786 unde
1062 1752 1129 1787 Ed.
1287 1763 1340 1797 13.
1366 1750 1452 1788 εἶναι’
1466 1767 1501 1787 τε
1520 1752 1682 1788 emendat

99 1800 228 1846 Heyse.
246 1798 367 1834 εἵνεταὶ
383 1814 419 1834 τε
439 1798 518 1844 (Sic)
541 1799 583 1834 B.
601 1797 684 1835 εἶναι
701 1799 738 1834 τὲ
755 1815 791 1834 τε
812 1799 874 1834 Ht.
893 1797 975 1834 εἶναι
992 1801 1069 1834 τότε
1087 1799 1182 1834 Aub.

857 3039 927 3070 02
