2022 3272
135 132 204 172 xii.
223 135 321 186 4-8.
374 135 441 176 IN
475 136 517 177 S.
542 136 713 177 JOAN.
777 136 1039 178 LIBNIII.
1102 137 1489 177 FRAGMENTA.
1640 135 1724 174 303

126 241 277 312 ’Ἄφες
305 247 446 306 αὐτήν.
500 248 808 312 ἀπολογεῖται
846 246 893 297 δὲ
933 246 1048 312 ὑπὲρ
1085 249 1168 310 τῆς
1205 252 1288 297 τοῦ
1323 246 1472 312 μύρου
1505 245 1722 311 χρίσεως,

136 325 190 375 οὐ
228 325 303 376 διὰ
340 327 526 396 τρυφὴν
557 329 815 394 γεγονυίας,
842 327 973 379 ἀλλὰ
1011 328 1089 379 διά
1121 352 1166 380 τι
1204 328 1481 393 μυστήριον,
1510 326 1626 391 ὅπερ
1664 329 1725 377 εἷς

136 407 220 458 τὸν
255 410 397 460 αὐτοῦ
432 411 623 476 γέγονεν
655 410 987 480 ἐπαφιᾶσι-μὸν,
1022 415 1059 462 εἰ
1099 413 1174 461 καὶ
1214 409 1372 476 ἠγνόει
1410 410 1438 473 ἡ
1476 407 1726 471 ποιήσασα

137 495 220 540 τοῦ
252 492 516 558 μυστηρίου
548 491 634 556 τὴν
659 493 939 557 οἰκονομίαν.
995 492 1158 544 πολλὰ
1194 491 1288 559 γάρ
1325 515 1446 545 τινες
1484 492 1560 541 καὶ
1596 487 1726 540 εἶπον
1746 497 1772 537 d

95 583 117 622 5
139 575 214 622 καὶ
251 573 481 637 ἐποίησαν
507 578 568 628 εἰς
601 574 834 638 μυστικὸν
861 576 1043 641 ὁρῶντα
1075 575 1224 626 τύπον
1251 577 1544 640 ἀγνοοῦντες.
1602 571 1728 635 ὅμως

139 655 164 704 ὁ
206 655 380 721 Κύριος
418 657 600 724 ἐλέγχει
638 656 787 709 πάλιν
822 657 904 708 τὸν
942 657 1138 719 Ἰούδαν,
1175 657 1247 707 ὅτι
1286 657 1340 707 οὐ
1380 657 1435 707 δι’
1477 654 1728 712 εὐλάβειαν

137 742 286 787 ταῦτα
339 736 516 804 ἐ’λεγεν,
555 741 666 790 ἀλλ’
714 739 786 790 ὅτι
831 739 1174 807 αἰσχροκερδὴς
1219 739 1289 804 ἧν,
1336 741 1411 790 καὶ
1461 739 1515 788 δι’
1563 737 1729 802 ὀλίγον

139 819 299 885 κέρδος
346 823 602 886 προδοῦναι
654 821 825 886 ἔμελλε
869 822 952 872 τὸν
997 822 1306 873 διδάσκαλον.
1382 822 1406 871 ὁ
1452 819 1545 886 γὰρ
1588 820 1726 869 ε’ντα-

140 902 354 971 φιασμὸς
388 905 464 954 καὶ
500 904 527 967 ἡ
562 909 646 954 τοῦ
685 903 891 955 θανάτου
929 903 1090 968 μνήμη
1125 909 1263 954 τοῦτο
1296 907 1472 967 δηλοῦν
1500 901 1729 969 φαίνεται.

71 1005 120 1030 10
140 984 301 1050 ἐπάγει
339 984 387 1036 δὲ
426 987 502 1036 καὶ
541 986 782 1052 λογισμὸν
815 988 839 1037 ὁ
876 986 1059 1052 Σωτὴρ,
1087 986 1349 1037 ἀναπείθων
1386 985 1506 1049 ἡμᾶς
1542 983 1612 1034 ὅτι
1647 985 1730 1046 τῆς

139 1069 203 1120 εἷς
237 1066 378 1118 αὐτὸν
410 1068 649 1129 εὐσεβείας
683 1067 816 1119 οὐδέν
841 1070 945 1120 ἐστι
979 1067 1190 1129 βέλτιον.
1246 1064 1608 1137 ἀξιολογωτάτη
1646 1063 1730 1128 μὲν

139 1148 248 1215 γὰρ,
290 1153 456 1220 φησὶν,
495 1152 523 1216 ἡ
562 1151 883 1220 φιλοπτωχία,
920 1150 1051 1215 πλὴν
1090 1151 1247 1202 ὀπίσω
1286 1148 1500 1217 τετάχθω
1539 1150 1622 1211 τῆς
1667 1150 1731 1200 εἷς

141 1232 268 1284 Θεὸν
298 1237 467 1288 αἰδοῦς.
519 1232 544 1284 ὃ
583 1232 631 1284 δὲ
670 1232 810 1299 λέγει,
838 1233 1051 1284 τοιοῦτόν
1084 1234 1216 1283 ἐστιν
1249 1233 1313 1283 ‘O
1352 1231 1534 1299 χρόνος,
1563 1231 1727 1297 φησὶν,
1748 1253 1769 1279 e

142 1315 168 1365 ὁ
202 1317 286 1379 τῆς
320 1320 383 1370 εἰς
417 1315 495 1380 ἐμὲ
530 1314 812 1381 τεταγμένος
847 1315 980 1366 ἕνεκα
1014 1318 1166 1379 τιμῆς,
1192 1315 1341 1381 ἤγουν
1368 1315 1392 1364 ὁ
1428 1316 1510 1377 τῆς
1542 1314 1615 1363 ἐπὶ
1642 1313 1731 1377 γῆς

75 1406 122 1445 15
143 1400 398 1464 διατριβῆς,
443 1399 527 1449 οὐκ
576 1398 766 1450 ἀπαιτεῖ
809 1400 922 1462 ἐμοῦ
972 1402 1300 1464 προτιμᾶσθαι
1351 1394 1459 1449 τοὺς
1509 1395 1727 1458 πένητας.

142 1485 281 1531 τοῦτο
308 1480 357 1532 δὲ
383 1479 509 1532 εἶπεν
535 1484 851 1543 οἰκονομικῶς.
904 1481 987 1531 οὐκ
1017 1480 1258 1549 ἀφίστησι
1292 1477 1450 1542 μέντοι
1484 1479 1733 1529 παντελῶς

141 1564 225 1626 τῆς
255 1566 319 1617 εἷς
352 1562 459 1617 τοῦς
493 1561 712 1630 πτωχοὺς
747 1562 935 1628 ἀγάπης
970 1562 1054 1613 τὸν
1080 1564 1330 1626 συμπαθῆ.
1389 1560 1465 1611 ὅτε
1492 1559 1574 1610 οὖν
1599 1559 1735 1626 χρεία

142 1646 363 1711 λατρείας
410 1643 439 1710 ἢ
493 1645 739 1716 ὑμνῳδίας,
785 1647 857 1695 δεῖ
895 1648 1132 1711 προτιμᾶν
1175 1643 1350 1697 ταύτας
1394 1645 1477 1706 τῆς
1521 1645 1583 1695 εἰς
1626 1638 1735 1694 τοῦς

141 1726 360 1796 πτωχοὺς
398 1727 600 1794 ἀγάπης·
664 1726 863 1778 δυνατὸν
902 1726 995 1794 γὰρ
1033 1728 1083 1777 εὖ
1121 1731 1271 1778 ποιεῖν
1309 1724 1429 1790 μετὰ
1467 1724 1552 1778 τὰς
1589 1746 1731 1775 πνευ-

75 1828 125 1853 20
142 1809 341 1874 ματικάς
383 1810 690 1876 λειτουργίας.
760 1811 914 1878 φησὶν
953 1810 1035 1860 οὖν
1077 1809 1148 1860 ὅτι
1193 1809 1275 1860 οὐκ
1319 1806 1618 1860 ἀδιαστάτως
1666 1807 1734 1856 ἀεὶ

143 1896 244 1946 ταῖς
285 1896 348 1947 εἰς
390 1891 468 1960 ἐμὲ
508 1896 662 1955 τιμαῖς
703 1895 774 1943 δεῖ
810 1890 1080 1959 σχολάζειν,
1122 1892 1226 1941 οὕτε
1267 1894 1329 1943 εἷς
1369 1888 1457 1954 τὴν
1500 1887 1774 1954 ἶερατικὴνα
1805 1901 1892 1937 697
1906 1901 1956 1937 Α.

145 1974 441 2040 λειτουργίαν
465 1973 621 2025 πάντα
652 1974 942 2035 ἀναλίσκειν,
969 1972 1101 2023 ἀλλὰ
1135 1971 1194 2023 τὰ
1227 1971 1393 2023 πολλὰ
1428 1973 1644 2022 δαπανᾶν
1671 1973 1734 2023 εἷς

145 2055 254 2109 τοὺς
278 2056 496 2120 πένητας.
550 2054 578 2120 ὴ
607 2056 767 2109 οὕτως·
808 2053 973 2120 ὥσπερ
999 2054 1116 2118 μετὰ
1142 2053 1196 2106 τὸ
1231 2055 1463 2117 ἀναβῆναι
1498 2051 1617 2118 πρὸς
1651 2051 1735 2103 τὸν

149 2138 354 2204 Πατέρα,
379 2137 610 2203 ἐπιτρέπει
636 2142 731 2191 τοῖς
756 2140 986 2201 μαθηταῖς
1014 2136 1268 2201 νηστεύειν·
1313 2136 1433 2186 οὕτω
1461 2136 1537 2185 καὶ
1563 2136 1646 2198 τῆς
1673 2137 1735 2187 εἷς
1796 2141 1957 2216 {fimb-

78 2236 127 2275 25
145 2219 252 2273 τοὺς
296 2219 514 2287 πτωχοὺς
556 2220 823 2282 ἐπιμελείας
862 2218 967 2270 τότε
1009 2217 1175 2272 αὐτοὺς
1214 2218 1492 2283 ἀδεέστερον
1533 2218 1729 2267 ἀντιλα-
1834 2210 1840 2216 ’
1878 2194 1907 2225 5-

145 2302 318 2363 βέσθαι
347 2303 511 2370 φησὶν,
533 2301 778 2368 ἀθορύβως
804 2324 854 2352 τε
880 2306 1072 2364 μᾶλλον
1095 2303 1170 2351 καὶ
1196 2297 1541 2368 σχολαιότερον
1567 2320 1736 2363 κατορ-

130 2376 319 2434 θώσειν
350 2381 435 2446 τὴν
461 2384 809 2452 φιλοπτωχίαν·
853 2382 968 2450 ὅπερ
1008 2384 1084 2433 καὶ
1122 2382 1306 2448 γέγονε.
1359 2379 1479 2444 μετὰ
1517 2379 1610 2446 γὰρ
1649 2378 1736 2442 τὴν

145 2463 393 2532 ἀνάληψιν
432 2470 516 2515 τοῦ
559 2467 795 2531 Σωτῆρος,
838 2464 914 2515 ὅτε
959 2464 1110 2515 οὐκέτι
1153 2462 1448 2528 ἠκολούθουν
1488 2465 1555 2531 τῷ
1600 2463 1732 2511 διδα-

147 2545 331 2615 σκάλῳ,
358 2547 467 2597 ἀλλ’
496 2545 791 2613 ἐσχόλασαν,
818 2545 923 2597 τότε
958 2545 1155 2599 ἐντόνως
1189 2545 1377 2596 ἅπαντα
1402 2542 1461 2594 τὰ
1487 2546 1734 2611 καρποφο-
1752 2551 1780 2592 b

79 2650 130 2686 30
146 2628 350 2695 ρούμενα
378 2631 440 2681 εἰς
466 2626 574 2681 τοὺς
598 2627 801 2692 πένητας
827 2628 1104 2691 ἀνήλισκον.

195 2786 228 2819 8.
254 2785 451 2829 προδιδόναι
469 2796 499 2818 a.
646 2783 699 2818 16.
724 2785 899 2819 παντελῶς
917 2788 996 2828 post
1013 2782 1146 2827 ἀγάπης
1163 2780 1365 2825 transponit
1383 2791 1413 2814 a.
1550 2779 1604 2813 18.
1630 2780 1735 2813 ταῦτα

148 2833 218 2867 a.k.
235 2832 357 2866 ταύτας
375 2831 480 2865 habet
499 2830 576 2866 Cat.
597 2830 696 2865 Harl.
874 2841 928 2872 24.
955 2828 1059 2873 οὕτω]
1080 2829 1136 2862 ὅτε
1155 2840 1186 2862 a.
1353 2828 1409 2861 28.
1436 2826 1491 2860 ὅτε
1510 2833 1735 2871 assumptum

149 2906 191 2928 ex
208 2895 278 2929 a.k.
299 2893 335 2940 [ὅ
345 2888 373 2904 ⁷⁶
391 2894 439 2940 a.]
584 2905 641 2939 30.
668 2893 854 2938 ἀνήλισκον
871 2893 940 2927 a.k.
959 2892 1200 2927 ἀναλίσκοντες
1219 2889 1297 2925 Cat.
1320 2890 1417 2924 Harl.
1437 2889 1505 2925 Ed.
