2037 3266
358 125 441 164 674
760 128 810 167 B.
844 127 1112 168 CYRILLI
1156 130 1533 171 ALEXANDR..
1727 129 1825 170 xvii.
1844 137 1940 180 4,5·

355 236 515 298 μηδεὶς
549 236 693 286 ε’κεῖνο
720 236 876 302 λέγειν
901 238 1036 301 ἡμᾶς,
1064 237 1135 289 ὅτι
1169 239 1404 305 προσήκοι
1437 239 1520 291 τὸν
1546 239 1797 305 ἄνθρωπον
1823 238 1943 289 κατὰ

353 317 556 380 μίμησιν
605 324 689 369 τοῦ
740 322 972 386 Χριστοῦ,
1016 319 1312 386 προκόσμιόν
1356 344 1461 372 τινα
1510 323 1586 373 καὶ
1634 321 1834 388 ἀρχαίαν
1880 321 1942 373 ὡς

353 398 668 466 ὀφειλομένην
693 403 769 451 καὶ
804 402 930 470 αὐτῷ
965 401 1112 470 δόξαν
1140 403 1381 469 ἐπιζητεῖν·
1426 404 1635 454 ἐννοείτω
1670 402 1717 453 δὲ
1752 407 1942 466 μᾶλλον

353 479 426 531 ὅτι
463 480 517 532 τὸ
555 482 741 552 ἑκάστῳ
778 483 971 550 πρέπον,
1011 485 1136 552 αὐτῷ
1175 488 1250 534 καὶ
1289 485 1445 550 λέγειν
1484 485 1850 551 ἁρμοδιώτατον.
1905 488 1941 535 εὶ

307 568 334 609 (l
351 561 438 626 μὲν
462 562 556 630 γὰρ
581 562 727 628 μόνον
754 565 803 616 ἐν
828 569 1027 634 Χριστῷ
1055 570 1224 617 νοεῖται
1250 566 1305 617 τὸ
1338 567 1635 633 ἀνθρώπινον
1661 568 1766 618 καθ’
1796 567 1937 630 ἡμᾶς,
1961 587 1983 625 5

350 645 558 696 λαλείτω
597 645 654 710 δὴ
691 645 814 711 μόνα
851 649 928 698 καὶ
966 647 1026 698 τὰ
1069 653 1164 701 τοῖς
1207 649 1431 715 γηγενέσι
1468 650 1728 716 πρέποντα,
1772 650 1848 699 καὶ
1885 648 1940 700 τὸ

350 727 647 793 ἀνθρώπινον
677 728 742 792 μὴ
781 728 1019 798 παρεξίτω
1059 730 1246 796 μέτρον·
1300 730 1340 782 εἷ
1378 731 1426 782 δὲ
1463 731 1584 786 Θεὸς
1623 730 1688 782 ὧν
1723 732 1748 782 ὁ
1782 730 1940 797 Λόγος

349 808 515 873 γέγονε
570 809 714 879 σὰρξ,
766 810 879 862 ὅταν
928 834 972 862 τι
1029 811 1149 880 λέγῃ
1208 815 1284 863 καὶ
1341 817 1624 880 θεοπρεπῶς,
1676 815 1800 883 αὐτῷ
1855 814 1940 878 μὲν

350 889 551 956 ἁρμόσει
586 891 730 962 μόνῳ,
765 897 861 947 τοῖς
897 892 945 944 δὲ
985 893 1050 957 μὴ
1092 896 1190 945 κατ’
1228 894 1386 959 αὑτὸν,
1424 896 1590 947 οὐκέτι.

424 973 613 1024 Οὐκοῦν
648 980 859 1029 νοοῦντες
894 976 1310 1043 ἀνθρωπινώτερον
1343 977 1463 1028 κατὰ
1501 978 1587 1042 τὴν
1626 978 1795 1043 ἀρτίως
1831 978 1940 1042 ἡμῖν
1964 1000 2012 1026 10

349 1054 669 1106 ἀποδοθεῖσαν
720 1057 941 1118 διοίνοιαν,
986 1057 1071 1121 τὴν
1119 1063 1214 1109 τῶν
1264 1060 1581 1125 προκειμένων
1629 1057 1940 1128 ἐκληψόμεθα

349 1135 560 1200 δύναμιν·
615 1138 996 1205 ἀναλογιζόμενοι
1025 1140 1074 1191 δὲ
1101 1141 1248 1192 πάλιν
1275 1140 1329 1192 τὸ
1356 1141 1612 1207 θεοπρεπὲς
1645 1142 1831 1210 ἀξίωμα
1856 1147 1939 1192 τοῦ

347 1220 580 1284 Χριστοῦ,
616 1220 771 1287 μεῖζόν
808 1245 852 1272 τι
892 1221 1063 1274 λοιπὸν
1101 1222 1129 1287 ἢ
1170 1222 1289 1274 κατὰ
1327 1223 1579 1290 ἀνθρώπου
1619 1223 1766 1293 φύσιν
1806 1225 1934 1274 ἐννο-

347 1306 490 1365 οῦμεν
528 1302 731 1357 εἰκότως.
787 1304 993 1373 δοξάσαι
1036 1305 1192 1356 τοίνυν
1232 1304 1387 1374 φαμὲν
1425 1304 1507 1357 τὸν
1542 1308 1706 1357 ἑαυτοῦ
1747 1305 1939 1372 Πατέρα

348 1383 489 1445 Θεὸν,
518 1385 866 1451 πεπληρωκότα
891 1387 936 1438 τὸ
966 1387 1083 1457 ἔργον
1109 1388 1224 1454 ὅπερ
1262 1386 1409 1449 ἐ’λαβε
1443 1390 1551 1455 παρ’
1581 1389 1737 1450 αὑτοῦ,
1764 1389 1850 1455 οὐχ
1876 1390 1937 1441 ὡς
1961 1409 2008 1447 15

126 1477 211 1512 957
226 1477 277 1513 A.
307 1487 329 1512 a
349 1466 582 1531 ὑπηρέτην
610 1466 638 1532 ἢ
678 1470 740 1522 ὡς
778 1470 826 1519 ἐν
852 1469 984 1537 τάξει
1019 1469 1251 1535 γεγονότα
1285 1475 1342 1538 τῇ
1383 1472 1656 1537 ὑπουργικῇ,
1683 1473 1758 1521 καὶ
1798 1475 1938 1521 τοῦτο

126 2203 179 2233 Ps.
191 2202 281 2234 lxvii.

126 2253 177 2286 ¹29.

347 1549 410 1600 ὡς
447 1548 505 1617 ἐξ
539 1549 758 1615 ἀνάγκης,
793 1551 869 1601 ἵνα
907 1550 972 1615 μὴ
1012 1552 1237 1620 φαίνηται
1276 1555 1350 1603 καὶ
1391 1554 1415 1602 ὁ
1453 1552 1645 1603 πάντων
1680 1552 1852 1619 Κύριος
1889 1553 1938 1603 ἐν

345 1628 499 1699 μέτρῳ
537 1635 603 1701 τῷ
641 1633 748 1682 καθ’
789 1633 912 1696 ἡμᾶς·
957 1635 1032 1683 καὶ
1073 1636 1156 1696 τῆς
1198 1634 1518 1698 δουλευούσης
1569 1635 1781 1688 κτίσεως·
1849 1635 1935 1684 ἀν-

347 1712 552 1777 θρώπων
595 1713 688 1779 γὰρ
738 1713 766 1778 ἦ
817 1714 1041 1780 ἀγγέλων
1085 1714 1140 1766 τὸ
1188 1719 1422 1769 οὶκετικῶς
1470 1716 1820 1767 ὑποτάττεσθαι
1861 1718 1938 1766 καὶ

346 1798 443 1847 τοῖς
481 1795 630 1848 θείους
669 1794 869 1860 νεύμασι
909 1800 1247 1863 δουλοπρεπῶς
1287 1799 1550 1864 ὑπουργεῖν·
1599 1798 1710 1848 ἀλλ’
1740 1797 1811 1849 ὅτι
1850 1796 1933 1848 δύ·
1959 1826 2008 1850 20

347 1898 482 1940 ναμις
517 1877 743 1945 ὑποίρχων
770 1880 845 1929 καὶ
879 1880 1033 1946 σοφία
1068 1885 1151 1929 τοῦ
1186 1879 1505 1945 γεννήσαντος
1541 1880 1695 1943 αὑτὸν,
1723 1881 1772 1930 εὖ
1804 1879 1938 1943 μάλα

345 1957 656 2024 πεπλήρωκεν
681 1961 1062 2028 ἐγχειρισθεῖσαν
1089 1960 1254 2028 ὥσπερ
1289 1963 1415 2031 αὑτῷ
1449 1961 1534 2026 τὴν
1559 1966 1654 2013 τῶν
1679 1963 1787 2013 καθ’
1816 1962 1938 2026 ἡμᾶς

346 2039 688 2106 ἐπανόρθωσιν,
726 2042 938 2108 καθάπερ
974 2042 1138 2106 ἀμέλει
1173 2047 1248 2094 καὶ
1285 2046 1309 2094 ὁ
1346 2047 1467 2098 θεῖος
1504 2045 1613 2108 ἡμῖν
1643 2043 1857 2114 μελῳδὸς
1889 2047 1937 2095 ἐν

302 2128 329 2168 b
350 2122 592 2186 Πνεύματι
628 2123 713 2188 τὴν
739 2130 821 2174 τοῦ
858 2125 1121 2190 μυστηρίου
1158 2125 1355 2188 δύναμιν
1381 2126 1692 2194 ἐξηγούμενος
1726 2127 1938 2195 ἔφασκεν

347 2211 375 2234 “
393 2203 639 2256 ’Έντειλαι
684 2206 708 2255 ὁ
756 2205 877 2260 Θεὸς
923 2210 981 2273 τῇ
1027 2206 1218 2269 δυνάμει
1269 2230 1374 2269 σου,
1420 2209 1701 2272 δυνάμωσον
1746 2210 1770 2259 ὁ
1815 2207 1936 2263 Θεὸς
1957 2231 2005 2270 25

347 2292 375 2314 ‘⁶
400 2291 540 2336 τοῦτο
585 2286 610 2337 ὃ
659 2287 930 2353 κατηρτίσω
981 2288 1135 2351 ἡμῖν·”
1202 2289 1278 2338 ἵνα
1329 2288 1421 2354 γὰρ
1472 2290 1714 2357 ἀπελέγξῃ
1763 2294 1936 2358 σαφῶς

347 2366 544 2430 δύναμιν
577 2367 662 2431 μὲν
703 2369 854 2419 οὖσαν
897 2375 980 2419 τοῦ
1021 2368 1211 2435 Πατρὸς
1252 2369 1334 2421 τὸν
1373 2369 1502 2432 Υὶὸν,
1543 2372 1629 2438 οὐχ
1665 2371 1821 2437 ἕτερον
1857 2394 1935 2437 γε-

346 2448 440 2512 μὴν
466 2448 580 2500 ὄντα
604 2451 714 2515 παρ’
744 2450 901 2513 αὑτὸν,
927 2450 1044 2501 ὅσον
1071 2455 1132 2504 εἰς
1163 2451 1431 2516 ταυτότητά
1459 2458 1582 2521 φημι
1612 2453 1697 2517 τὴν
1722 2455 1770 2504 ἐν
1796 2454 1936 2522 οὐσίᾳ

347 2533 422 2582 καὶ
458 2531 618 2600 φύσει,
644 2531 876 2598 πρότερον
908 2533 1101 2599 εἰρηκὼς
1136 2533 1189 2584 τό
1220 2532 1467 2585 ’Έντειλαι
1502 2538 1560 2602 τῇ
1595 2533 1785 2598 δυνάμει
1819 2558 1930 2598 σου,

348 2615 423 2663 καὶ
449 2613 723 2680 προσώπων
749 2614 896 2666 δυάδα
926 2614 1239 2682 παρενεγκὼν,
1266 2621 1350 2667 τοῦ
1375 2639 1423 2667 τε
1449 2615 1785 2680 ἐντελλομένου
1812 2620 1933 2686 φημὶ
1953 2642 2004 2678 30

368 2790 382 2795 „
399 2758 452 2788 14.
481 2746 634 2795 Πατέρα]
659 2752 695 2788 -ί-
718 2748 771 2782 καὶ
790 2748 856 2783 Ed.
874 2749 994 2783 invitis
1014 2750 1055 2784 E.
1077 2749 1184 2784 Cord.
1207 2749 1313 2795 [Θεὸν
1331 2750 1462 2784 omittit
1481 2749 1528 2795 a.]
1630 2751 1683 2785 18.
1710 2749 1868 2796 κτίσεως]
1895 2756 1929 2792 -1-

350 2796 397 2827 εἱς
414 2804 444 2826 a.
512 2794 638 2828 Statim
655 2795 839 2839 ἀνθρώπων
858 2796 974 2830 E.F.a.
994 2796 1061 2830 Ed.
1079 2809 1151 2841 mg.
1168 2797 1345 2842 ἀνθρώπου
1363 2797 1456 2830 Aub.
1592 2807 1643 2841 19.
1670 2797 1838 2832 οἷκετικῶς
1858 2798 1932 2832 Effl-

349 2839 495 2874 ἱκετικῶς
514 2840 580 2874 Ed.
694 2852 748 2876 22.
774 2842 991 2887 πεπλήρωκε]
1017 2847 1051 2883 -Ι-
1074 2844 1164 2878 τινὰς
1184 2843 1224 2876 Ε.
1335 2854 1397 2900 23.Ἴ
1418 2843 1604 2878 θεσπέσιος
1621 2855 1684 2888 pro
1702 2843 1790 2879 θεῖος
1808 2843 1885 2887 ἡμῖν
1903 2856 1933 2878 a.

352 2883 406 2918 26.
433 2887 624 2929 κατηρτίσω
642 2899 671 2921 a.
690 2888 733 2921 cf.
752 2900 858 2932 supra
880 2890 943 2934 198
962 2901 991 2931 a,
1011 2890 1079 2923 880
1096 2901 1126 2923 a.
1146 2890 1350 2934 κατηργάσω
1369 2890 1410 2924 h.
1430 2891 1642 2935 κατειργάσω
1661 2890 1728 2924 Ed.
1807 2890 1933 2925 Statim

351 2931 386 2963 ἐν
402 2931 498 2965 addit
516 2943 545 2966 a.
619 2934 790 2979 ἁπελέγξῃ
811 2935 850 2969 E.
870 2936 1037 2981 ε’πελέγξῃ
1056 2936 1122 2970 Ed.
