1971 3272
115 137 338 191 xi.17—19.
388 137 453 179 IN
489 139 531 180 S.
558 140 727 181 JOAN.
790 140 1026 181 LIBNH.
1092 143 1477 185 FRAGMENTA.
1619 147 1698 186 271

111 270 257 314 χεται,
285 249 416 300 ἀλλὰ
456 252 531 301 καὶ
564 250 672 305 τοὺς
707 251 888 306 ἄλλους
923 253 1160 304 ἀναπείθει
1193 259 1334 305 τοῦτο
1367 259 1534 306 ποιεῖν·
1579 255 1706 317 ὅμως

111 329 252 381 οἴεται
279 331 349 382 ὅτι
374 335 449 383 καὶ
477 336 643 384 παθεῖν
670 333 876 398 ἔμελλον
904 334 993 386 ὑπὸ
1017 335 1271 398 Ἰουδαίων,
1294 339 1369 387 καὶ
1397 338 1451 387 οὐ
1478 335 1705 388 θέλοντος
1724 360 1745 385 c

111 412 267 475 αὐτοῦ,
301 413 376 464 διὰ
415 414 470 464 τὸ
509 416 706 483 φονικὸν
745 421 840 467 τῶν
874 418 1128 480 Ἰουδαίων,
1168 419 1221 468 οὐ
1261 423 1459 469 σκοπῶν
1497 417 1584 481 τὴν
1623 423 1706 468 τοῦ

110 493 345 559 σώζοντος
396 496 606 560 δύναμιν,
656 497 771 564 ὅπερ
818 498 906 549 ε”δει
957 504 1164 563 μᾶλλον.
1246 501 1388 551 ἐποίει
1439 500 1487 551 δὲ
1538 498 1707 553 αὐτοὺς

69 588 90 626 5
113 576 295 630 δειλοὺς
331 578 355 627 ὁ
391 577 620 643 Χριστὸς,
650 578 765 645 ὑπὲρ
801 579 971 646 μέτρον
998 581 1286 650 ἀνεξικακῶν
1313 583 1361 632 ἐν
1391 580 1459 635 οἷς
1495 581 1708 648 ἔπασχεν

113 658 203 709 ὑπὸ
254 658 512 711 Ἰουδαίων.
579 661 709 726 λε’γει
773 663 856 712 οὖν
912 662 978 727 μὴ
1042 666 1211 730 χρῆναι
1275 662 1560 731 χωρίζεσθαι
1622 669 1707 714 τοῦ

112 740 420 804 διδασκάλου,
462 746 499 793 εἰ
550 744 627 793 καὶ
680 744 1016 811 ἀναμφίβολος
1068 745 1311 811 πρόκειται
1361 747 1586 799 κίνδυνος·
1645 747 1707 800 ὡς

112 823 391 886 ὑπομειδιῶν
435 823 485 874 δὲ
530 823 708 891 τρόπον
748 825 852 876 τινὰ
898 827 922 876 ὁ
964 830 1143 891 Θωμᾶς
1194 825 1331 892 ἐ’λεγε
1381 827 1436 878 τό
1477 826 1706 895 ’Ἄγωμεη

110 904 358 956 τουτέστιν
404 905 726 975 Ἀποθάνωμεν.
805 907 833 972 ἢ
885 909 1007 959 οὕτω
1059 909 1189 977 φησί
1237 908 1440 963 Πάντως
1490 908 1576 972 μὲν
1627 908 1708 960 ἐὰν

44 1005 92 1030 10
112 984 407 1050 ἀπέλθωμεν,
458 987 840 1053 ἀποθνήσκομεν,
893 989 1019 1054 ὅμως
1069 990 1134 1054 μὴ
1192 990 1600 1057 παραιτησώμεθα
1651 989 1706 1042 τὸ

110 1072 292 1132 παθεῖν,
319 1071 373 1120 οὐ
399 1069 493 1136 γὰρ
521 1074 593 1121 δεῖ
613 1077 845 1122 τοσοῦτον
872 1076 1181 1141 φιλοψυχεῖν·
1224 1076 1261 1123 εὶ
1295 1073 1389 1139 γὰρ
1425 1075 1587 1140 ἐγείρει
1622 1073 1706 1124 τὸν

111 1149 287 1217 νεκρὸν,
319 1152 535 1218 περιττὸς
575 1154 600 1203 ὁ
640 1154 807 1221 φόβος,
840 1154 1006 1222 ε”χομεν
1040 1154 1133 1221 γὰρ
1174 1153 1256 1206 τὸν
1291 1155 1550 1220 δυνάμενον
1585 1157 1698 1206 ἀνα·
1723 1163 1747 1203 d

111 1237 294 1299 στῆσαι
332 1233 451 1299 μετὰ
489 1233 544 1287 τὸ
583 1241 763 1287 πεσεῖν.

106 1394 279 1437 Ἐλθὼν
310 1392 383 1437 οὖν
419 1397 441 1437 ὁ
472 1397 641 1438 ἸΗσοῡο
679 1395 740 1438 εἷς
780 1398 1006 1451 ΒΗθανίαν,
1039 1396 1163 1456 εὗρεν
1203 1399 1331 1442 αὐτὸν
1370 1399 1581 1455 τέσσαρας
1620 1398 1701 1440 βέὸΗ
1727 1407 1771 1446 17

44 1496 91 1535 15
179 1483 341 1540 ἡμέρας
379 1485 529 1541 ἔχοντα
568 1486 612 1527 ὲν
649 1488 700 1544 τῷ
739 1485 947 1540 μνΗμείω.
997 1483 1048 1528 ἦν
1081 1486 1127 1528 δὲ
1166 1486 1188 1527 ἡ
1234 1485 1420 1528 ΒΗθανία
1458 1485 1579 1533 {ss-&c
1617 1486 1702 1527 τῶν
1728 1490 1774 1524 18

171 1566 487 1623 Ἱεροσολύμων
536 1567 622 1610 ἀπὸ
671 1568 858 1611 σταδίων
903 1569 1152 1614 δεκαπέντε.
1219 1569 1374 1610 Πολλοὶ
1424 1568 1469 1610 δὲ
1519 1568 1566 1609 ἐκ
1615 1568 1702 1610 τῶν
1730 1582 1776 1618 19

173 1649 398 1692 Ἰουδαίων
425 1651 706 1694 ὲλΗλύθεισαν
741 1652 849 1710 Πρὸς
886 1651 964 1694 τὴν
989 1651 1174 1709 Μάρθαν
1210 1652 1278 1693 καὶ
1315 1652 1393 1694 τὴν
1419 1651 1608 1710 Μαρίαν,
1635 1652 1704 1693 ἵνα

177 1734 576 1790 Παραμυθύσωνται
614 1735 748 1777 αὐτα(Ι
785 1735 883 1793 Περὶ
920 1740 995 1777 τοῦ
1033 1735 1228 1791 ἀδελφοῦ
1268 1735 1424 1777 αὐτῶν.

184 1846 281 1897 Διά
316 1854 456 1900 τοῦτο
490 1850 566 1900 καὶ
602 1848 656 1900 τὸ
692 1847 934 1914 διάστημα
970 1849 1099 1915 λέγει
1131 1853 1226 1900 τῶν
1253 1849 1439 1914 ἡμερῶν
1466 1853 1560 1899 τῶν
1586 1847 1705 1912 μετὰ

42 1955 92 1980 20
110 1927 194 1979 τὸν
226 1928 430 1980 θάνατον
457 1929 691 1997 Λαζάρου,
717 1931 792 1981 ἵνα
831 1933 905 1981 ε’πὶ
943 1931 1094 1981 πλεόν
1128 1934 1386 1997 θαυμασθῇ
1427 1929 1481 1980 τὸ
1522 1934 1699 1993 θαῦμα,

110 2012 187 2060 καὶ
225 2010 363 2074 μήτις
404 2012 509 2080 εἴπῃ
548 2010 705 2079 τυχὸν,
740 2011 811 2062 ὅτι
848 2011 966 2074 μετὰ
1003 2012 1116 2075 μίαν
1150 2012 1328 2077 ἡμέραν
1363 2010 1599 2076 ἐληλύθει,
1627 2015 1704 2063 καὶ

110 2093 194 2142 οὐκ
227 2090 286 2156 ἦν
311 2093 522 2157 τεθνεὼς,
549 2093 681 2144 ἀλλὰ
718 2095 1058 2161 ἀῤῥωστοῦντα
1093 2092 1235 2144 αὐτὸν
1259 2093 1427 2160 ἤγειρε.
1486 2095 1615 2159 λε’γει
1655 2095 1743 2147 δὲο

111 2173 182 2223 ὅτι
209 2176 376 2226 πολλοὶ
408 2174 534 2240 ἦσαν
558 2176 605 2226 ἐν
629 2180 687 2243 τῇ
716 2176 928 2244 Βηθανίᾳ
953 2174 1183 2226 Ἰουδαῖοι·
1225 2176 1375 2226 καίτοι
1410 2177 1585 2243 χωρίου
1620 2177 1704 2227 οὐκ

111 2255 246 2309 ὄντος
289 2257 686 2323 πολυανθρώπου·
741 2260 790 2308 ἐκ
829 2260 911 2321 τῆς
949 2256 1267 2323 Ἰερουσαλὴμ
1307 2256 1698 2324 παραγενόμενοι·

42 2354 92 2392 25
112 2338 165 2388 οὐ
207 2337 301 2403 γὰρ
346 2337 404 2402 ἧν
444 2338 570 2390 πολὺ
615 2338 668 2390 τὸ
712 2342 795 2403 τῆς
837 2341 947 2390 ὁδοῦ
989 2338 1232 2403 διάστημα
1271 2338 1325 2390 τὸ
1367 2340 1553 2390 κωλύον
1596 2339 1704 2393 τοὺς

112 2419 401 2475 ἐνδιαθέτους
444 2421 616 2489 φίλους
658 2426 866 2472 συνεῖναι
910 2426 1010 2475 ταῖς
1051 2424 1157 2488 περὶ
1201 2420 1288 2486 τὴν
1330 2419 1558 2488 Μάρθαν,
1600 2420 1703 2485 ἤτοι

163 2582 193 2605 1.
218 2573 326 2605 ποιεῖν
343 2574 443 2606 τοῦτο
460 2571 599 2606 inverso
617 2571 739 2606 ordine
757 2573 827 2606 a.k.
1122 2582 1154 2606 2.
1181 2572 1234 2606 καὶ
1252 2573 1310 2606 alt.
1329 2577 1553 2616 assumptum
1571 2583 1611 2605 ex
1631 2571 1701 2606 ak.

112 2629 145 2663 9.
170 2618 231 2661 μὲν
248 2629 319 2651 om.
338 2618 433 2651 Aub.
660 2631 712 2652 11.
740 2619 851 2653 θανεῖν
868 2630 932 2662 pro
948 2617 1068 2652 παθεῖν
1085 2630 1115 2652 a.
1196 2619 1262 2663 γὰρ
1281 2619 1340 2652 alt.
1359 2618 1428 2651 a.k.
1448 2624 1480 2651 et
1500 2617 1576 2651 Cat.
1599 2617 1702 2652 Harl.

112 2675 287 2709 suprascr.
306 2664 342 2698 δέ
362 2664 438 2698 Cat.
460 2664 559 2698 Harl.
578 2664 673 2698 Aub.
739 2665 851 2709 ἐγείρῃ
870 2666 906 2698 k.
1060 2665 1184 2707 14-18.
1203 2665 1285 2698 Ver.
1305 2673 1344 2709 17
1365 2670 1397 2697 et
1419 2675 1459 2709 19
1479 2663 1597 2697 addidi
1615 2675 1633 2697 e
1651 2665 1700 2704 k.‚

112 2711 249 2745 favente
267 2722 298 2744 a.
436 2711 490 2744 16.
515 2710 599 2755 ἀπὸ]
621 2711 664 2746 ὡς
681 2711 747 2745 ἀπὸ
765 2712 800 2745 k.
939 2722 992 2755 19.
1019 2713 1086 2744 τῶν
1102 2711 1160 2744 alt.
1180 2722 1250 2744 om.
1271 2722 1317 2744 m.
1454 2721 1510 2744 20.
1537 2709 1696 2754 θάνατον]

117 2761 154 2798 -4—
175 2759 235 2791 τοῦ
253 2757 340 2791 k.m.
404 2758 524 2791 πλεῖον
541 2758 660 2791 a.k.m.
725 2755 852 2802 θαῦμα]
873 2759 1014 2801 σημεῖον
1031 2768 1061 2790 a.
1211 2767 1267 2790 21.
1293 2755 1381 2790 εἴποι
1397 2756 1484 2790 k.m.
1550 2755 1700 2799 ἐληλὺθη

114 2804 195 2847 (sic)
215 2816 262 2837 m.
407 2814 462 2837 22.
488 2803 653 2847 τεθνηκὼς
670 2815 717 2838 m.
782 2803 859 2837 ἀλλ’
879 2804 964 2837 k.1n.
1030 2803 1065 2837 δέ
1108 2807 1144 2843 -ff-
1167 2803 1220 2836 καὶ
1238 2814 1285 2837 m.
1421 2814 1476 2846 23.
1502 2805 1541 2846 τῇ
1561 2814 1631 2836 om.
1649 2814 1699 2837 m.

114 2849 238 2895 καίτοι]
263 2854 300 2890 -Ι-
320 2851 381 2884 τοῦ
399 2851 519 2884 a.k.m.
686 2849 810 2892 24—26.
837 2801 1084 2895 e'x—Mcipeav}
1103 2850 1156 2883 καὶ
1173 2849 1365 2893 παραδηλοῖ
1381 2848 1432 2883 ὅτι
1450 2849 1485 2883 ἐκ
1502 2851 1561 2893 τῆς
1575 2848 1700 2894 Ἰερου-

115 2897 233 2940 σαλὴμ
250 2896 476 2942 παρεγένοντο
493 2897 548 2931 διὰ
565 2898 603 2930 τὸ
620 2897 664 2940 μὴ
682 2897 771 2931 πολὺ
789 2898 827 2930 τὸ
844 2898 901 2941 τῆς
919 2897 1000 2931 ὁδοῦ
1017 2897 1186 2940 διάστημα
1203 2897 1383 2941 τυγχάνειν
1398 2908 1446 2931 m.
1536 2895 1590 2930 26.
1609 2894 1700 2941 ταῖς]

115 2945 185 2979 τοῖς
202 2955 232 2978 a.
297 2944 356 2987 τὴν
372 2955 441 2978 om.
461 2944 495 2978 k.
561 2942 650 2989 ἤτοι]
672 2944 779 2978 καίτοι
797 2943 832 2978 k.
