1971 3272
52 171 89 197 x.
111 171 147 211 9.
299 158 369 197 IN
415 158 457 197 S.
492 157 830 198 JOANNEM.
894 157 1120 198 LIB.VJ.
1183 157 1318 196 CAP.
1355 156 1388 195 Ῑ.
1557 156 1639 196 217

52 268 187 334 φησὶ,
228 271 368 331 κρῖμα
411 265 465 316 τὸ
508 270 630 316 θεῖον
669 265 997 331 ἐκβιαζόμενοι,
1039 264 1157 315 κατά
1199 288 1253 329 γε
1295 269 1389 314 τῶν
1429 266 1640 330 ἐγχειρη-

51 348 213 411 μάτων
239 348 321 398 τὸν
347 349 507 414 λόγον.
565 353 606 399 οἱ
641 349 687 399 δὲ
725 348 979 399 θεόσδοτον
1006 347 1236 414 λαχόντες
1263 347 1533 411 ἡγεμονίαν,
1566 348 1640 395 καὶ

53 429 128 480 διὰ
155 434 371 496 Χριστοῦ
397 431 514 497 πρὸς
541 437 680 481 τοῦτο
704 431 986 496 βαδίζοντες,
1015 433 1062 480 ἐν
1088 434 1253 497 πολλῇ
1289 431 1534 497 παῤῥησιά
1566 430 1640 478 καὶ

52 511 207 579 χάριτι
233 517 316 577 τῆς
348 511 597 579 ἱερωτάτης
629 513 949 580 κατάρξουσιν
977 514 1138 575 αὐλῆς,
1166 517 1398 562 τοσοῦτον
1426 513 1639 577 ἀφεστη-

10 592 183 649 5κότες
221 598 303 658 τῆς
343 597 410 646 ἐπ’
453 596 636 649 ἐκείνοις
676 597 834 660 ὀργῆς,
871 597 932 649 ὡς
972 597 1047 644 καὶ
1087 593 1222 657 τιμάς
1261 596 1473 644 ἐντεῦθεν
1511 593 1638 642 ἐκδέ-

53 681 237 744 χεσθαι,
270 681 346 728 καὶ
384 677 650 746 στεφάνους
688 677 862 727 ἄνωθεν
894 677 1095 745 ἥξοντας
1133 676 1250 727 ὅσον
1284 676 1464 726 οὐδέπω
1500 698 1640 739 καρα-
1663 686 1689 726 b

54 761 218 822 δοκεῖν,
269 761 456 826 ἐπείπερ
512 759 694 813 σκοπὸς
757 761 910 813 αὐτοῖς
975 758 1360 823 διαλυμήνασθαι
1415 756 1499 821 μὲν
1549 762 1644 810 τοῖς

53 840 311 907 προβάτοις
355 842 475 893 κατά
519 865 563 893 τι
608 848 724 907 γοῦν
771 843 1006 905 οὐδαμῶς,
1051 844 1313 908 ἐπωφελεῖν
1361 840 1407 891 δὲ
1453 845 1644 903 μᾶλλον

54 923 191 986 αὐτὰ,
235 929 308 974 καὶ
361 929 427 993 τῷ
478 927 559 988 τῆς
611 924 788 990 ἀγέλης
840 924 1050 992 δεσπότῃ
1102 923 1160 974 τὰ
1204 922 1389 990 θυμήρη
1437 927 1645 989 δρῶντας

0 1002 35 1052 ῑό
55 1004 131 1056 διὰ
175 1006 350 1060 παντὸς
394 1007 711 1073 διασώζεσθαι
757 1011 917 1072 φιλεῖν
962 1012 1058 1060 τοῖς
1106 1008 1179 1058 ὑπ’
1229 1008 1354 1075 αὐτῷ
1401 1004 1640 1071 γεγονόσι.

56 1091 251 1154 θορυβεῖ
277 1088 325 1139 δὲ
359 1088 555 1156 σφόδρα
590 1091 663 1140 καὶ
701 1088 776 1140 διὰ
811 1090 989 1140 τούτων
1018 1091 1041 1139 ὁ
1074 1089 1245 1155 Κύριος
1278 1088 1385 1142 τοῦς
1418 1090 1647 1149 ἀκαμπεῖς

57 1171 360 1236 Φαρισαίους,
388 1171 563 1235 ἥκιστα
588 1171 673 1234 μὲν
701 1170 868 1224 αὐτοὺς
901 1171 1293 1236 διασωθήσεσθαι
1325 1170 1492 1236 λέγων,
1521 1172 1643 1220 ἀπο·-

55 1257 309 1304 πεσεῖσθαι
350 1253 397 1304 δὲ
436 1253 626 1308 πάντως
667 1257 749 1318 τῆς
791 1256 838 1304 ἐν
877 1252 996 1322 ᾗπέρ
1038 1258 1158 1304 εἰσιν
1197 1255 1359 1320 ἀρχῆς,
1400 1254 1473 1303 καὶ
1515 1251 1648 1315 μάλα

57 1335 255 1398 δικαίως,
301 1336 487 1402 ἐπείπερ
539 1337 593 1386 οὐ
642 1336 717 1386 διὰ
765 1340 902 1398 Θεοῦ,
950 1335 1026 1386 διὰ
1074 1335 1121 1386 δὲ
1172 1339 1254 1399 τῆς
1305 1340 1450 1403 σφῶν
1495 1335 1648 1385 αὐτῶν

0 1439 38 1478 [5
58 1419 302 1472 κακονοίας
341 1419 522 1484 παγίως
560 1417 706 1482 αὐτὴν
745 1418 864 1487 ἕξειν
904 1417 1344 1481 ὑπολαμβάνουσιν.
1402 1417 1532 1467 ἀλλά
1570 1439 1689 1480 μοιο

58 1502 133 1550 καὶ
185 1499 262 1550 διὰ
312 1505 451 1551 τοῦτο
503 1498 754 1567 θαυμάζειν
800 1500 1045 1568 ἐπέρχεται
1097 1500 1182 1564 τὴν
1227 1499 1517 1565 ἀσύγκριτον
1567 1504 1649 1549 τοῦ

60 1585 280 1649 Σωτῆρος
317 1584 697 1650 φιλανθρωπίαν.
743 1589 769 1611 “
792 1584 1064 1648 Οὶκτίρμων
1091 1581 1184 1648 γὰρ
1220 1581 1365 1635 ὅντως
1402 1584 1477 1632 καὶ
1512 1581 1645 1645 ἐλεή-

60 1670 88 1693 “
112 1687 214 1728 μων
253 1666 277 1715 ὁ
319 1664 532 1731 Κύριος,”
574 1667 810 1731 προτιθεὶς
848 1665 933 1728 μὲν
973 1663 1125 1716 ἅπασι
1165 1667 1248 1728 τῆς
1290 1664 1529 1730 σωτηρίας
1567 1661 1653 1726 τὴν

61 1745 185 1808 ὁδὸν,
235 1746 553 1813 πολυτρόπως
605 1747 652 1797 δὲ
705 1751 867 1798 καλῶν
909 1749 976 1798 ἐπ’
1026 1746 1172 1811 αὐτὴν
1225 1749 1300 1797 καὶ
1352 1745 1406 1796 τὸ
1456 1744 1652 1813 σφόδρα

4 1852 41 1877 20
61 1827 295 1892 δυσήκοον
334 1831 409 1879 καὶ
449 1828 804 1894 ἀπεσκληκότα.
870 1829 1004 1880 ἔσται
1045 1830 1102 1879 δέ
1131 1852 1211 1893 μοι
1250 1829 1399 1880 πάλιν
1438 1828 1530 1879 ἀπὸ
1571 1833 1654 1878 τοῦ

61 1910 341 1976 πράγματος
386 1912 413 1975 ἡ
458 1916 553 1961 τῶν
593 1912 846 1978 εἰρημένων
887 1910 1140 1979 ἀπόδειξις.
1208 1910 1364 1974 ἐπειδὴ
1410 1910 1504 1977 γὰρ
1549 1911 1653 1960 οὔτε

62 1991 139 2042 διὰ
178 1992 445 2056 θαυμάτων,
478 1994 582 2044 οὔτε
621 1993 714 2056 μὴν
749 1993 882 2062 πόθῳ
921 1997 987 2062 τῷ
1025 1991 1144 2058 πρὸς
1183 1994 1352 2043 ἐλπίδα
1392 1996 1467 2043 καὶ
1507 1991 1653 2059 δόξαν

63 2075 229 2141 ὁρῶντι
268 2072 354 2138 τὴν
392 2074 686 2138 μέλλουσαν,
722 2076 959 2126 ἀναπείθει
997 2074 1080 2125 τὸν
1114 2078 1378 2140 Φαρισαῖον
1417 2073 1499 2125 τὸν
1537 2074 1648 2138 παρ’

2 2170 4 2181 ‘
63 2157 205 2207 αὐτοῦ
242 2156 584 2223 προσήκασθαι
624 2158 786 2223 λόγον,
825 2159 893 2208 ἐπ’
936 2159 1080 2208 ἐκεῖνο
1118 2156 1295 2223 βαδίζει
1333 2161 1537 2222 γοργῶς,
1575 2156 1696 2222 ἐφ’(1

10 2260 43 2299 »·5
64 2235 189 2307 ᾧπερ
242 2237 298 2303 ἧν
349 2237 566 2302 μάλιστα
618 2240 991 2305 θορυβουμένους
1042 2237 1175 2301 εἰκὸς,
1223 2241 1284 2292 ὡς
1335 2239 1392 2308 ἐξ
1439 2237 1652 2306 ἀφύκτου

64 2319 234 2372 λοιπὸν
260 2320 468 2386 ἀνάγκης
496 2325 557 2374 εἷς
583 2322 840 2372 εὐπείθειαν
867 2323 996 2387 ὁρᾶν.
1054 2325 1137 2385 τῆς
1173 2320 1266 2387 γὰρ
1302 2323 1350 2371 ἐκ
1386 2326 1469 2371 τοῦ
1501 2324 1648 2384 καθη-

65 2398 253 2467 γεῖσθαι
280 2403 421 2471 δόξης
446 2404 868 2466 μεταποιουμένους
891 2402 1034 2466 εἰδὼς,
1051 2406 1125 2454 καὶ
1154 2404 1236 2454 οὐκ
1264 2405 1311 2453 ἐν
1333 2408 1428 2456 τοῖς
1454 2408 1652 2469 τυχοῦσι

64 2483 118 2535 τὸ
144 2485 352 2535 ἐντεῦθεν
379 2484 656 2550 λογίζεσθαι
684 2485 843 2551 κέρδος
870 2484 1237 2547 ἐσπουδακότας,
1259 2484 1658 2550 ἀπογυμνοῦσθαί

67 2569 205 2632 φησι,
239 2568 314 2616 καὶ
354 2567 550 2630 ἐρήμους
589 2566 787 2616 ἔσεσθαι
825 2571 1073 2619 παντελῶς
1111 2572 1194 2617 τοῦ
1233 2565 1429 2634 σφόδρα
1467 2587 1653 2628 τετιμη-

116 2732 147 2766 7.
173 2721 444 2764 διαλυμηνασθαι
461 2723 521 2764 μέν
538 2723 607 2756 τοῖς
625 2722 810 2765 προβάτοις
833 2722 914 2754 κατά
938 2736 966 2754 τι
993 2724 1075 2766 γοῦν
1093 2722 1246 2763 οὐδαμῶς
1265 2721 1306 2754 Β.
1326 2721 1364 2754 οὐ
1383 2719 1652 2763 διαλυμηνασθαι

68 2768 128 2812 μὲν
145 2769 185 2801 τὰ
201 2770 357 2812 πρόβατα
376 2780 392 2801 e
408 2767 484 2801 Cat.
496 2774 535 2801 ut
552 2767 623 2801 vid.
639 2768 863 2801 abbreviante
878 2767 970 2801 Aub.
986 2769 1024 2801 οὐ
1042 2767 1314 2811 διαλυμηνασθηι
1331 2769 1401 2802 τοῖς
1418 2768 1603 2811 προβάτοις
1620 2778 1651 2800 a.

74 2825 126 2857 19.
154 2814 208 2859 τὸ]
229 2816 286 2848 τὸν
306 2815 440 2858 Migne.
559 2815 614 2848 26.
641 2816 727 2857 ὁρῶν
746 2814 789 2848 Β.
809 2813 927 2847 Holst.
947 2816 1029 2858 ὁρᾶν
1046 2826 1063 2847 e
1083 2814 1159 2848 Cat.
1179 2813 1376 2847 emendavit
1395 2814 1488 2847 Aub.
1507 2819 1539 2846 et
1557 2813 1603 2846 ita
1621 2825 1651 2846 a.

73 2870 128 2905 27.
155 2860 273 2906 δόξης]
292 2862 387 2905 τιμῆς
405 2872 434 2894 a.
636 2862 689 2894 28.
716 2861 997 2905 ἀπογυμνοῦσθαι
1018 2860 1058 2894 Β.
1080 2860 1141 2894 Ht.
1160 2859 1514 2906 ἀπογυμνωθὴσεσθαι
1532 2860 1653 2895 αὐτοὺς

0 2920 9 2933 ›·
72 2906 192 2951 ταύτης
209 2919 226 2941 e
246 2908 321 2941 Cat.
343 2907 442 2941 Harl.
460 2907 555 2941 Aub.
574 2913 607 2941 et
624 2907 670 2941 ita
689 2919 718 2942 a.
836 2918 891 2952 29.
919 2909 978 2940 τοῦ
997 2907 1138 2952 σφόδρα
1155 2907 1372 2951 τετιμημένου
1389 2906 1575 2941 edidimus.
1593 2908 1653 2940 τοῦ

74 2969 213 3014 σφόδρα
230 2963 446 3014 τετιμημένοῦ
466 2970 507 3003 Β.
526 2970 604 3005 τοὺς
621 2970 762 3015 σφόδρα
780 2969 1016 3013 τετιμημένους
1035 2969 1100 3004 Ht.
1121 2969 1187 3004 Ed.

131 3036 223 3064 von.
247 3037 293 3064 11.
874 3036 896 3062 F
917 3024 938 3063 f

1715 1591 1769 1622 Ps.
1783 1601 1832 1622 cx.
1844 1599 1875 1630 4.
