2037 3266
126 352 214 388 974
231 350 279 386 A.
307 361 328 386 a

302 995 328 1035 b

346 143 428 182 700
746 143 797 184 Β.
831 143 1105 185 CYRILLI
1146 146 1533 187 ALEXANDR.
1651 146 1750 187 xvii.
1774 159 1838 196 12,
1864 159 1929 200 13.

346 250 579 319 συνουσίᾳ
604 257 687 301 τοῦ
713 252 961 306 ἑνωθέντος
993 254 1109 320 αὐτῇ
1132 252 1305 320 Λόγου,
1332 253 1449 320 πρὸς
1475 253 1561 319 τὴν
1587 255 1728 306 αὐτοῦ
1753 253 1931 320 τρόπον

345 331 449 383 τινὰ
481 332 689 401 φυσικὴν
723 336 1041 400 μεθισταμένη
1076 335 1287 400 δύναμιν,
1315 337 1554 403 σωτηρίας
1587 336 1816 405 πρόξενος
1854 337 1930 387 καὶ

346 415 588 480 ἀγιασμοῦ
625 420 721 469 τοῖς
760 416 900 480 αὐτῆς
939 417 1189 484 μετέχουσι
1227 419 1452 483 γίγνεται.
1515 417 1567 469 τὸ
1612 418 1809 482 σύμπαν
1850 419 1932 469 οὖν

347 496 440 562 ἄρα
464 499 546 560 τῆς
576 498 803 563 ἐνεργείας
833 501 915 562 τῆς
943 503 1230 565 θεοπρεποῦς
1255 500 1358 567 οὐχὶ
1383 498 1439 563 δὴ
1465 499 1653 554 πάντως
1679 501 1796 568 αὐτῇ
1822 498 1929 551 καθ’

345 578 513 642 ἑαυτὴν
538 579 840 644 ἀναθήσομεν
865 585 923 648 τῇ
949 582 1106 647 σαρκὶ,
1133 582 1522 647 πρεπωδέστερον
1548 583 1603 632 δέ
1623 605 1668 633 τι
1695 586 1924 650 φρονοῦν·
1950 598 1972 637 5

346 683 421 714 τες
459 665 517 728 τῇ
556 662 655 730 θείᾳ
686 667 770 712 τοῦ
798 661 959 726 Λόγου
995 662 1185 726 δυνάμει
1223 663 1623 733 προσγράψομεν.
1671 663 1725 715 τὸ
1763 664 1857 731 γὰρ
1895 665 1932 716 ἐν

345 748 407 812 τῷ
450 744 626 810 ὀνόματι
671 749 753 794 τοῦ
794 742 984 809 Πατρος
1025 749 1250 815 τηρεῖσθαι
1293 745 1397 799 τοὺς
1437 744 1669 810 μαθητὰς,
1717 743 1789 812 ἆρ’
1830 747 1932 813 οὐχὶ

345 822 483 874 τοῦτό
522 825 624 875 ἐστι
664 827 738 875 καὶ
770 825 926 892 ἕτερον
965 825 1126 889 οὐδένς
1186 830 1311 878 Θεοῦ
1350 825 1443 893 γὰρ
1483 827 1599 896 δόξῃ
1637 827 1930 894 τετήρηνται.

347 905 557 972 ἀφιστὰς
595 913 846 973 τοιγαροῦν
884 910 966 972 τῆς
1005 912 1099 959 τῶν
1137 912 1361 973 μαθητῶν
1400 911 1603 964 διανοίας
1641 908 1723 961 τὸν
1761 911 1811 961 ἐκ
1849 916 1932 961 τοῦ

348 988 497 1037 δοκεῖν
524 988 941 1051 ἀπολιμπάνεσθαι
978 988 1146 1058 φόβον,
1175 990 1288 1042 αὐτὸ
1326 990 1400 1041 διὰ
1437 996 1531 1042 τῶν
1556 992 1709 1043 αὐτῶν
1734 993 1930 1043 ἀνακυκ-

347 1067 505 1132 λήσας
542 1070 777 1124 πολλάκις
815 1075 979 1122 πᾶσαν
1007 1073 1162 1126 αὐτοῖς
1200 1072 1395 1123 ε”σεσθαι
1426 1072 1511 1137 τὴν
1538 1074 1824 1143 ἀσφάλειαν,
1851 1075 1933 1124 οὐκ

348 1152 398 1202 ἐκ
425 1157 508 1201 τοῦ
535 1153 897 1204 συνδιαιτᾶσθαι
924 1159 1206 1217 σωματικῶς
1231 1158 1297 1224 τῷ
1325 1155 1600 1225 διδασκάλῳ
1629 1158 1793 1224 φησὶν,
1820 1157 1931 1207 ἀλλ’

347 1233 534 1299 ἐπείπερ
575 1233 765 1296 μᾶλλόν
806 1236 910 1286 ἐστι
951 1235 1070 1286 κατὰ
1115 1236 1266 1305 φύσιν
1310 1236 1446 1290 Θεός.
1514 1237 1843 1302 ἀκατάληκτον
1885 1237 1933 1289 δὲ

350 1317 498 1378 δῆλον
551 1317 623 1366 ὅτι
674 1316 760 1380 τὴν
810 1318 883 1385 ἐφ’
932 1316 1113 1370 ἅπασιν
1160 1319 1281 1386 ἔχων
1322 1319 1544 1388 ἐξουσίαν
1594 1322 1669 1371 καὶ
1719 1319 1929 1383 δύναμιν·

349 1398 403 1446 οὐ
445 1396 535 1463 γὰρ
578 1398 636 1447 ἂν
681 1400 965 1463 ἀλλοιωθείη
1009 1402 1085 1451 καὶ
1129 1400 1429 1464 μετάστασίν
1474 1425 1577 1453 τινα
1621 1401 1765 1463 λάβοι
1815 1400 1933 1469 πρὸς

349 1478 464 1543 ὅπερ
490 1480 572 1529 οὐκ
599 1477 656 1542 ἧν
682 1480 735 1530 τὸ
769 1481 996 1536 ὡσαύτως
1023 1482 1132 1550 ε”χον
1158 1485 1240 1546 ἀεὶ,
1269 1483 1487 1551 διασώσῃ
1515 1482 1561 1534 δὲ
1595 1482 1743 1535 πάλιν
1768 1481 1934 1537 αὐτοὺς

349 1559 482 1611 οὐδὲν
509 1561 649 1625 ἧττον
679 1563 868 1625 ἀκονιτὶ,
895 1566 969 1614 καὶ
1003 1564 1180 1618 παντὸς
1214 1571 1296 1616 τοῦ
1331 1567 1719 1631 προσπίπτοντος
1756 1566 1930 1635 ἐξελεῖ-

349 1665 425 1693 ται
460 1649 616 1695 κακοῦ.
669 1644 882 1695 κατανόει
914 1645 962 1696 δὲ
996 1644 1146 1697 πάλιν
1181 1645 1267 1710 τὴν
1293 1648 1668 1713 ε’γκεκρυμμένην
1700 1652 1766 1716 τῷ
1801 1647 1933 1718 λόγῳ

310 1723 588 1791 οπρόνοιαν,
635 1729 695 1779 εἱς
744 1726 910 1790 ὄνησιν
953 1727 1177 1794 ἡμετέραν
1224 1732 1299 1780 καὶ
1345 1729 1612 1793 οἰκοδομήν.
1680 1729 1934 1798 ἐξαιτήσας

349 1806 440 1872 γὰρ
476 1805 638 1872 ὥσπερ
663 1807 791 1873 παρὰ
827 1813 911 1859 τοῦ
938 1813 1062 1860 Θεοῦ
1088 1812 1163 1860 καὶ
1194 1811 1385 1876 Πατρὸς
1422 1813 1640 1878 γενέσθαι
1674 1811 1759 1876 τὴν
1793 1811 1932 1878 τήρη-

347 1912 444 1947 σιν,
481 1887 567 1953 την
603 1893 665 1942 εἰς
703 1889 811 1944 τοὺς
851 1891 1011 1956 ἁγίους
1050 1892 1097 1942 δὲ
1137 1891 1356 1957 δηλόνοτι
1384 1896 1504 1962 φημὶ
1543 1893 1770 1957 μαθητὰς,
1795 1893 1934 1948 αὐτὸς

348 1970 436 2034 ἤδη
462 1971 750 2038 πεπραχέναι
784 1971 838 2023 τὸ
871 1973 1054 2024 τοιοῦτό
1081 1980 1247 2041 φησιν,
1276 1978 1502 2039 ἱσοσθενῆ
1529 1999 1579 2026 τε
1607 1977 1681 2026 καὶ
1709 1975 1934 2041 ἷσουργὸν

349 2057 415 2121 τῷ
440 2052 537 2122 ἰδίῳ
558 2053 800 2120 γεννήτορι
827 2053 1003 2109 δεικνὺς
1030 2055 1207 2118 ἑαυτὸν,
1229 2061 1421 2118 μᾶλλον
1446 2057 1493 2108 δὲ
1518 2057 1682 2108 ἑαυτὸν
1709 2056 1822 2108 ὅντα
1848 2056 1934 2122 τὴν

349 2134 670 2185 ε’νυπόστατον
706 2141 788 2186 τοῦ
823 2136 1143 2202 γεννήσαντος
1180 2138 1388 2202 δύναμιν.
1436 2137 1472 2209 ᾧ
1508 2138 1603 2205 γὰρ
1634 2138 1692 2190 ἂν
1719 2140 1932 2207 φαίνοιτο

348 2215 535 2281 προσὸν
572 2215 626 2267 τὸ
668 2217 814 2268 ταύτὰ
854 2218 1086 2269 δύνασθαι
1124 2223 1190 2288 τῷ
1227 2243 1281 2286 γε
1316 2220 1414 2271 ὄντι
1454 2223 1527 2272 καὶ
1569 2221 1931 2291 ὁμολογουμένῳ

350 2296 470 2347 κατὰ
490 2297 639 2366 φύσιν
660 2302 779 2367 Θεῷ,
799 2304 898 2353 πῶς
926 2301 1008 2350 οὐκ
1027 2300 1083 2351 ἂν
1102 2300 1256 2365 πάντη
1277 2325 1325 2352 τε
1353 2305 1427 2353 καὶ
1453 2301 1641 2357 πάντως
1667 2301 1930 2370 ἐνυπάρχον

352 2384 515 2441 νοοῖτο,
544 2381 618 2430 καὶ
652 2379 704 2430 τὸ
740 2380 846 2431 ’ίσον
879 2382 926 2431 ἐν
952 2382 1145 2451 ἐξουσίᾳ
1177 2386 1251 2433 καὶ
1279 2384 1306 2446 ἠ
1331 2383 1449 2435 κατὰ
1487 2385 1636 2452 φύσιν
1670 2385 1928 2449 ταυτότης;

307 2462 426 2517 (1καῖ
461 2463 486 2511 ὁ
515 2460 728 2527 τηρήσας
767 2464 829 2515 ὡς
856 2461 978 2517 Θεὸς
1018 2465 1056 2515 ἐν
1095 2466 1271 2532 ὀνόματι
1298 2469 1436 2529 Θεοῦ,
1473 2466 1752 2533 πρέπουσάν
1789 2490 1838 2518 τε
1873 2471 1932 2534 τῇ

351 2542 522 2606 κλήσει
560 2543 645 2607 τὴν
671 2545 719 2594 ἐκ
758 2549 851 2595 τῶν
879 2546 1257 2611 κατωρθωμένων
1283 2552 1551 2613 θεοπρεπῶς
1578 2547 1932 2612 ἀναδησάμενος

352 2624 510 2693 δόξαν,
538 2625 657 2676 κατὰ
691 2626 792 2676 τίνα
826 2627 1002 2692 τρόπον
1025 2627 1243 2696 ἐκφυλος,
1272 2630 1417 2695 ἤγουν
1449 2629 1715 2698 ἑτεροφυὴς,
1740 2635 1931 2693 μᾶλλον

352 2706 400 2756 δὲ
433 2708 515 2758 οὐκ
553 2707 827 2776 αὐτόχρημα
854 2708 1152 2776 δειχθήσεται
1187 2710 1316 2762 τοῦθ’
1344 2710 1459 2777 ὅπερ
1490 2713 1592 2762 ἐστὶ
1627 2711 1746 2762 κατὰ
1783 2713 1931 2781 φύσιν

398 2903 430 2937 3.
458 2892 557 2935 αὐτῆς
575 2893 604 2927 Ε
625 2894 680 2936 (ex
699 2906 786 2928 corr.
806 2907 913 2929 manu
939 2896 1077 2940 prima).
1098 2895 1134 2930 F.
1159 2896 1223 2932 Ed.
1244 2908 1314 2943 mg.
1333 2897 1444 2934 αὐτοῖς
1464 2897 1493 2932 Ε
1514 2898 1625 2943 (prius
1645 2897 1843 2943 scriptum).
1864 2898 1930 2933 Ed.

356 2941 407 2972 10.
435 2939 588 2983 διασώσῃ
610 2940 649 2974 Ε.
670 2941 833 2975 διασώσει
853 2941 918 2975 Ed.

1955 1016 2003 1041 10

1952 2655 2001 2693 30
