2022 3272
120 126 203 167 xiv.
225 130 289 171 28.
395 129 465 167 IN
510 129 550 168 S.
586 128 922 168 JOANNEM.
987 128 1110 169 Llss.
1146 130 1195 169 X.
1259 131 1396 170 (JAP.
1435 130 1464 169 l.
1622 129 1704 167 517

120 239 195 286 καὶ
230 239 291 290 ὡς
326 236 505 301 καρπὸν
536 239 619 300 τῆς
658 237 823 290 οὐσίας
863 238 1021 287 αὐτοῦ·
1064 238 1228 287 οὐκοῦν
1261 237 1336 286 διὰ
1375 236 1514 287 τοῦτό
1554 242 1706 304 φησιν

121 324 172 369 Εἰ
198 317 419 384 ἦγοιπᾶτέ
436 342 508 386 με,
537 316 720 386 ἐχάρητε
748 317 798 369 ὀὲν
827 318 887 369 ’ότι
917 317 1151 387 πορεύομαι
1187 320 1293 387 πρὶς
1326 320 1391 370 τὸν
1422 319 1616 387 Πατέρα,
1645 320 1705 369 ’ότι

119 407 137 452 o‘
168 400 318 469 Πατὴρ
343 401 499 470 μείζων
524 425 609 468 μου
637 401 764 451 ἐστίν.
821 399 966 454 ὅντως
993 403 1075 464 τῆς
1101 404 1163 454 εἷς
1190 399 1331 451 αὐτὸν
1359 401 1546 466 ἀγάπης
1583 400 1704 450 ἀπό-

118 482 260 550 δειξις
306 481 363 546 ἧν
407 481 461 532 τὸ
511 481 576 546 μὴ
628 487 885 533 λυπεῖσθαι
936 488 1170 533 τοσοῦτον
1215 481 1290 533 διὰ
1340 483 1424 546 τὴν
1471 485 1708 532 δοκοῦσαν

76 579 98 618 5
119 564 378 631 ἀπόλειψιν
410 565 485 613 καὶ
516 563 778 629 ἀναγκαίως
815 569 1220 631 παραληφθεῖσαν
1253 564 1532 628 ἀποδημίαν·
1584 566 1702 613 διεν-

118 650 367 709 θυμεῖσθαι
402 644 451 696 δὲ
486 650 692 709 μᾶλλον,
721 645 790 696 ὅτι
823 645 943 710 πρὸς
977 645 1063 709 τὴν
1088 647 1214 715 αὐτῷ
1248 645 1527 712 πρέπουσάν
1553 669 1600 696 τε
1630 647 1706 696 καὶ

117 727 430 796 ὀφειλομένην
465 729 719 797 πεφοίτηκε
761 726 922 796 δόξαν,
958 730 1034 778 καὶ
1073 732 1135 781 εἷς
1173 727 1227 779 τὸ
1266 730 1461 795 ἀρχαῖον
1497 728 1701 796 ἀξίωμα,
1724 747 1746 771 a
1776 738 1861 773 845
1878 738 1927 772 A·

116 810 348 873 τουτέστι,
375 809 429 860 τὸ
457 809 712 876 θεοπρεπὲς
739 811 960 876 ἐναργῶς.
1007 812 1080 860 καὶ
1108 815 1223 875 γοῦν
1252 812 1276 861 ὁ
1303 810 1530 879 μελῳδὸς,
1558 810 1706 860 καίτοι

116 891 193 943 διὰ
218 898 301 943 τοῦ
329 891 606 955 Πνεύματος
633 896 800 942 λαλῶν
827 891 1066 959 μυστήρια
1093 899 1119 921 “
1138 893 1307 943 Πάντα
1331 892 1389 943 τὰ
1415 893 1538 956 ἔθνη,
1567 894 1704 960 φησι,
1766 880 1914 955 {salv-1.

51 980 143 1023 10“
171 974 435 1040 κροτήσατε
475 973 678 1041 χεῖρας“”
720 972 818 1024 εἶτα
853 977 935 1037 τῆς
970 976 1131 1041 ἑορτῆς
1164 974 1250 1038 τὴν
1281 976 1432 1025 αἰτίαν
1459 973 1700 1039 ἐκδιηγού-

115 1079 266 1119 μενος,
292 1055 377 1120 τὴν
409 1060 472 1110 εἷς
507 1053 730 1121 οὐρανοὺς
771 1054 1015 1124 ἀνάληψιν
1050 1062 1134 1107 τοῦ
1172 1060 1392 1123 Σωτῆρος
1430 1056 1706 1123 παρεκόμιζε

115 1139 271 1204 λέγων
310 1138 531 1202 “Ἀνε’βη
578 1140 603 1189 ὁ
651 1137 774 1191 Θεὸς
819 1140 867 1188 ἐν
914 1140 1199 1208 ἀλαλαγμῷ,
1251 1138 1424 1205 Κύριος
1473 1140 1521 1189 ἐν
1568 1143 1705 1207 φωνῇ
1768 1144 1863 1177 1b.6.

477 1220 487 1236 2

116 1228 143 1250 “
170 1220 471 1286 σάλπιγγος,’
534 1219 822 1286 ἀλαλαγμὸν
874 1219 1114 1287 ὀνομάζων
1165 1222 1240 1271 καὶ
1295 1219 1566 1286 σάλπιγγα,
1621 1220 1707 1285 τὴν

118 1303 314 1371 ὑψηλὴν
355 1305 430 1353 καὶ
475 1302 766 1371 ἐξάκουστον
807 1308 889 1354 τοῦ
937 1303 1213 1366 Πνεύματος
1260 1303 1438 1372 φωνήν·
1489 1303 1565 1353 ὅτε
1607 1308 1707 1357 ταῖς

53 1385 215 1438 Ιὸἄνω
266 1384 492 1448 δυνάμεσι
543 1384 627 1438 τὰς
676 1384 832 1438 πύλας
879 1385 1024 1452 αἴρειν
1069 1384 1365 1448 διεκελεύετο,
1409 1386 1485 1435 καὶ
1530 1383 1751 1451 Κύριονὶ)

117 1466 260 1518 αὑτὸν
302 1465 508 1533 ὠνόμαζε
554 1471 649 1518 τῶν
692 1467 948 1530 δυνάμεων,
989 1466 1201 1534 καθάπερ
1247 1467 1472 1532 ἐλέγομεν
1519 1468 1703 1534 ἀρτίως.
1769 1475 1876 1550 Ξυνῑέ

117 1549 187 1600 ἐπ’
216 1550 341 1618 αὐτῷ
376 1548 423 1600 δὲ
460 1546 515 1612 δὴ
555 1549 705 1618 τούτῳ
745 1550 820 1599 καὶ
859 1548 1002 1599 αὐτὸν
1033 1548 1295 1615 εὑρήσομεν
1324 1548 1407 1600 τὸν
1437 1553 1532 1600 τῶν
1559 1549 1708 1614 ἁγίων
1793 1528 1832 1558 ⁴3
1866 1543 1871 1550 ⁶

118 1630 261 1697 χορὸν
300 1633 348 1681 ἐν
385 1635 590 1684 πολλαῖς
629 1629 858 1697 γεγονότα
897 1636 996 1684 ταῖς
1036 1632 1296 1695 θυμηδίαις.
1351 1629 1592 1697 τοιγάρτοι
1631 1633 1706 1682 καὶ

118 1712 311 1782 ἔφασκε,
337 1711 451 1764 ποτὲ
477 1712 561 1775 μὲν
588 1712 657 1764 ὅτι
684 1720 710 1742 “
730 1713 792 1764 ‘O
823 1712 995 1780 Κύριος
1028 1714 1358 1776 ἐβασίλευσεν,
1385 1711 1706 1779 ἀγαλλιάσθω
1768 1725 1822 1757 Ps.
1835 1726 1920 1757 xcvi.

49 1813 98 1838 20
119 1801 144 1824 ‘⁶
171 1795 198 1859 ἡ
226 1793 328 1860 γῆ,”
355 1793 469 1845 ποτὲ
502 1794 549 1845 δὲ
584 1795 642 1845 αὖ
671 1794 818 1847 πάλιν
846 1797 951 1846 “‘O
982 1795 1156 1862 Κύριος
1182 1796 1510 1857 ἐβασίλευσεν,
1537 1795 1700 1862 εὐπρέ-
1769 1778 1825 1843 fs.
1838 1812 1914 1843 xcii.

118 1884 144 1906 “
169 1900 305 1928 πειαν
336 1877 601 1928 ἐνεδύσατο·
644 1877 896 1928 ἐνεδύσατο
932 1877 1107 1943 Κύριος
1146 1877 1342 1941 δύναμιν
1372 1880 1447 1928 καὶ
1485 1877 1702 1944 περιεζώ-
1771 1864 1800 1887 ¹⁸

117 1965 145 1986 ‘⁶
170 1958 333 2010 σατο.”
387 1959 412 2008 ὁ
451 1959 544 2024 γὰρ
582 1960 685 2022 μεθ’
727 1959 858 2023 ἡμῶν
897 1960 1144 2025 ἅνθρωπος
1184 1958 1277 2025 πρὸ
1318 1962 1401 2023 τῆς
1445 1961 1494 2010 ἐκ
1533 1964 1707 2026 νεκρῶν

117 2040 442 2102 ἀναστάσεως,
469 2039 543 2091 ὅτε
582 2038 701 2105 πρὸς
739 2042 821 2091 τὸν
852 2042 900 2091 ἐν
930 2046 1026 2094 τοῖς
1066 2042 1277 2107 οὐρανοῖς
1316 2042 1461 2106 ἀνέβη
1491 2040 1702 2108 Πατέρα,
1725 2063 1747 2090 c

117 2119 221 2172 τότε
273 2120 359 2186 τὴν
411 2122 530 2173 ἰδίαν
581 2123 856 2188 εὐπρέπειαν
901 2122 1167 2185 ἐνεδύσατο,
1214 2125 1289 2173 καὶ
1333 2120 1419 2186 τὴν
1462 2122 1519 2191 ἐξ
1559 2125 1707 2190 ἀρχῆς

50 2219 97 2257 25
119 2202 428 2272 ὑπάρχουσαν
456 2205 580 2273 αὐτῷ
605 2204 922 2271 περιεζώσατο
951 2204 1161 2267 δύναμιν·
1204 2203 1415 2255 κεκάθικε
1443 2204 1537 2271 γὰρ
1562 2210 1707 2266 βασι-

117 2286 270 2337 λεύων
295 2287 411 2350 μετὰ
441 2287 644 2353 Πατρός.
698 2288 874 2354 χαίρειν
901 2288 982 2338 οὖν
1008 2287 1100 2352 ἄρα
1127 2285 1304 2338 δίκαιόν
1330 2310 1380 2338 τε
1415 2289 1491 2338 καὶ
1523 2288 1707 2354 πρέπον

117 2368 225 2423 τοὺς
270 2371 555 2433 ἀγαπῶντας
598 2368 753 2431 αὐτὸν,
802 2369 873 2420 ὅτι
917 2369 1199 2435 πεπόρευται
1240 2368 1359 2435 πρὸς
1402 2369 1485 2420 τὸν
1522 2371 1570 2420 ἐν
1610 2375 1705 2423 τοῖς

118 2452 331 2516 οὐρανοῖς
359 2451 552 2516 Πατέρα
591 2449 678 2514 τὴν
710 2452 830 2502 ἰδίαν
861 2451 1008 2520 δόξαν
1036 2450 1416 2519 ἀναληψόμενος,
1443 2452 1520 2501 καὶ
1557 2451 1706 2502 πάλιν

117 2534 242 2602 αὐτῷ
293 2531 717 2595 συμβασιλεύσων,
763 2531 974 2599 καθάπερ
1024 2532 1082 2597 ἧν
1126 2535 1174 2584 ἐν
1220 2535 1358 2601 ἀρχῇ.
1421 2533 1612 2602 μείζονα
1657 2531 1713 2582 δέ

49 2634 98 2670 30
119 2619 270 2683 φησιν
296 2614 451 2676 αὐτὸν,
479 2615 564 2681 οὐχ
599 2613 671 2665 ὅτι
705 2615 943 2665 κεκάθικεν
967 2617 1017 2665 ἐκ
1049 2615 1228 2683 δεξιῶν,
1256 2617 1318 2669 ὡς
1345 2613 1480 2676 Θεὸς,
1506 2614 1614 2664 ἀλλ’
1643 2615 1706 2667 ὡς

167 2754 198 2778 2.
225 2743 376 2787 ἀγαπᾶτε
395 2741 436 2776 Ε.
614 2753 646 2786 3.
672 2757 736 2785 μου
754 2743 875 2785 μείζων
891 2757 955 2786 μου
974 2754 1003 2776 c.
1024 2741 1132 2777 Cord.
1309 2753 1361 2776 10.
1388 2740 1643 2786 ἐκδιηγούμενος
1661 2741 1703 2776 E.

118 2789 340 2834 ἐξηγούμενος
359 2788 423 2822 Ed.
537 2797 589 2833 15.
614 2789 715 2833 ἄκρον
733 2801 796 2833 pro
814 2788 919 2833 αἴρειν
938 2789 978 2823 Ε.
1090 2790 1140 2823 18.
1167 2788 1289 2834 χορὸν]
1315 2794 1351 2829 -Ι-
1374 2789 1427 2822 καὶ
1446 2788 1512 2822 Ed.
1532 2788 1641 2822 invito
1660 2789 1702 2822 E.

122 2836 234 2869 22-26
253 2836 360 2869 citant
377 2841 516 2869 catenae
535 2836 568 2869 in
591 2835 647 2868 ΡΞ.
664 2836 741 2869 xcii.
872 2837 926 2870 26.
952 2834 1052 2880 μετὰ]
1077 2839 1113 2876 -1-
1135 2838 1194 2869 τοῦ
1214 2835 1304 2869 Catt.
1322 2835 1358 2869 in
1378 2835 1435 2869 Ps.
1566 2835 1620 2869 28.
1649 2835 1705 2868 οὐ-

119 2884 234 2924 ρανοῖς
258 2883 360 2926 ἀνέβη
386 2882 526 2926 πατέρα,
547 2884 622 2915 τότε
648 2882 706 2923 τὴν
732 2882 818 2915 ἰδίαν
843 2882 1043 2926 εὐπρέπειαν
1069 2882 1251 2917 ἐνεδύσατο
1275 2882 1308 2926 (e
1331 2893 1436 2926 supra
1459 2887 1499 2916 ut
1523 2880 1626 2925 solet)
1646 2883 1705 2925 τὴν

121 2928 207 2962 ἰδίαν
226 2929 266 2964 Ε.
456 2940 512 2973 30.
540 2928 594 2962 ὅτε
614 2940 642 2962 c.
662 2928 768 2963 Cord.
