2037 3266
351 138 437 176 410
756 137 804 179 B.
840 137 1116 179 CYRILLI
1157 137 1541 178 ALEXANDR.
1740 136 1879 190 xiv.5,
1897 135 1938 177 6.

308 253 335 294 d
355 244 540 311 νεκροὺς
573 246 831 312 γεγονότας
871 246 947 298 διὰ
982 270 1068 311 την
1094 247 1295 314 ἀρχαίαν
1328 246 1448 313 ἀρὰν
1481 246 1758 309 ἀνακομίσει
1792 244 1941 296 πάλιν

353 330 414 380 εἷς
455 327 569 394 ὅπερ
607 327 724 392 ἦμεν
758 331 806 380 ἐν
843 331 1024 396 ἀρχαῖς.
1080 328 1268 379 ἅπαντα
1302 352 1458 379 τοινυν
1491 329 1600 392 ἡμῖν
1625 329 1673 378 ἐν
1704 328 1829 395 αὐτῷ
1865 349 1940 377 και

352 411 407 460 δι
437 411 578 461 αὑτοῦ
616 410 675 462 τὰ
713 411 957 462 κάλλιστά
991 433 1041 461 τε
1077 434 1152 461 και
1190 410 1404 479 ἐξαιρετα
1444 409 1631 479 πέφηνε
1659 432 1709 460 τε
1742 410 1830 473 ἠδη
1865 410 1941 459 καὶ

351 492 617 557 γενήσεται.
686 495 760 544 καὶ
807 493 894 558 ὅρα
936 515 1016 556 μοι
1060 491 1222 554 πάλιν,
1266 493 1338 543 ὅτι
1385 496 1443 560 τῇ
1488 497 1582 543 τῶν
1626 491 1942 556 προκειμένων

351 576 523 644 θεωρίᾳ
548 573 676 626 πολὺ
701 574 757 638 δὴ
784 574 978 641 πρέπων
1003 576 1134 625 ἐστὶν
1161 575 1184 624 ὁ
1210 576 1316 640 περὶ
1345 575 1526 625 τούτων
1552 573 1713 640 λόγος.
1766 572 1941 624 ἐνδοιά-
1962 587 1984 626 5

351 657 509 723 ζοντός
541 680 591 707 τε
623 656 716 722 γὰρ
753 657 819 707 ἔτι
853 662 936 707 τοῦ
972 660 1186 720 μαθητοῦ
1225 659 1300 707 καὶ
1331 656 1604 725 φάσκοντος
1632 655 1734 710 Πῶς
1766 652 1942 722 οἴδαμεν

350 738 418 797 τὴν
447 737 550 801 ὁδον,
579 739 653 789 διὰ
689 739 907 805 βραχέων
938 739 1122 808 ἔδειξεν,
1151 741 1212 792 ὡς
1250 739 1436 805 ἐπείπερ
1475 742 1631 789 εἰδεῖεν
1663 742 1758 789 τῶν
1792 741 1854 790 εἰς
1887 736 1942 787 τὸ

351 821 446 871 ἄνω
474 821 751 887 διακομίζειν
777 819 1037 871 ἐθελόντων
1063 823 1257 886 ἀγαθῶν
1284 820 1431 871 α’ίτιόν
1456 843 1505 872 τε
1531 823 1607 872 καὶ
1633 818 1841 889 χορηγὸν
1867 820 1943 869 καὶ

313 902 578 969 θπρύτανιν
605 902 830 970 ὑπάρχειν
856 901 1013 966 αὐτὸν,
1040 903 1226 957 οὐδενὸς
1253 904 1409 957 αὐτοῖς
1446 903 1511 954 ἔτι
1545 902 1702 967 δεήσει
1736 899 1854 968 πρὸς
1887 899 1942 952 τὸ

350 986 515 1036 εἰδέναι
542 983 611 1045 τῆν
639 983 745 1036 ὁδόν.
1965 999 2014 1024 10

423 1066 616 1131 Ἐπειδὴ
659 1066 707 1118 δὲ
749 1067 899 1137 τούτῳ
944 1070 1157 1130 συνῆπτε
1199 1065 1254 1118 τό
1295 1066 1456 1123 Οὐδεὶς
1500 1068 1677 1139 ἔρχεται
1722 1065 1829 1136 πρὶς
1875 1068 1943 1117 τὶν

351 1147 535 1217 Πατέρα
573 1155 605 1201 εἰ
645 1148 706 1218 μὴ
740 1147 790 1201 δι’
821 1151 936 1218 ἐμοῦ,
971 1151 1082 1218 φέρε
1123 1148 1179 1214 δή
1218 1173 1262 1200 τι
1302 1153 1377 1201 καὶ
1416 1149 1536 1217 πρὸς
1574 1148 1689 1201 αὐτὸ
1728 1149 1944 1214 λε’γωμεν

348 1236 442 1282 τῶν
470 1231 770 1299 ῥηθήσεσθαι
796 1231 1090 1296 μελλόντων,
1116 1233 1260 1282 ἐκεῖνο
1286 1231 1731 1298 προερευνήσαντες,
1757 1230 1812 1282 τὸ
1841 1234 1943 1283 πῶς

349 1313 408 1364 ἄν
448 1337 518 1367 τις
561 1313 620 1364 ’ίοι
664 1313 784 1379 πρὸς
824 1313 906 1364 τὸν
947 1313 1155 1379 Πατέρα.
1227 1314 1459 1382 ἐρχόμεθα
1500 1315 1657 1365 τοίνυν
1698 1313 1817 1364 κατὰ
1859 1311 1942 1363 δύο

349 1395 568 1461 τρόπους·
627 1395 656 1461 ἢ
699 1395 792 1462 γὰρ
836 1394 961 1461 ἅγιοι
1007 1395 1255 1461 γεγονότες
1299 1396 1424 1447 κατοί
1463 1420 1517 1463 γε
1562 1395 1616 1447 τὸ
1659 1396 1840 1461 πρέπον
1883 1398 1941 1462 τῇ
1964 1414 2012 1452 15

130 1472 208 1502 Lev.
223 1473 288 1503 xix.
1730 1485 1756 1507 ιι
1779 1477 1799 1495 ‘'

130 1526 159 1546 2.

350 1477 677 1542 ἀνθρωπότητι
718 1478 903 1544 με’τρον,
943 1480 1005 1531 ὡς
1050 1479 1168 1547 ἁγίῳ
1210 1481 1319 1547 Θεῷ
1366 1478 1669 1541 κολλώμεθα’
1806 1482 1942 1543 Αγιοι

351 1566 379 1588 “
404 1559 497 1625 γὰρ
535 1560 721 1622 ε”ο-εσθε,
762 1562 926 1628 φησὶν,
967 1559 1037 1610 ὅτι
1076 1560 1168 1625 ἐγὼ
1207 1558 1386 1625 ἅγιος·”
1434 1560 1583 1625 ἤγουν
1621 1562 1697 1611 ἐπὶ
1735 1558 1821 1623 τὴν
1858 1565 1942 1610 τοῦ

130 1656 216 1690 769
232 1654 284 1689 Α.
314 1665 335 1688 a
354 1641 545 1707 Πατρὸς
579 1646 760 1708 γνῶσιν
786 1641 871 1706 τὴν
903 1644 965 1695 ὡς
999 1643 1048 1692 ἐν
1078 1641 1236 1693 πίστει
1271 1644 1347 1693 καὶ
1384 1643 1554 1711 θεωρίᾳ
1588 1642 1855 1708 βαδίζομεν,
1882 1645 1941 1710 τῇ

129 1727 261 1801 2102022
353 1726 415 1778 ὡς
440 1726 488 1774 ἐν
513 1723 733 1793 ἐσόπτρῳ
758 1726 832 1774 καὶ
859 1724 1108 1789 αἰνίγματι,
1137 1723 1258 1775 καθὰ
1293 1724 1572 1790 γέγραπται.
1623 1725 1735 1775 ἀλλ’
1765 1724 1848 1774 οὐκ
1884 1724 1942 1774 ἄν

351 1829 420 1859 τις
447 1804 580 1872 ἅγιος
615 1806 683 1870 εἰἠ
714 1805 842 1868 ποτὲ,
870 1808 945 1857 καὶ
981 1805 1056 1857 διὰ
1090 1807 1331 1860 πολιτείας
1365 1807 1467 1875 ἥξει
1501 1809 1583 1870 τῆς
1618 1807 1718 1857 κατ’
1748 1805 1936 1873 ἀρετὴν,
1962 1824 2014 1851 20

349 1886 415 1952 μὴ
454 1890 558 1956 οὐχὶ
595 1891 917 1954 ποδηγοῦντος
956 1886 1097 1938 αὐτὸν
1136 1892 1199 1941 εἰς
1238 1887 1425 1939 ἅπαντα
1463 1895 1546 1939 τοῦ
1582 1893 1812 1955 Χριστοῦ,
1840 1890 1938 1941 οὐδ’

349 1969 408 2020 ἂν
439 1971 566 2039 αὐτῷ
605 1970 895 2021 συνάπτοιτο
934 1973 1000 2040 τῷ
1040 1973 1149 2041 Θεῷ
1188 1973 1262 2021 καὶ
1305 1973 1475 2037 Πατρῖ,
1506 1971 1572 2035 μὴ
1611 1972 1715 2038 οὐχὶ
1752 1969 1942 2025 πάντως

349 2053 676 2115 μεσιτεύοντος
727 2059 810 2103 τοῦ
854 2057 1085 2118 Χριστοῦ.
1149 2053 1347 2117 μεσίτης
1398 2053 1492 2119 γοίρ
1542 2054 1646 2104 ἐστι
1689 2057 1814 2104 Θεοῦ
1864 2055 1941 2104 καὶ

350 2134 626 2200 ἀνθρώπων,
654 2135 709 2184 δι’
737 2135 903 2184 ἑαυτοῦ
934 2136 1008 2184 καὶ
1035 2136 1082 2184 ἐν
1110 2135 1259 2203 ἑαυτῷ
1293 2134 1550 2185 συνάπτων
1575 2133 1661 2199 τὴν
1687 2133 1938 2199 ἀνθρωπό-

351 2239 470 2280 τητα
495 2220 561 2285 τῷ
590 2219 714 2284 Θεῷ.
767 2218 828 2269 ὡς
854 2215 939 2278 μὲν
965 2215 1059 2281 γὰρ
1089 2215 1361 2283 ἐκπεφυκὼς
1387 2219 1470 2279 τῆς
1505 2216 1670 2269 οὐσίας
1705 2221 1788 2266 τοῦ
1815 2219 1940 2267 Θεοῦ
1962 2228 2011 2267 25

310 2305 337 2346 b
354 2300 429 2348 καὶ
455 2297 659 2363 Πατρὸς,
687 2295 715 2365 ᾗ
744 2296 900 2362 Λόγος
928 2299 1029 2347 ἐστὶ
1057 2300 1132 2348 καὶ
1159 2297 1457 2362 ἀπαύγασμα
1492 2302 1567 2348 καὶ
1602 2295 1863 2365 χαρακτὴρ,
1892 2297 1941 2349 ἕν

352 2381 455 2429 ἐστι
489 2378 607 2445 πρὸς
641 2378 723 2429 τὸν
755 2378 962 2444 Πατέρα,
989 2379 1102 2432 ὅλος
1129 2377 1194 2430 ὧν
1221 2381 1268 2430 ἐν
1300 2381 1440 2448 αὐτῷ,
1467 2382 1543 2430 καὶ
1578 2379 1699 2447 ε”χων
1724 2377 1867 2429 αὐτὸν
1892 2381 1941 2429 ἐν

350 2461 513 2530 ἑαυτῷ·
566 2459 595 2528 ᾖ
638 2460 686 2511 δὲ
724 2460 918 2526 γε’γονεν
952 2461 1200 2526 ἄνθρωπος
1235 2463 1341 2512 καθ’
1370 2462 1504 2525 ἡμᾶς,
1541 2463 1650 2529 δίχα
1687 2464 1771 2524 τῆς
1808 2460 1940 2524 ἡμῶν

350 2543 580 2608 ἁμαρτίας
614 2541 904 2593 συνάπτεται
937 2547 1032 2596 τοῖς
1067 2544 1141 2594 ἐπὶ
1176 2546 1257 2607 τῆς
1293 2547 1393 2609 γῆς,
1423 2546 1496 2594 καὶ
1531 2543 1749 2610 μεθόριον
1775 2542 1940 2609 ὥσπερ

348 2647 393 2676 τι
432 2625 608 2690 γε’γονε,
645 2623 859 2692 συνέχων
897 2627 945 2676 ἐν
983 2626 1133 2694 ἑαυτῷ
1169 2624 1229 2677 τὰ
1266 2626 1385 2692 πρὸς
1423 2624 1619 2689 ἑνότητα
1658 2626 1733 2675 καὶ
1772 2624 1938 2693 φιλίαν
1960 2641 2010 2678 30

350 2706 782 2772 συνδεδραμηκότα.

399 2859 430 2881 2.
457 2846 590 2892 ἧμεν]”
577 2849 653 2890 ημῖν
672 2846 752 2891 (sic)
774 2847 816 2881 E.
1037 2858 1071 2892 3.
1098 2847 1233 2892 ἐξαίσια
1252 2846 1345 2882 Catt.
1559 2859 1591 2892 9.
1617 2845 1771 2892 ὑπάρχον
1789 2846 1869 2889 (Sic)
1890 2845 1933 2881 E.

354 2903 407 2937 15.
434 2895 492 2936 τῆς
510 2894 766 2938 ιινθρωπότητος
786 2894 827 2928 Ε.
938 2902 991 2938 17.
1017 2894 1160 2928 ἔσεσθαι
1178 2894 1259 2937 (sic)
1279 2894 1321 2928 E.
1434 2904 1490 2929 20.
1515 2894 1577 2938 ἧξη
1596 2893 1638 2928 Ε.
1745 2903 1800 2935 24.
1825 2893 1933 2939 ἑαυτῷ

351 2939 392 2973 Ε.
397 2951 426 2973 a.
445 2941 534 2985 αὐτῷ
558 2941 584 2973 Ε
588 2940 622 2974 d.
767 2950 822 2985 27.
847 2940 937 2986 αυτῷ
957 2941 996 2974 Ε.
1016 2941 1121 2986 ἑαυτῷ
1143 2940 1208 2975 Ed.
