1971 3272
95 151 262 204 viii.46.
475 154 547 193 ῘΝ
590 155 632 193 S.
668 152 1004 193 ‚JOANNEM
1070 152 1128 191 121
1149 152 1191 191 l).
1220 151 1293 190 vl.
1596 148 1672 184 105

92 259 304 326 Χριστός
335 267 382 311 Εἰ
418 262 621 323 ἀλήθειαν
649 264 773 329 λέγω
814 260 889 314 διὰ
928 266 969 312 τί
1008 266 1052 312 οὐ
1085 258 1316 312 πιστεύετέ
1346 283 1450 325 μοις
1492 255 1545 307 τὸ
1581 255 1674 320 γὰρ

92 346 185 392 τῶν
211 342 432 394 τοιούτων
457 346 729 410 ἐρωτήσεων
756 348 923 412 σχῆμα
947 344 1349 410 παραπίπτουσαν
1375 340 1466 406 ἔχει
1501 339 1577 388 καὶ
1608 337 1680 386 ἀεί

90 446 189 477 πως
213 426 554 491 παρακειμένην
579 429 628 477 ἐκ
654 431 749 477 τῶν
773 426 1081 493 ε’ρωτωμένων
1108 424 1383 488 ὁμολογίαν,
1409 420 1676 487 ἐλέγχουσα

92 503 140 555 δὲ
165 510 357 568 μᾶλλον
383 507 548 562 αὐτοὺς
574 509 602 572 ἡ
630 508 916 575 ἐπερώτησις
942 506 1060 558 κατὰ
1093 506 1145 557 τὸ
1180 504 1306 556 πολὺ
1344 504 1460 572 φαίη
1495 525 1562 554 τις
1599 501 1671 550 ἄν.

48 600 72 639 5
93 584 157 637 ὧν
182 587 275 654 γὰρ
301 589 429 652 ἡμεῖς
455 590 715 654 κεκτήμεθα
742 595 1000 643 νοσοῦντας
1026 587 1112 652 τὴν
1138 587 1331 654 ἐρημίαν
1354 584 1461 637 τοὺς
1487 585 1670 649 ἠρωτη-

90 669 257 732 μένους
294 671 618 739 ἐξελέγχωμεν.
671 672 874 739 ἐπιτήρει
907 671 953 723 δὲ
989 671 1116 724 ὅπως
1149 671 1232 721 οὐκ
1267 665 1535 728 ἀπολύτως,
1565 665 1673 715 ἀλλ’

92 752 145 801 οὐ
172 751 379 804 καθόλου
406 756 535 822 φησί
558 753 650 807 Ac&
676 758 723 806 τί
748 760 789 806 οὐ
816 752 1050 807 πιστεύετέ
1068 777 1171 821 μοις
1213 750 1343 802 ἀλλὰ
1374 749 1677 816 προστέθεικε

91 833 145 884 τό
179 834 342 901 Ὑμεῖς,
375 836 688 901 αἰνιττόμενος
725 861 826 891 πως
864 835 971 890 τοῦς
1010 834 1295 901 ἀγριώτερον
1334 834 1538 884 ἀπειθεῖν
1577 834 1724 880 εἱω-(Ι

92 915 248 979 θότας,
275 919 350 968 καὶ
378 919 683 986 ὑπεμφαίνων
710 922 772 973 ὡς
798 918 1023 986 παρῆσάν
1050 940 1169 971 τινες
1203 914 1535 982 εὐγενεστέραν
1562 912 1678 966 ἴσως

23 1016 72 1041 10
93 997 277 1065 ἔχοντες
303 998 388 1063 τὴν
415 999 636 1063 διάνοιαν,
663 1003 739 1052 καὶ
765 1002 848 1052 οὐκ
875 1003 1081 1067 ἀκριβεῖς
1107 1001 1190 1062 τῆς
1215 1003 1299 1048 τοῦ
1329 996 1450 1048 Κάϊν
1477 999 1678 1061 δυστρο-

91 1080 201 1134 πίας
239 1080 346 1135 τοὺς
390 1085 689 1149 χαρακτῆρας
734 1085 781 1134 ἐν
817 1087 913 1136 τοῖς
958 1082 1086 1135 ἰδίοις
1129 1080 1296 1144 ἤθεσιν
1334 1076 1675 1142 ἀποσώζοντες,

91 1163 202 1213 ἀλλ’
256 1162 374 1214 ὅσον
423 1165 604 1215 οὐδέπω
657 1164 988 1233 προκόψαντες
1043 1166 1118 1214 καὶ
1174 1166 1236 1216 εἷς
1293 1161 1347 1212 τὸ
1405 1162 1453 1211 ἐν
1504 1159 1679 1212 τέκνοις

92 1244 470 1297 κατατάττεσθαι
515 1250 653 1298 Θεοῦ.
720 1249 841 1315 φημὶ
886 1245 980 1312 γὰρ
1024 1245 1209 1296 οἴεσθαι
1257 1247 1350 1294 δεῖν
1389 1241 1453 1306 μὴ
1498 1240 1680 1293 πάντας

93 1329 241 1395 ἄρδην
267 1329 485 1396 ἀκράτοις
511 1331 750 1383 ἀπονοιάις
775 1330 1100 1392 βεβαπτίσθαι
1135 1326 1242 1381 τοῦς
1267 1326 1536 1382 Ἰουδαίους,
1565 1324 1675 1374 ἀλλ’

24 1423 71 1462 15
93 1408 212 1461 εἶναι’
251 1433 378 1465 τινας
422 1411 571 1478 ζῆλον
609 1411 694 1475 μὲν
739 1412 931 1479 ἔχοντας
973 1415 1111 1473 Θεοῦ,
1158 1407 1369 1474 καθάπερ
1415 1409 1439 1457 ὁ
1483 1405 1680 1459 Παῦλός
1741 1410 1888 1484 ξῖΟΠ”Χ’

94 1498 231 1561 φησι,
257 1491 387 1557 πλὴν
414 1495 467 1544 οὗ
494 1494 593 1545 κατ’
622 1494 892 1560 ἐπίγνωσιν,
920 1491 995 1544 διά
1020 1515 1092 1543 τοι
1116 1497 1255 1543 τοῦτο
1280 1487 1439 1557 βραχὺ
1463 1490 1569 1555 περὶ
1594 1487 1680 1551 τὴν
1766 1479 1772 1485 ’

92 1575 256 1626 πίστιν
281 1575 636 1640 μελλήσαντας.
688 1577 737 1627 ἐν
763 1575 817 1627 δέ
836 1599 889 1642 γε
915 1580 1011 1629 τοῖς
1037 1576 1158 1625 οὕτω
1192 1571 1490 1635 διακειμένοις
1523 1573 1675 1620 αἷτια-
1697 1589 1718 1616 e

93 1655 279 1721 σόμεθα
316 1657 442 1709 πολὺ
481 1658 751 1720 βλέποντας
795 1662 858 1712 εἰς
902 1656 1062 1724 ὀργὴν,
1102 1657 1177 1707 καὶ
1216 1656 1427 1721 ἀκρατῶς
1468 1654 1681 1703 ἐκκεκαυ-

93 1740 260 1802 μένους
299 1743 362 1794 εἷς
400 1741 687 1808 μιαιφονίαν,
725 1740 832 1794 τοῦς
871 1740 1092 1792 ἀνοσίους
1131 1735 1349 1802 μάλιστα
1390 1738 1680 1801 γραμματεῖς

25 1840 76 1866 20
95 1823 169 1872 καὶ
198 1823 500 1889 Φαρισαίους,
528 1822 596 1876 οἷς
629 1821 687 1873 ἂν
710 1822 932 1889 ἐπάγοιτο
966 1820 1357 1887 πρεπωδέστερον
1390 1819 1466 1868 καὶ
1503 1817 1557 1867 τό
1586 1815 1681 1867 Ano]

94 1905 140 1954 τί
167 1907 290 1972 ὑμεῖς
327 1908 370 1956 οὐ
402 1903 636 1956 πιστεύετέ
666 1928 756 1973 μοι,
784 1907 938 1958 ἶδικῶς
969 1900 1130 1968 ὥσπερ
1164 1902 1319 1953 αὐτοῖς
1357 1898 1443 1963 τὴν
1479 1898 1681 1963 ἄμετρον

96 1987 333 2037 ἀπείθειαν
366 1985 661 2040 ἀνατιθέντος
697 1989 932 2052 Χριστοῦ.
985 1985 1117 2035 αὐτοὶ
1154 1981 1247 2049 γὰρ
1286 1981 1412 2046 ἦσαν
1451 1983 1492 2030 οἱ
1531 1983 1677 2043 καθη-

95 2067 327 2133 γούμενοι,
360 2069 437 2119 καὶ
473 2068 744 2135 συντρέχειν
782 2071 878 2120 τοῖς
916 2069 1061 2135 σφῶν
1095 2062 1533 2130 ἀνοσιουργήμασιν
1568 2063 1681 2111 ἀνα-

96 2149 335 2204 πείθοντες
359 2149 413 2202 rb
441 2149 662 2215 ὑπήκοον.
718 2148 795 2200 διά
817 2171 890 2200 τοι
920 2154 1059 2200 τοῦτο
1087 2151 1457 2213 κατηγοροῦνται
1494 2144 1680 2196 δικαίως

1740 2231 1762 2259 S
1783 2229 1863 2259 Luc.

1742 2273 1783 2303 xi.
1805 2282 1856 2309 53.

29 2251 76 2289 25
97 2235 160 2287 ὡς
187 2233 381 2300 ἄραντες
412 2232 500 2297 τὴν
526 2234 688 2283 κλεῖδα
721 2235 803 2296 τῆς
839 2231 1075 2298 γνώσεως,
1102 2232 1178 2280 καὶ
1211 2227 1328 2292 μήτε
1364 2225 1681 2288 εἰσβαίνοντες

98 2316 243 2378 αὐτοὶ,
289 2314 626 2368 διακωλύοντες
676 2314 724 2365 δὲ
776 2315 852 2364 καὶ
902 2312 1099 2379 ἑτέρους.
1172 2310 1264 2378 ἔχει
1309 2310 1464 2361 τοίνυν
1505 2306 1560 2358 τὸ
1605 2308 1686 2357 καί
1698 2331 1719 2354 a
1749 2322 1832 2354 567
1849 2320 1900 2355 A.

95 2398 246 2467 Ὑμεῖς
273 2397 542 2464 ἰδικωτεραν
569 2395 734 2463 ὥσπερ
759 2395 879 2463 πρὸς
904 2393 1013 2449 τοῦς
1039 2393 1324 2461 ἡγουμένους
1349 2389 1567 2456 μάλιστα
1597 2387 1683 2452 τὴν

97 2479 359 2550 ἀναφοράν.

146 2644 180 2677 3.
207 2631 405 2677 ἐλέγχουσα
423 2631 468 2667 Β.
486 2631 606 2666 Holst.
624 2630 761 2676 ἐλέγχει
778 2628 872 2663 Aub.
1057 2639 1091 2670 4.
1115 2625 1237 2660 αὐτοὺς
1254 2623 1416 2658 emendat
1434 2623 1565 2667 Heyse.
1582 2621 1684 2655 αὐτὰς

102 2680 144 2714 Β.
167 2680 229 2714 Ht.
247 2680 331 2713 αὐτὰ
350 2678 417 2713 Ed.
592 2687 624 2719 5.
651 2679 836 2712 νοσοῦντας
854 2675 896 2709 Β.
916 2674 980 2708 Ht.
999 2676 1180 2708 νοσοῦντες
1197 2672 1291 2705 Aub.
1363 2671 1440 2704 τοὺς
1457 2668 1684 2724 ἐρωτημένους

99 2726 330 2772 ἐξελέγχομεν
348 2725 391 2760 Β.
412 2724 475 2759 Ht.
524 2723 666 2758 Lacuna
684 2724 719 2756 in
738 2722 804 2756 Ed.
824 2720 1055 2766 ἦρωτημένους
1072 2718 1265 2753 emendavi.
1371 2727 1423 2758 14.
1449 2715 1620 2749 ἀπονοιαις
1641 2714 1682 2748 Β.

99 2773 260 2808 ἀπονοίας
278 2771 345 2806 Ed.
490 2781 547 2805 22.
571 2771 674 2804 αὐτοῦ
694 2769 736 2803 Β.
757 2768 821 2803 Ht.
839 2767 1037 2802 emendavit
1056 2773 1094 2800 ut
1111 2765 1256 2799 adnotat
1273 2764 1348 2808 ipse
1365 2762 1460 2796 Aub.

159 3028 251 3057 VOL.
274 3029 323 3057 Π.
896 3024 919 3050 P
