<?xml version="1.0" encoding="UTF-8"?>
<!DOCTYPE html PUBLIC "-//W3C//DTD XHTML 1.0 Transitional//EN"
    "http://www.w3.org/TR/xhtml1/DTD/xhtml1-transitional.dtd">
<html xmlns="http://www.w3.org/1999/xhtml" xml:lang="en" lang="en">
 <head>
  <title>
</title>
<meta http-equiv="Content-Type" content="text/html;charset=utf-8" />
  <meta name='ocr-system' content='tesseract 3.04.00' />
  <meta name='ocr-capabilities' content='ocr_page ocr_carea ocr_par ocr_line ocrx_word'/>
</head>
<body>
  <div class='ocr_page' id='page_1' title='image "./operacyrilli04cyriuoft/operacyrilli04cyriuoft_0036.png"; bbox 0 0 2001 3231; ppageno 0'>
   <div class='ocr_carea' id='block_1_1' title="bbox 292 98 1874 141">
    <p class='ocr_par' dir='ltr' id='par_1_1' title="bbox 292 98 1874 141">
     <span class='ocr_line' id='line_1_1' title="bbox 292 98 1874 141; baseline -0.001 -3"><span class='ocrx_word' id='word_1_1' title='bbox 292 99 349 138; x_wconf 80' lang='lat'>24</span> <span class='ocrx_word' id='word_1_2' title='bbox 690 99 740 140; x_wconf 93' lang='lat' dir='ltr'>B.</span> <span class='ocrx_word' id='word_1_3' title='bbox 774 98 1052 140; x_wconf 86' lang='lat' dir='ltr'>CYRILLI</span> <span class='ocrx_word' id='word_1_4' title='bbox 1092 99 1469 141; x_wconf 86' lang='lat' dir='ltr'><strong>ALEXANDR.</strong></span> <span class='ocrx_word' id='word_1_5' title='bbox 1702 98 1788 140; x_wconf 86' lang='lat' dir='ltr'><strong>viii.</strong></span> <span class='ocrx_word' id='word_1_6' title='bbox 1809 98 1874 141; x_wconf 82' lang='lat'>26.</span> 
     </span>
    </p>
   </div>
   <div class='ocr_carea' id='block_1_2' title="bbox 73 205 1886 1580">
    <p class='ocr_par' dir='ltr' id='par_1_2' title="bbox 293 205 1872 277">
     <span class='ocr_line' id='line_1_2' title="bbox 293 205 1872 277; baseline 0.002 -22"><span class='ocrx_word' id='word_1_7' title='bbox 293 205 398 257; x_wconf 77' lang='grc' dir='ltr'>οὐδὲ</span> <span class='ocrx_word' id='word_1_8' title='bbox 437 207 499 260; x_wconf 89' lang='grc' dir='ltr'>ὡς</span> <span class='ocrx_word' id='word_1_9' title='bbox 536 205 626 276; x_wconf 75' lang='grc' dir='ltr'>ἔξω</span> <span class='ocrx_word' id='word_1_10' title='bbox 665 207 883 272; x_wconf 84' lang='grc' dir='ltr'>βεβηκὼς</span> <span class='ocrx_word' id='word_1_11' title='bbox 923 214 1006 259; x_wconf 88' lang='grc' dir='ltr'>τοῦ</span> <span class='ocrx_word' id='word_1_12' title='bbox 1044 208 1304 274; x_wconf 79' lang='grc' dir='ltr'>πρέποντος</span> <span class='ocrx_word' id='word_1_13' title='bbox 1342 213 1401 277; x_wconf 86' lang='grc' dir='ltr'>τῇ</span> <span class='ocrx_word' id='word_1_14' title='bbox 1439 208 1675 277; x_wconf 77' lang='grc' dir='ltr'>οἰκονομίᾳ</span> <span class='ocrx_word' id='word_1_15' title='bbox 1714 206 1872 274; x_wconf 82' lang='grc' dir='ltr'>πράγ-</span> 
     </span>
    </p>

    <p class='ocr_par' dir='ltr' id='par_1_3' title="bbox 293 287 1879 355">
     <span class='ocr_line' id='line_1_3' title="bbox 293 287 1879 355; baseline 0.003 -19"><span class='ocrx_word' id='word_1_16' title='bbox 293 310 454 350; x_wconf 85' lang='grc' dir='ltr'>ματος,</span> <span class='ocrx_word' id='word_1_17' title='bbox 490 289 544 339; x_wconf 78' lang='grc' dir='ltr'>οὐ</span> <span class='ocrx_word' id='word_1_18' title='bbox 582 288 676 355; x_wconf 81' lang='grc' dir='ltr'>γὰρ</span> <span class='ocrx_word' id='word_1_19' title='bbox 714 287 774 340; x_wconf 80' lang='grc' dir='ltr'>ἂν</span> <span class='ocrx_word' id='word_1_20' title='bbox 811 290 1134 350; x_wconf 89' lang='grc' dir='ltr'>ἐβουλεύσατό</span> <span class='ocrx_word' id='word_1_21' title='bbox 1172 312 1218 340; x_wconf 90' lang='grc' dir='ltr'>τι</span> <span class='ocrx_word' id='word_1_22' title='bbox 1257 289 1393 353; x_wconf 80' lang='grc' dir='ltr'>Θεὸς,</span> <span class='ocrx_word' id='word_1_23' title='bbox 1429 289 1454 342; x_wconf 69' lang='grc' dir='ltr'><strong><em>ὃ</em></strong></span> <span class='ocrx_word' id='word_1_24' title='bbox 1492 290 1557 355; x_wconf 84' lang='grc' dir='ltr'>μὴ</span> <span class='ocrx_word' id='word_1_25' title='bbox 1595 290 1785 343; x_wconf 83' lang='grc' dir='ltr'>πάντως</span> <span class='ocrx_word' id='word_1_26' title='bbox 1821 288 1879 353; x_wconf 81' lang='grc' dir='ltr'>ἧν</span> 
     </span>
    </p>

    <p class='ocr_par' dir='ltr' id='par_1_4' title="bbox 294 369 1880 439">
     <span class='ocr_line' id='line_1_4' title="bbox 294 369 1880 439; baseline 0.001 -19"><span class='ocrx_word' id='word_1_27' title='bbox 294 369 517 434; x_wconf 79' lang='grc' dir='ltr'>γενέσθαι</span> <span class='ocrx_word' id='word_1_28' title='bbox 555 372 632 420; x_wconf 85' lang='grc' dir='ltr'>καὶ</span> <span class='ocrx_word' id='word_1_29' title='bbox 669 370 866 437; x_wconf 79' lang='grc' dir='ltr'>πρέπον·</span> <span class='ocrx_word' id='word_1_30' title='bbox 909 370 984 422; x_wconf 80' lang='grc' dir='ltr'>διὰ</span> <span class='ocrx_word' id='word_1_31' title='bbox 1023 370 1072 421; x_wconf 81' lang='grc' dir='ltr'>δὲ</span> <span class='ocrx_word' id='word_1_32' title='bbox 1111 377 1194 422; x_wconf 88' lang='grc' dir='ltr'>τοῦ</span> <span class='ocrx_word' id='word_1_33' title='bbox 1233 371 1403 436; x_wconf 78' lang='grc' dir='ltr'>λέγειν,</span> <span class='ocrx_word' id='word_1_34' title='bbox 1430 375 1492 426; x_wconf 88' lang='grc' dir='ltr'>ὡς</span> <span class='ocrx_word' id='word_1_35' title='bbox 1526 373 1614 439; x_wconf 81' lang='grc' dir='ltr'>οὐχ</span> <span class='ocrx_word' id='word_1_36' title='bbox 1647 373 1754 436; x_wconf 86' lang='grc' dir='ltr'>ὑμῖν</span> <span class='ocrx_word' id='word_1_37' title='bbox 1790 370 1880 421; x_wconf 78' lang='grc' dir='ltr'>ε”δει</span> 
     </span>
    </p>

    <p class='ocr_par' dir='ltr' id='par_1_5' title="bbox 295 451 1880 521">
     <span class='ocr_line' id='line_1_5' title="bbox 295 451 1880 521; baseline 0.001 -20"><span class='ocrx_word' id='word_1_38' title='bbox 295 454 514 515; x_wconf 78' lang='grc' dir='ltr'>λαλῆσαι</span> <span class='ocrx_word' id='word_1_39' title='bbox 541 451 660 502; x_wconf 80' lang='grc' dir='ltr'>κατὰ</span> <span class='ocrx_word' id='word_1_40' title='bbox 686 451 754 512; x_wconf 61' lang='grc' dir='ltr'>τὴν</span> <span class='ocrx_word' id='word_1_41' title='bbox 779 451 928 521; x_wconf 52' lang='grc' dir='ltr'>ἀρχὴν,</span> <span class='ocrx_word' id='word_1_42' title='bbox 956 452 1059 503; x_wconf 76' lang='grc' dir='ltr'>οὐδὲ</span> <span class='ocrx_word' id='word_1_43' title='bbox 1086 451 1304 515; x_wconf 78' lang='grc' dir='ltr'>θεμέλιον</span> <span class='ocrx_word' id='word_1_44' title='bbox 1329 452 1493 520; x_wconf 74' lang='grc' dir='ltr'>ὥσπερ</span> <span class='ocrx_word' id='word_1_45' title='bbox 1519 452 1880 513; x_wconf 74' lang='grc' dir='ltr'>καταβαλέσθαι</span> 
     </span>
    </p>

    <p class='ocr_par' dir='ltr' id='par_1_6' title="bbox 295 533 1875 602">
     <span class='ocr_line' id='line_1_6' title="bbox 295 533 1875 602; baseline 0.001 -19"><span class='ocrx_word' id='word_1_46' title='bbox 295 534 404 598; x_wconf 84' lang='grc' dir='ltr'>παρ’</span> <span class='ocrx_word' id='word_1_47' title='bbox 435 534 542 597; x_wconf 82' lang='grc' dir='ltr'>ὑμῖν</span> <span class='ocrx_word' id='word_1_48' title='bbox 568 536 652 597; x_wconf 82' lang='grc' dir='ltr'>τῆς</span> <span class='ocrx_word' id='word_1_49' title='bbox 686 534 1014 600; x_wconf 83' lang='grc' dir='ltr'>σωτηριώδους</span> <span class='ocrx_word' id='word_1_50' title='bbox 1043 535 1366 597; x_wconf 81' lang='grc' dir='ltr'>διδασκαλίας,</span> <span class='ocrx_word' id='word_1_51' title='bbox 1394 537 1550 599; x_wconf 75' lang='grc' dir='ltr'>ἀληθῆ</span> <span class='ocrx_word' id='word_1_52' title='bbox 1586 535 1661 585; x_wconf 78' lang='grc' dir='ltr'>καὶ</span> <span class='ocrx_word' id='word_1_53' title='bbox 1697 533 1875 602; x_wconf 80' lang='grc' dir='ltr'>φιλάν-</span> 
     </span>
    </p>

    <p class='ocr_par' dir='ltr' id='par_1_7' title="bbox 296 614 1881 683">
     <span class='ocr_line' id='line_1_7' title="bbox 296 614 1881 683; baseline 0 -18"><span class='ocrx_word' id='word_1_54' title='bbox 296 618 487 679; x_wconf 90' lang='grc' dir='ltr'>θρωπον</span> <span class='ocrx_word' id='word_1_55' title='bbox 533 614 652 666; x_wconf 79' lang='grc' dir='ltr'>κατὰ</span> <span class='ocrx_word' id='word_1_56' title='bbox 698 614 849 683; x_wconf 86' lang='grc' dir='ltr'>φύσιν</span> <span class='ocrx_word' id='word_1_57' title='bbox 891 614 1164 682; x_wconf 79' lang='grc' dir='ltr'>ὑπάρχοντα</span> <span class='ocrx_word' id='word_1_58' title='bbox 1208 618 1283 666; x_wconf 75' lang='grc' dir='ltr'>καὶ</span> <span class='ocrx_word' id='word_1_59' title='bbox 1327 615 1410 667; x_wconf 78' lang='grc' dir='ltr'>τὸν</span> <span class='ocrx_word' id='word_1_60' title='bbox 1451 615 1644 683; x_wconf 78' lang='grc' dir='ltr'>Πατέρα</span> <span class='ocrx_word' id='word_1_61' title='bbox 1688 614 1881 666; x_wconf 81' lang='grc' dir='ltr'>δεικνύει</span> 
     </span>
    </p>

    <p class='ocr_par' dir='ltr' id='par_1_8' title="bbox 295 695 1881 767">
     <span class='ocr_line' id='line_1_8' title="bbox 295 695 1881 767; baseline 0.003 -21"><span class='ocrx_word' id='word_1_62' title='bbox 295 698 370 746; x_wconf 71' lang='grc' dir='ltr'>καὶ</span> <span class='ocrx_word' id='word_1_63' title='bbox 406 696 585 747; x_wconf 85' lang='grc' dir='ltr'>ἑαυτόν.</span> <span class='ocrx_word' id='word_1_64' title='bbox 641 696 740 747; x_wconf 77' lang='grc' dir='ltr'>ἰδοὺ</span> <span class='ocrx_word' id='word_1_65' title='bbox 775 695 881 763; x_wconf 77' lang='grc' dir='ltr'>γὰρ,</span> <span class='ocrx_word' id='word_1_66' title='bbox 908 698 1057 748; x_wconf 86' lang='grc' dir='ltr'>καίτοι</span> <span class='ocrx_word' id='word_1_67' title='bbox 1096 695 1161 761; x_wconf 80' lang='grc' dir='ltr'>μὴ</span> <span class='ocrx_word' id='word_1_68' title='bbox 1201 698 1336 748; x_wconf 77' lang='grc' dir='ltr'>οὖσιν</span> <span class='ocrx_word' id='word_1_69' title='bbox 1362 698 1509 767; x_wconf 74' lang='grc' dir='ltr'>ἀξίοις</span> <span class='ocrx_word' id='word_1_70' title='bbox 1543 703 1639 752; x_wconf 88' lang='grc' dir='ltr'>τοῖς</span> <span class='ocrx_word' id='word_1_71' title='bbox 1673 697 1881 750; x_wconf 83' lang='grc' dir='ltr'>ἀνοσίοις</span> 
     </span>
    </p>

    <p class='ocr_par' dir='ltr' id='par_1_9' title="bbox 73 777 1876 848">
     <span class='ocr_line' id='line_1_9' title="bbox 73 777 1876 848; baseline 0.001 -21"><span class='ocrx_word' id='word_1_72' title='bbox 73 784 152 818; x_wconf 82' lang='grc'>512</span> <span class='ocrx_word' id='word_1_73' title='bbox 165 783 218 820; x_wconf 82' lang='lat' dir='ltr'>A·</span> <span class='ocrx_word' id='word_1_74' title='bbox 254 778 534 831; x_wconf 67' lang='lat' dir='ltr'>a&#39;10v6aloc9</span> <span class='ocrx_word' id='word_1_75' title='bbox 568 778 651 829; x_wconf 79' lang='grc' dir='ltr'>τὸν</span> <span class='ocrx_word' id='word_1_76' title='bbox 684 777 921 844; x_wconf 84' lang='grc' dir='ltr'>σωτήριον</span> <span class='ocrx_word' id='word_1_77' title='bbox 956 779 1189 846; x_wconf 71' lang='grc' dir='ltr'>ἐχαρίζετο</span> <span class='ocrx_word' id='word_1_78' title='bbox 1225 780 1386 845; x_wconf 86' lang='grc' dir='ltr'>λόγον,</span> <span class='ocrx_word' id='word_1_79' title='bbox 1413 782 1461 830; x_wconf 84' lang='grc' dir='ltr'>ἐν</span> <span class='ocrx_word' id='word_1_80' title='bbox 1497 778 1691 848; x_wconf 74' lang='grc' dir='ltr'>δευτέρῳ</span> <span class='ocrx_word' id='word_1_81' title='bbox 1730 801 1876 829; x_wconf 86' lang='grc' dir='ltr'>κατα-</span> 
     </span>
    </p>

    <p class='ocr_par' dir='ltr' id='par_1_10' title="bbox 295 859 1882 1011">
     <span class='ocr_line' id='line_1_10' title="bbox 295 859 1882 929; baseline 0.002 -20"><span class='ocrx_word' id='word_1_82' title='bbox 295 859 444 928; x_wconf 75' lang='grc' dir='ltr'>τοῖξας</span> <span class='ocrx_word' id='word_1_83' title='bbox 469 860 600 929; x_wconf 78' lang='grc' dir='ltr'>τόπῳ</span> <span class='ocrx_word' id='word_1_84' title='bbox 626 865 721 910; x_wconf 88' lang='grc' dir='ltr'>τῶν</span> <span class='ocrx_word' id='word_1_85' title='bbox 746 862 893 911; x_wconf 81' lang='grc' dir='ltr'>ἐθνῶν</span> <span class='ocrx_word' id='word_1_86' title='bbox 913 859 999 924; x_wconf 82' lang='grc' dir='ltr'>τὴν</span> <span class='ocrx_word' id='word_1_87' title='bbox 1017 860 1220 925; x_wconf 78' lang='grc' dir='ltr'>πληθὺν,</span> <span class='ocrx_word' id='word_1_88' title='bbox 1242 863 1390 912; x_wconf 87' lang='grc' dir='ltr'>καίτοι</span> <span class='ocrx_word' id='word_1_89' title='bbox 1416 862 1526 912; x_wconf 90' lang='grc' dir='ltr'>λίαν</span> <span class='ocrx_word' id='word_1_90' title='bbox 1551 861 1882 928; x_wconf 78' lang='grc' dir='ltr'>εὐπετέστερον</span> 
     </span>
     <span class='ocr_line' id='line_1_11' title="bbox 296 941 1544 1011; baseline 0.002 -20"><span class='ocrx_word' id='word_1_91' title='bbox 296 944 371 991; x_wconf 74' lang='grc' dir='ltr'>καὶ</span> <span class='ocrx_word' id='word_1_92' title='bbox 397 941 635 992; x_wconf 82' lang='grc' dir='ltr'>πιστεύειν</span> <span class='ocrx_word' id='word_1_93' title='bbox 663 943 788 1011; x_wconf 71' lang='grc' dir='ltr'>αὐτῷ</span> <span class='ocrx_word' id='word_1_94' title='bbox 815 944 890 992; x_wconf 76' lang='grc' dir='ltr'>καὶ</span> <span class='ocrx_word' id='word_1_95' title='bbox 917 945 1162 994; x_wconf 85' lang='grc' dir='ltr'>πείθεσθαι</span> <span class='ocrx_word' id='word_1_96' title='bbox 1189 942 1544 1008; x_wconf 86' lang='grc' dir='ltr'>μελετήσασαν.</span> 
     </span>
    </p>

    <p class='ocr_par' dir='ltr' id='par_1_11' title="bbox 295 1022 1884 1417">
     <span class='ocr_line' id='line_1_12' title="bbox 371 1022 1883 1091; baseline 0.001 -18"><span class='ocrx_word' id='word_1_97' title='bbox 371 1024 436 1073; x_wconf 79' lang='grc' dir='ltr'>Τι’</span> <span class='ocrx_word' id='word_1_98' title='bbox 459 1024 541 1073; x_wconf 76' lang='grc' dir='ltr'>οὖν</span> <span class='ocrx_word' id='word_1_99' title='bbox 568 1023 658 1089; x_wconf 76' lang='grc' dir='ltr'>ἄρα</span> <span class='ocrx_word' id='word_1_100' title='bbox 685 1022 739 1074; x_wconf 82' lang='grc' dir='ltr'>τὸ</span> <span class='ocrx_word' id='word_1_101' title='bbox 767 1026 1030 1074; x_wconf 84' lang='grc' dir='ltr'>ἀναπεῖσαν</span> <span class='ocrx_word' id='word_1_102' title='bbox 1057 1025 1198 1075; x_wconf 80' lang='grc' dir='ltr'>αὐτὸν</span> <span class='ocrx_word' id='word_1_103' title='bbox 1223 1024 1306 1076; x_wconf 83' lang='grc' dir='ltr'>τὸν</span> <span class='ocrx_word' id='word_1_104' title='bbox 1333 1024 1762 1091; x_wconf 83' lang='grc' dir='ltr'>σκληροτράχηλον</span> <span class='ocrx_word' id='word_1_105' title='bbox 1788 1028 1883 1075; x_wconf 87' lang='grc' dir='ltr'>τῶν</span> 
     </span>
     <span class='ocr_line' id='line_1_13' title="bbox 295 1104 1884 1176; baseline 0.003 -22"><span class='ocrx_word' id='word_1_106' title='bbox 295 1105 535 1155; x_wconf 80' lang='grc' dir='ltr'>Ἰουδαίων</span> <span class='ocrx_word' id='word_1_107' title='bbox 575 1104 694 1156; x_wconf 75' lang='grc' dir='ltr'>λαὸν</span> <span class='ocrx_word' id='word_1_108' title='bbox 733 1110 827 1156; x_wconf 91' lang='grc' dir='ltr'>τῶν</span> <span class='ocrx_word' id='word_1_109' title='bbox 866 1107 1034 1172; x_wconf 76' lang='grc' dir='ltr'>ἑτέρων</span> <span class='ocrx_word' id='word_1_110' title='bbox 1071 1106 1306 1176; x_wconf 74' lang='grc' dir='ltr'>προτάξαι</span> <span class='ocrx_word' id='word_1_111' title='bbox 1345 1109 1419 1158; x_wconf 74' lang='grc' dir='ltr'>καὶ</span> <span class='ocrx_word' id='word_1_112' title='bbox 1457 1112 1722 1173; x_wconf 69' lang='grc' dir='ltr'>προτιμᾶν,</span> <span class='ocrx_word' id='word_1_113' title='bbox 1765 1106 1884 1172; x_wconf 81' lang='grc' dir='ltr'>πρὸς</span> 
     </span>
     <span class='ocr_line' id='line_1_14' title="bbox 297 1184 1884 1257; baseline 0.001 -21"><span class='ocrx_word' id='word_1_114' title='bbox 297 1184 465 1240; x_wconf 76' lang='grc' dir='ltr'>αὐτοὺς</span> <span class='ocrx_word' id='word_1_115' title='bbox 507 1186 766 1251; x_wconf 83' lang='grc' dir='ltr'>ἐποιήσατο</span> <span class='ocrx_word' id='word_1_116' title='bbox 816 1190 898 1251; x_wconf 81' lang='grc' dir='ltr'>τῆς</span> <span class='ocrx_word' id='word_1_117' title='bbox 949 1188 1157 1257; x_wconf 75' lang='grc' dir='ltr'>ἀφίξεως</span> <span class='ocrx_word' id='word_1_118' title='bbox 1202 1188 1288 1253; x_wconf 90' lang='grc' dir='ltr'>τὴν</span> <span class='ocrx_word' id='word_1_119' title='bbox 1332 1189 1621 1255; x_wconf 83' lang='grc' dir='ltr'>ἐπαγγελίαν</span> <span class='ocrx_word' id='word_1_120' title='bbox 1666 1187 1741 1239; x_wconf 79' lang='grc' dir='ltr'>διὰ</span> <span class='ocrx_word' id='word_1_121' title='bbox 1788 1193 1884 1239; x_wconf 87' lang='grc' dir='ltr'>τῶν</span> 
     </span>
     <span class='ocr_line' id='line_1_15' title="bbox 298 1268 1882 1338; baseline 0.002 -20"><span class='ocrx_word' id='word_1_122' title='bbox 298 1269 447 1333; x_wconf 83' lang='grc' dir='ltr'>ἁγίων</span> <span class='ocrx_word' id='word_1_123' title='bbox 472 1272 748 1337; x_wconf 80' lang='grc' dir='ltr'>προφητῶν,</span> <span class='ocrx_word' id='word_1_124' title='bbox 776 1269 932 1322; x_wconf 81' lang='grc' dir='ltr'>αὐτοῖς</span> <span class='ocrx_word' id='word_1_125' title='bbox 958 1270 986 1333; x_wconf 84' lang='grc' dir='ltr'>ἡ</span> <span class='ocrx_word' id='word_1_126' title='bbox 1012 1268 1147 1337; x_wconf 78' lang='grc' dir='ltr'>χάρις</span> <span class='ocrx_word' id='word_1_127' title='bbox 1173 1270 1249 1320; x_wconf 81' lang='grc' dir='ltr'>διὰ</span> <span class='ocrx_word' id='word_1_128' title='bbox 1275 1269 1382 1324; x_wconf 73' lang='grc' dir='ltr'>τοὺς</span> <span class='ocrx_word' id='word_1_129' title='bbox 1406 1271 1611 1336; x_wconf 81' lang='grc' dir='ltr'>πατέρας</span> <span class='ocrx_word' id='word_1_130' title='bbox 1639 1271 1882 1338; x_wconf 85' lang='grc' dir='ltr'>ὠφείλετο.</span> 
     </span>
     <span class='ocr_line' id='line_1_16' title="bbox 299 1348 1879 1417; baseline 0.001 -17"><span class='ocrx_word' id='word_1_131' title='bbox 299 1348 375 1400; x_wconf 79' lang='grc' dir='ltr'>διὰ</span> <span class='ocrx_word' id='word_1_132' title='bbox 401 1356 539 1400; x_wconf 85' lang='grc' dir='ltr'>τοῦτο</span> <span class='ocrx_word' id='word_1_133' title='bbox 566 1352 641 1400; x_wconf 74' lang='grc' dir='ltr'>καὶ</span> <span class='ocrx_word' id='word_1_134' title='bbox 668 1350 879 1417; x_wconf 76' lang='grc' dir='ltr'>ε”φασκεν</span> <span class='ocrx_word' id='word_1_135' title='bbox 906 1358 933 1380; x_wconf 83' lang='grc'><strong>“</strong></span> <span class='ocrx_word' id='word_1_136' title='bbox 954 1352 1059 1401; x_wconf 78' lang='grc' dir='ltr'>Οὐκ</span> <span class='ocrx_word' id='word_1_137' title='bbox 1094 1351 1375 1416; x_wconf 77' lang='grc' dir='ltr'>ἀπεστάλην</span> <span class='ocrx_word' id='word_1_138' title='bbox 1400 1356 1438 1402; x_wconf 78' lang='grc' dir='ltr'>εἰ</span> <span class='ocrx_word' id='word_1_139' title='bbox 1471 1351 1536 1416; x_wconf 87' lang='grc' dir='ltr'>μὴ</span> <span class='ocrx_word' id='word_1_140' title='bbox 1570 1356 1631 1405; x_wconf 79' lang='grc' dir='ltr'>εἷς</span> <span class='ocrx_word' id='word_1_141' title='bbox 1665 1351 1724 1402; x_wconf 78' lang='grc' dir='ltr'>τὰ</span> <span class='ocrx_word' id='word_1_142' title='bbox 1758 1349 1879 1416; x_wconf 87' lang='grc' dir='ltr'>πρό-</span> 
     </span>
    </p>

    <p class='ocr_par' dir='ltr' id='par_1_12' title="bbox 74 1430 1886 1580">
     <span class='ocr_line' id='line_1_17' title="bbox 251 1430 1884 1499; baseline 0.002 -19"><span class='ocrx_word' id='word_1_143' title='bbox 251 1434 279 1476; x_wconf 87' lang='lat' dir='ltr'>b</span> <span class='ocrx_word' id='word_1_144' title='bbox 302 1438 328 1460; x_wconf 74' lang='lat'>‘⁶</span> <span class='ocrx_word' id='word_1_145' title='bbox 355 1437 482 1492; x_wconf 91' lang='grc' dir='ltr'>βατα</span> <span class='ocrx_word' id='word_1_146' title='bbox 507 1430 567 1481; x_wconf 77' lang='grc' dir='ltr'>τὰ</span> <span class='ocrx_word' id='word_1_147' title='bbox 593 1430 884 1482; x_wconf 83' lang='grc' dir='ltr'>ἀπολωλότα</span> <span class='ocrx_word' id='word_1_148' title='bbox 911 1432 1038 1483; x_wconf 77' lang='grc' dir='ltr'>οἴκου</span> <span class='ocrx_word' id='word_1_149' title='bbox 1063 1432 1315 1499; x_wconf 84' lang='grc' dir='ltr'>Ἰσραήλ·”</span> <span class='ocrx_word' id='word_1_150' title='bbox 1355 1435 1430 1484; x_wconf 78' lang='grc' dir='ltr'>καὶ</span> <span class='ocrx_word' id='word_1_151' title='bbox 1461 1432 1579 1497; x_wconf 78' lang='grc' dir='ltr'>πρὸς</span> <span class='ocrx_word' id='word_1_152' title='bbox 1608 1438 1805 1499; x_wconf 85' lang='grc' dir='ltr'>γυναῖκα</span> <span class='ocrx_word' id='word_1_153' title='bbox 1836 1433 1884 1484; x_wconf 79' lang='grc' dir='ltr'>δὲ</span> 
     </span>
     <span class='ocr_line' id='line_1_18' title="bbox 74 1512 1886 1580; baseline 0.002 -18"><span class='ocrx_word' id='word_1_154' title='bbox 74 1520 126 1551; x_wconf 83' lang='lat' dir='ltr'>Ib-</span> <span class='ocrx_word' id='word_1_155' title='bbox 147 1520 198 1551; x_wconf 80' lang='lat'>26·</span> <span class='ocrx_word' id='word_1_156' title='bbox 302 1512 387 1576; x_wconf 84' lang='grc' dir='ltr'>τὴν</span> <span class='ocrx_word' id='word_1_157' title='bbox 407 1513 840 1580; x_wconf 85' lang='grc' dir='ltr'>συροφοινίκισσαν</span> <span class='ocrx_word' id='word_1_158' title='bbox 860 1520 886 1542; x_wconf 84' lang='grc'><strong>“</strong></span> <span class='ocrx_word' id='word_1_159' title='bbox 909 1515 1014 1564; x_wconf 82' lang='grc' dir='ltr'>Οὐκ</span> <span class='ocrx_word' id='word_1_160' title='bbox 1041 1514 1144 1565; x_wconf 77' lang='grc' dir='ltr'>ἔστι</span> <span class='ocrx_word' id='word_1_161' title='bbox 1168 1514 1319 1565; x_wconf 83' lang='grc' dir='ltr'>καλὸν</span> <span class='ocrx_word' id='word_1_162' title='bbox 1335 1520 1501 1575; x_wconf 78' lang='grc' dir='ltr'>λαβεῖν</span> <span class='ocrx_word' id='word_1_163' title='bbox 1521 1514 1603 1565; x_wconf 80' lang='grc' dir='ltr'>τὸν</span> <span class='ocrx_word' id='word_1_164' title='bbox 1621 1515 1765 1580; x_wconf 78' lang='grc' dir='ltr'>ἄρτον</span> <span class='ocrx_word' id='word_1_165' title='bbox 1790 1519 1886 1565; x_wconf 87' lang='grc' dir='ltr'>τῶν</span> 
     </span>
    </p>
   </div>
   <div class='ocr_carea' id='block_1_3' title="bbox 300 1594 1887 1662">
    <p class='ocr_par' dir='ltr' id='par_1_13' title="bbox 300 1594 1887 1662">
     <span class='ocr_line' id='line_1_19' title="bbox 300 1594 1887 1662; baseline 0.001 -18"><span class='ocrx_word' id='word_1_166' title='bbox 300 1602 327 1624; x_wconf 77' lang='grc'><strong>“</strong></span> <span class='ocrx_word' id='word_1_167' title='bbox 352 1595 528 1645; x_wconf 75' lang='grc' dir='ltr'>τέκνων</span> <span class='ocrx_word' id='word_1_168' title='bbox 554 1596 629 1644; x_wconf 78' lang='grc' dir='ltr'>καὶ</span> <span class='ocrx_word' id='word_1_169' title='bbox 663 1599 833 1655; x_wconf 82' lang='grc' dir='ltr'>βαλεῖν</span> <span class='ocrx_word' id='word_1_170' title='bbox 859 1600 955 1648; x_wconf 86' lang='grc' dir='ltr'>τοῖς</span> <span class='ocrx_word' id='word_1_171' title='bbox 990 1597 1268 1662; x_wconf 85' lang='grc' dir='ltr'>κυναρίοις.”</span> <span class='ocrx_word' id='word_1_172' title='bbox 1322 1598 1487 1647; x_wconf 82' lang='grc' dir='ltr'>οὐκοῦν</span> <span class='ocrx_word' id='word_1_173' title='bbox 1515 1598 1539 1647; x_wconf 87' lang='grc' dir='ltr'><strong>ὁ</strong></span> <span class='ocrx_word' id='word_1_174' title='bbox 1575 1599 1659 1660; x_wconf 85' lang='grc' dir='ltr'>μὲν</span> <span class='ocrx_word' id='word_1_175' title='bbox 1683 1594 1887 1661; x_wconf 88' lang='grc' dir='ltr'>Ἰσραὴλ</span> 
     </span>
    </p>
   </div>
   <div class='ocr_carea' id='block_1_4' title="bbox 73 1348 232 1433">
    <p class='ocr_par' dir='ltr' id='par_1_14' title="bbox 73 1348 232 1433">
     <span class='ocr_line' id='line_1_20' title="bbox 73 1348 232 1380; baseline 0.006 -1"><span class='ocrx_word' id='word_1_176' title='bbox 73 1348 232 1380; x_wconf 73' lang='lat' dir='ltr'>S.Matth.</span> 
     </span>
     <span class='ocr_line' id='line_1_21' title="bbox 73 1401 199 1433; baseline 0.008 -11"><span class='ocrx_word' id='word_1_177' title='bbox 73 1403 127 1424; x_wconf 82' lang='lat' dir='ltr'>xv.</span> <span class='ocrx_word' id='word_1_178' title='bbox 150 1401 199 1433; x_wconf 86' lang='lat'>24.</span> 
     </span>
    </p>
   </div>
   <div class='ocr_carea' id='block_1_5' title="bbox 262 1677 1890 2302">
    <p class='ocr_par' dir='ltr' id='par_1_15' title="bbox 262 1677 1890 2302">
     <span class='ocr_line' id='line_1_22' title="bbox 299 1677 1887 1745; baseline 0.001 -17"><span class='ocrx_word' id='word_1_179' title='bbox 299 1680 348 1729; x_wconf 91' lang='grc' dir='ltr'>ε’κ</span> <span class='ocrx_word' id='word_1_180' title='bbox 394 1677 562 1729; x_wconf 85' lang='grc' dir='ltr'>τούτου</span> <span class='ocrx_word' id='word_1_181' title='bbox 609 1679 863 1743; x_wconf 86' lang='grc' dir='ltr'>τετίμηται,</span> <span class='ocrx_word' id='word_1_182' title='bbox 908 1683 983 1729; x_wconf 79' lang='grc' dir='ltr'>καὶ</span> <span class='ocrx_word' id='word_1_183' title='bbox 1033 1679 1345 1745; x_wconf 72' lang='grc' dir='ltr'>προτέτακται</span> <span class='ocrx_word' id='word_1_184' title='bbox 1396 1684 1490 1729; x_wconf 89' lang='grc' dir='ltr'>τῶν</span> <span class='ocrx_word' id='word_1_185' title='bbox 1531 1681 1691 1740; x_wconf 82' lang='grc' dir='ltr'>ἐθνῶν,</span> <span class='ocrx_word' id='word_1_186' title='bbox 1738 1680 1887 1729; x_wconf 88' lang='grc' dir='ltr'>καίτοι</span> 
     </span>
     <span class='ocr_line' id='line_1_23' title="bbox 301 1759 1887 1827; baseline 0.001 -17"><span class='ocrx_word' id='word_1_187' title='bbox 301 1760 584 1826; x_wconf 73' lang='grc' dir='ltr'>σκαιοτέραν</span> <span class='ocrx_word' id='word_1_188' title='bbox 634 1761 754 1827; x_wconf 74' lang='grc' dir='ltr'>ἔχων</span> <span class='ocrx_word' id='word_1_189' title='bbox 806 1760 892 1823; x_wconf 88' lang='grc' dir='ltr'>τὴν</span> <span class='ocrx_word' id='word_1_190' title='bbox 942 1762 1152 1825; x_wconf 82' lang='grc' dir='ltr'>γνώμην.</span> <span class='ocrx_word' id='word_1_191' title='bbox 1229 1760 1384 1824; x_wconf 85' lang='grc' dir='ltr'>ἐπειδὴ</span> <span class='ocrx_word' id='word_1_192' title='bbox 1443 1760 1490 1811; x_wconf 76' lang='grc' dir='ltr'>δὲ</span> <span class='ocrx_word' id='word_1_193' title='bbox 1549 1759 1757 1826; x_wconf 86' lang='grc' dir='ltr'>ἠγνόησε</span> <span class='ocrx_word' id='word_1_194' title='bbox 1805 1760 1887 1811; x_wconf 83' lang='grc' dir='ltr'>τὸν</span> 
     </span>
     <span class='ocr_line' id='line_1_24' title="bbox 302 1840 1888 1908; baseline 0.001 -17"><span class='ocrx_word' id='word_1_195' title='bbox 302 1840 525 1892; x_wconf 81' lang='grc' dir='ltr'>ἁπάντων</span> <span class='ocrx_word' id='word_1_196' title='bbox 559 1841 832 1905; x_wconf 84' lang='grc' dir='ltr'>Δεσπότην,</span> <span class='ocrx_word' id='word_1_197' title='bbox 873 1844 948 1892; x_wconf 76' lang='grc' dir='ltr'>καὶ</span> <span class='ocrx_word' id='word_1_198' title='bbox 993 1848 1088 1892; x_wconf 85' lang='grc' dir='ltr'>τῶν</span> <span class='ocrx_word' id='word_1_199' title='bbox 1128 1844 1176 1893; x_wconf 84' lang='grc' dir='ltr'>ἐν</span> <span class='ocrx_word' id='word_1_200' title='bbox 1221 1843 1523 1908; x_wconf 82' lang='grc' dir='ltr'>ἐπαγγελίαις</span> <span class='ocrx_word' id='word_1_201' title='bbox 1568 1844 1762 1908; x_wconf 81' lang='grc' dir='ltr'>ἀγαθῶν</span> <span class='ocrx_word' id='word_1_202' title='bbox 1805 1841 1888 1893; x_wconf 82' lang='grc' dir='ltr'>τὸν</span> 
     </span>
     <span class='ocr_line' id='line_1_25' title="bbox 300 1922 1887 1989; baseline 0.003 -17"><span class='ocrx_word' id='word_1_203' title='bbox 300 1922 564 1987; x_wconf 87' lang='grc' dir='ltr'>τελειωτὴν,</span> <span class='ocrx_word' id='word_1_204' title='bbox 597 1924 802 1987; x_wconf 75' lang='grc' dir='ltr'>μετέστη</span> <span class='ocrx_word' id='word_1_205' title='bbox 842 1923 1010 1974; x_wconf 82' lang='grc' dir='ltr'>λοιπὸν</span> <span class='ocrx_word' id='word_1_206' title='bbox 1043 1926 1115 1974; x_wconf 72' lang='grc' dir='ltr'>ἐπὶ</span> <span class='ocrx_word' id='word_1_207' title='bbox 1154 1924 1213 1974; x_wconf 82' lang='grc' dir='ltr'>τὰ</span> <span class='ocrx_word' id='word_1_208' title='bbox 1251 1925 1358 1988; x_wconf 77' lang='grc' dir='ltr'>ε”θνη</span> <span class='ocrx_word' id='word_1_209' title='bbox 1397 1927 1479 1987; x_wconf 79' lang='grc' dir='ltr'>τῆς</span> <span class='ocrx_word' id='word_1_210' title='bbox 1515 1924 1825 1977; x_wconf 84' lang='grc' dir='ltr'>διδασκαλίας</span> <span class='ocrx_word' id='word_1_211' title='bbox 1859 1925 1887 1989; x_wconf 80' lang='grc' dir='ltr'><em>ἦ</em></span> 
     </span>
     <span class='ocr_line' id='line_1_26' title="bbox 301 2003 1889 2075; baseline 0.001 -22"><span class='ocrx_word' id='word_1_212' title='bbox 301 2003 449 2071; x_wconf 79' lang='grc' dir='ltr'>χάρις,</span> <span class='ocrx_word' id='word_1_213' title='bbox 489 2004 557 2058; x_wconf 73' lang='grc' dir='ltr'>οἷς</span> <span class='ocrx_word' id='word_1_214' title='bbox 596 2007 737 2072; x_wconf 83' lang='grc' dir='ltr'>ἐχρῆν</span> <span class='ocrx_word' id='word_1_215' title='bbox 777 2005 896 2055; x_wconf 80' lang='grc' dir='ltr'>κατὰ</span> <span class='ocrx_word' id='word_1_216' title='bbox 935 2004 1003 2065; x_wconf 54' lang='grc' dir='ltr'>τὴν</span> <span class='ocrx_word' id='word_1_217' title='bbox 1043 2004 1178 2075; x_wconf 58' lang='grc' dir='ltr'>ἀρχὴν</span> <span class='ocrx_word' id='word_1_218' title='bbox 1218 2008 1293 2056; x_wconf 84' lang='grc' dir='ltr'>καὶ</span> <span class='ocrx_word' id='word_1_219' title='bbox 1332 2008 1380 2055; x_wconf 83' lang='grc' dir='ltr'>ἐν</span> <span class='ocrx_word' id='word_1_220' title='bbox 1416 2006 1619 2071; x_wconf 83' lang='grc' dir='ltr'>πρώτοις</span> <span class='ocrx_word' id='word_1_221' title='bbox 1657 2007 1889 2072; x_wconf 39' lang='grc' dir='ltr'>προσδιαν</span> 
     </span>
     <span class='ocr_line' id='line_1_27' title="bbox 262 2085 1890 2154; baseline 0.002 -20"><span class='ocrx_word' id='word_1_222' title='bbox 262 2089 531 2152; x_wconf 77' lang='grc' dir='ltr'>ολεχθῆναι</span> <span class='ocrx_word' id='word_1_223' title='bbox 569 2085 651 2137; x_wconf 82' lang='grc' dir='ltr'>τὸν</span> <span class='ocrx_word' id='word_1_224' title='bbox 680 2086 872 2152; x_wconf 80' lang='grc' dir='ltr'>Κύριον,</span> <span class='ocrx_word' id='word_1_225' title='bbox 909 2088 997 2154; x_wconf 83' lang='grc' dir='ltr'>οὐχ</span> <span class='ocrx_word' id='word_1_226' title='bbox 1036 2087 1153 2137; x_wconf 81' lang='grc' dir='ltr'>ὅσον</span> <span class='ocrx_word' id='word_1_227' title='bbox 1189 2091 1251 2141; x_wconf 82' lang='grc' dir='ltr'>εἰς</span> <span class='ocrx_word' id='word_1_228' title='bbox 1289 2086 1374 2150; x_wconf 83' lang='grc' dir='ltr'>τὴν</span> <span class='ocrx_word' id='word_1_229' title='bbox 1411 2085 1674 2153; x_wconf 82' lang='grc' dir='ltr'>ὑπόσχεσιν</span> <span class='ocrx_word' id='word_1_230' title='bbox 1708 2085 1793 2150; x_wconf 81' lang='grc' dir='ltr'>τὴν</span> <span class='ocrx_word' id='word_1_231' title='bbox 1828 2090 1890 2140; x_wconf 85' lang='grc' dir='ltr'>εἷς</span> 
     </span>
     <span class='ocr_line' id='line_1_28' title="bbox 302 2166 1889 2234; baseline 0.001 -18"><span class='ocrx_word' id='word_1_232' title='bbox 302 2166 411 2221; x_wconf 72' lang='grc' dir='ltr'>τοὺς</span> <span class='ocrx_word' id='word_1_233' title='bbox 467 2168 673 2233; x_wconf 72' lang='grc' dir='ltr'>πατέρας</span> <span class='ocrx_word' id='word_1_234' title='bbox 726 2168 1052 2234; x_wconf 77' lang='grc' dir='ltr'>γεγενημένην,</span> <span class='ocrx_word' id='word_1_235' title='bbox 1104 2170 1214 2218; x_wconf 81' lang='grc' dir='ltr'>ἀλλ’</span> <span class='ocrx_word' id='word_1_236' title='bbox 1265 2168 1382 2219; x_wconf 81' lang='grc' dir='ltr'>ὅσον</span> <span class='ocrx_word' id='word_1_237' title='bbox 1438 2172 1500 2222; x_wconf 81' lang='grc' dir='ltr'>εἷς</span> <span class='ocrx_word' id='word_1_238' title='bbox 1551 2167 1637 2232; x_wconf 77' lang='grc' dir='ltr'>τὴν</span> <span class='ocrx_word' id='word_1_239' title='bbox 1687 2169 1889 2219; x_wconf 80' lang='grc' dir='ltr'>ἐνοῦσαν</span> 
     </span>
     <span class='ocr_line' id='line_1_29' title="bbox 303 2249 768 2302; baseline 0.002 -4"><span class='ocrx_word' id='word_1_240' title='bbox 303 2249 458 2302; x_wconf 82' lang='grc' dir='ltr'>αὐτοῖς</span> <span class='ocrx_word' id='word_1_241' title='bbox 497 2249 768 2299; x_wconf 79' lang='grc' dir='ltr'>εὐπείθειαν.</span> 
     </span>
    </p>
   </div>
   <div class='ocr_carea' id='block_1_6' title="bbox 239 2403 1624 2463">
    <p class='ocr_par' dir='ltr' id='par_1_16' title="bbox 239 2403 1624 2463">
     <span class='ocr_line' id='line_1_30' title="bbox 239 2403 1624 2463; baseline 0.004 -22"><span class='ocrx_word' id='word_1_242' title='bbox 239 2407 287 2442; x_wconf 88' lang='lat'>26</span> <span class='ocrx_word' id='word_1_243' title='bbox 560 2404 708 2445; x_wconf 80' lang='grc' dir='ltr'>Πολλὰ</span> <span class='ocrx_word' id='word_1_244' title='bbox 747 2403 833 2460; x_wconf 79' lang='grc' dir='ltr'>ἔχω</span> <span class='ocrx_word' id='word_1_245' title='bbox 870 2404 966 2462; x_wconf 77' lang='grc' dir='ltr'>Περὶ</span> <span class='ocrx_word' id='word_1_246' title='bbox 1004 2405 1122 2454; x_wconf 82' lang='grc' dir='ltr'>ὑμῶν</span> <span class='ocrx_word' id='word_1_247' title='bbox 1161 2403 1307 2447; x_wconf 78' lang='grc' dir='ltr'>λαλεῖν</span> <span class='ocrx_word' id='word_1_248' title='bbox 1347 2406 1415 2446; x_wconf 80' lang='grc' dir='ltr'>καὶ</span> <span class='ocrx_word' id='word_1_249' title='bbox 1455 2406 1624 2463; x_wconf 78' lang='grc' dir='ltr'>κρίνειν.</span> 
     </span>
    </p>
   </div>
   <div class='ocr_carea' id='block_1_7' title="bbox 384 2521 1889 2591">
    <p class='ocr_par' dir='ltr' id='par_1_17' title="bbox 384 2521 1889 2591">
     <span class='ocr_line' id='line_1_31' title="bbox 384 2521 1889 2591; baseline 0.001 -19"><span class='ocrx_word' id='word_1_250' title='bbox 384 2521 803 2589; x_wconf 74' lang='grc' dir='ltr'>Καταδικαζόντων</span> <span class='ocrx_word' id='word_1_251' title='bbox 836 2524 977 2574; x_wconf 81' lang='grc' dir='ltr'>αὐτοῦ</span> <span class='ocrx_word' id='word_1_252' title='bbox 1016 2529 1110 2575; x_wconf 87' lang='grc' dir='ltr'>τῶν</span> <span class='ocrx_word' id='word_1_253' title='bbox 1136 2525 1377 2575; x_wconf 85' lang='grc' dir='ltr'>Ἰουδαίων</span> <span class='ocrx_word' id='word_1_254' title='bbox 1410 2524 1780 2591; x_wconf 77' lang='grc' dir='ltr'>προαλέστερον,</span> <span class='ocrx_word' id='word_1_255' title='bbox 1815 2527 1889 2575; x_wconf 79' lang='grc' dir='ltr'>καὶ</span> 
     </span>
    </p>
   </div>
   <div class='ocr_carea' id='block_1_8' title="bbox 306 2603 1889 2674">
    <p class='ocr_par' dir='ltr' id='par_1_18' title="bbox 306 2603 1889 2674">
     <span class='ocr_line' id='line_1_32' title="bbox 306 2603 1889 2674; baseline 0.001 -19"><span class='ocrx_word' id='word_1_256' title='bbox 306 2605 454 2655; x_wconf 73' lang='grc' dir='ltr'>οὐδενὶ</span> <span class='ocrx_word' id='word_1_257' title='bbox 492 2603 578 2669; x_wconf 75' lang='grc' dir='ltr'>μὲν</span> <span class='ocrx_word' id='word_1_258' title='bbox 615 2604 820 2672; x_wconf 86' lang='grc' dir='ltr'>ἐχόντων</span> <span class='ocrx_word' id='word_1_259' title='bbox 857 2605 911 2656; x_wconf 80' lang='grc' dir='ltr'>τὸ</span> <span class='ocrx_word' id='word_1_260' title='bbox 949 2605 1176 2673; x_wconf 76' lang='grc' dir='ltr'>παράπαν</span> <span class='ocrx_word' id='word_1_261' title='bbox 1214 2607 1445 2672; x_wconf 79' lang='grc' dir='ltr'>ἐγκαλεῖν,</span> <span class='ocrx_word' id='word_1_262' title='bbox 1475 2608 1549 2657; x_wconf 84' lang='grc' dir='ltr'>ἐπὶ</span> <span class='ocrx_word' id='word_1_263' title='bbox 1587 2604 1707 2674; x_wconf 86' lang='grc' dir='ltr'>μόνῃ</span> <span class='ocrx_word' id='word_1_264' title='bbox 1745 2606 1794 2657; x_wconf 80' lang='grc' dir='ltr'>δὲ</span> <span class='ocrx_word' id='word_1_265' title='bbox 1831 2611 1889 2674; x_wconf 85' lang='grc' dir='ltr'>τῇ</span> 
     </span>
    </p>
   </div>
   <div class='ocr_carea' id='block_1_9' title="bbox 304 2749 1889 2889">
    <p class='ocr_par' dir='ltr' id='par_1_19' title="bbox 304 2749 1889 2889">
     <span class='ocr_line' id='line_1_33' title="bbox 357 2749 1887 2796; baseline 0.003 -15"><span class='ocrx_word' id='word_1_266' title='bbox 357 2759 386 2782; x_wconf 86' lang='lat'>1.</span> <span class='ocrx_word' id='word_1_267' title='bbox 412 2751 451 2791; x_wconf 85' lang='grc' dir='ltr'>τῇ</span> <span class='ocrx_word' id='word_1_268' title='bbox 471 2749 640 2794; x_wconf 79' lang='grc' dir='ltr'>οἰκονομίᾳ</span> <span class='ocrx_word' id='word_1_269' title='bbox 661 2750 702 2784; x_wconf 83' lang='grc' dir='ltr'>Β.</span> <span class='ocrx_word' id='word_1_270' title='bbox 721 2749 740 2793; x_wconf 84' lang='grc' dir='ltr'>ἡ</span> <span class='ocrx_word' id='word_1_271' title='bbox 758 2750 929 2795; x_wconf 76' lang='grc' dir='ltr'>οἰκονομία</span> <span class='ocrx_word' id='word_1_272' title='bbox 950 2751 1068 2785; x_wconf 76' lang='lat' dir='ltr'><strong>Holst.</strong></span> <span class='ocrx_word' id='word_1_273' title='bbox 1089 2750 1155 2785; x_wconf 86' lang='lat' dir='ltr'>Ed.</span> <span class='ocrx_word' id='word_1_274' title='bbox 1350 2760 1403 2796; x_wconf 87' lang='lat'>17.</span> <span class='ocrx_word' id='word_1_275' title='bbox 1429 2751 1742 2796; x_wconf 86' lang='grc' dir='ltr'>συροφοινίκισσαν</span> <span class='ocrx_word' id='word_1_276' title='bbox 1761 2751 1802 2785; x_wconf 90' lang='grc' dir='ltr'>Β.</span> <span class='ocrx_word' id='word_1_277' title='bbox 1823 2751 1887 2786; x_wconf 86' lang='lat' dir='ltr'>Ht.</span> 
     </span>
     <span class='ocr_line' id='line_1_34' title="bbox 313 2795 1889 2843; baseline 0.002 -16"><span class='ocrx_word' id='word_1_278' title='bbox 313 2795 590 2839; x_wconf 83' lang='grc' dir='ltr'>συροφοίνισσαν</span> <span class='ocrx_word' id='word_1_279' title='bbox 607 2797 701 2831; x_wconf 83' lang='lat' dir='ltr'><strong>Aub.</strong></span> <span class='ocrx_word' id='word_1_280' title='bbox 879 2808 917 2831; x_wconf 84' lang='lat'>21</span> <span class='ocrx_word' id='word_1_281' title='bbox 928 2823 935 2831; x_wconf 90' lang='lat'><strong>.</strong></span> <span class='ocrx_word' id='word_1_282' title='bbox 961 2801 1027 2832; x_wconf 84' lang='grc' dir='ltr'>τῶν</span> <span class='ocrx_word' id='word_1_283' title='bbox 1044 2797 1078 2831; x_wconf 82' lang='grc' dir='ltr'>ἐν</span> <span class='ocrx_word' id='word_1_284' title='bbox 1095 2797 1312 2843; x_wconf 80' lang='grc' dir='ltr'>ἐπαγγελίαις</span> <span class='ocrx_word' id='word_1_285' title='bbox 1329 2797 1464 2843; x_wconf 82' lang='grc' dir='ltr'>ἀγαθῶν</span> <span class='ocrx_word' id='word_1_286' title='bbox 1481 2799 1539 2831; x_wconf 87' lang='grc' dir='ltr'>τὸν</span> <span class='ocrx_word' id='word_1_287' title='bbox 1557 2798 1599 2832; x_wconf 89' lang='lat' dir='ltr'>B.</span> <span class='ocrx_word' id='word_1_288' title='bbox 1618 2798 1677 2831; x_wconf 86' lang='grc' dir='ltr'>τὸν</span> <span class='ocrx_word' id='word_1_289' title='bbox 1693 2798 1728 2831; x_wconf 80' lang='grc' dir='ltr'>ἐν</span> <span class='ocrx_word' id='word_1_290' title='bbox 1745 2797 1889 2842; x_wconf 80' lang='grc' dir='ltr'>ἐπαγγε-</span> 
     </span>
     <span class='ocr_line' id='line_1_35' title="bbox 304 2841 1888 2889; baseline 0.001 -14"><span class='ocrx_word' id='word_1_291' title='bbox 304 2841 396 2876; x_wconf 82' lang='grc' dir='ltr'>λίαις</span> <span class='ocrx_word' id='word_1_292' title='bbox 414 2841 518 2875; x_wconf 81' lang='grc' dir='ltr'>ἐθνῶν</span> <span class='ocrx_word' id='word_1_293' title='bbox 538 2841 600 2875; x_wconf 86' lang='lat' dir='ltr'>Ht.</span> <span class='ocrx_word' id='word_1_294' title='bbox 622 2842 688 2876; x_wconf 87' lang='lat' dir='ltr'>Ed.</span> <span class='ocrx_word' id='word_1_295' title='bbox 799 2855 854 2886; x_wconf 88' lang='lat'>24.</span> <span class='ocrx_word' id='word_1_296' title='bbox 881 2844 927 2880; x_wconf 83' lang='grc' dir='ltr'>εἷς</span> <span class='ocrx_word' id='word_1_297' title='bbox 945 2845 1040 2889; x_wconf 81' lang='lat' dir='ltr'>prius</span> <span class='ocrx_word' id='word_1_298' title='bbox 1060 2843 1156 2878; x_wconf 87' lang='lat' dir='ltr'>deest</span> <span class='ocrx_word' id='word_1_299' title='bbox 1173 2845 1207 2877; x_wconf 87' lang='lat' dir='ltr'>in</span> <span class='ocrx_word' id='word_1_300' title='bbox 1230 2844 1271 2878; x_wconf 88' lang='lat' dir='ltr'>B.</span> <span class='ocrx_word' id='word_1_301' title='bbox 1293 2844 1356 2878; x_wconf 87' lang='lat' dir='ltr'>Ht.</span> <span class='ocrx_word' id='word_1_302' title='bbox 1405 2844 1610 2888; x_wconf 83' lang='lat' dir='ltr'><strong>Assumpsit</strong></span> <span class='ocrx_word' id='word_1_303' title='bbox 1627 2855 1645 2878; x_wconf 88' lang='lat' dir='ltr'>e</span> <span class='ocrx_word' id='word_1_304' title='bbox 1664 2843 1740 2878; x_wconf 81' lang='lat' dir='ltr'>Cat.</span> <span class='ocrx_word' id='word_1_305' title='bbox 1759 2849 1799 2878; x_wconf 86' lang='lat' dir='ltr'>ut</span> <span class='ocrx_word' id='word_1_306' title='bbox 1816 2843 1888 2878; x_wconf 90' lang='lat' dir='ltr'>vid.</span> 
     </span>
    </p>
   </div>
   <div class='ocr_carea' id='block_1_10' title="bbox 308 2886 1580 2935">
    <p class='ocr_par' dir='ltr' id='par_1_20' title="bbox 308 2886 1580 2935">
     <span class='ocr_line' id='line_1_36' title="bbox 308 2886 1580 2935; baseline 0.002 -15"><span class='ocrx_word' id='word_1_307' title='bbox 308 2886 402 2921; x_wconf 85' lang='lat' dir='ltr'><strong>Aub.</strong></span> <span class='ocrx_word' id='word_1_308' title='bbox 547 2897 601 2932; x_wconf 82' lang='lat'>25.</span> <span class='ocrx_word' id='word_1_309' title='bbox 627 2890 847 2934; x_wconf 80' lang='grc' dir='ltr'>προπάτορας</span> <span class='ocrx_word' id='word_1_310' title='bbox 864 2902 895 2924; x_wconf 83' lang='lat' dir='ltr'>a.</span> <span class='ocrx_word' id='word_1_311' title='bbox 1040 2901 1095 2935; x_wconf 88' lang='lat'>29.</span> <span class='ocrx_word' id='word_1_312' title='bbox 1122 2890 1233 2925; x_wconf 78' lang='grc' dir='ltr'>οὐδενὶ</span> <span class='ocrx_word' id='word_1_313' title='bbox 1253 2891 1294 2925; x_wconf 89' lang='grc' dir='ltr'>Β.</span> <span class='ocrx_word' id='word_1_314' title='bbox 1314 2890 1412 2925; x_wconf 74' lang='grc' dir='ltr'>οὐδὲν</span> <span class='ocrx_word' id='word_1_315' title='bbox 1431 2890 1493 2924; x_wconf 85' lang='lat' dir='ltr'>Ht.</span> <span class='ocrx_word' id='word_1_316' title='bbox 1513 2889 1580 2924; x_wconf 85' lang='lat' dir='ltr'>Ed.</span> 
     </span>
    </p>
   </div>
   <div class='ocr_carea' id='block_1_11' title="bbox 1900 545 1922 583">
    <p class='ocr_par' dir='ltr' id='par_1_21' title="bbox 1900 545 1922 583">
     <span class='ocr_line' id='line_1_37' title="bbox 1900 545 1922 583; baseline 0 0"><span class='ocrx_word' id='word_1_317' title='bbox 1900 545 1922 583; x_wconf 88' lang='lat'>5</span> 
     </span>
    </p>
   </div>
   <div class='ocr_carea' id='block_1_12' title="bbox 1905 960 1954 986">
    <p class='ocr_par' dir='ltr' id='par_1_22' title="bbox 1905 960 1954 986">
     <span class='ocr_line' id='line_1_38' title="bbox 1905 960 1954 986; baseline 0.02 -1"><span class='ocrx_word' id='word_1_318' title='bbox 1905 960 1954 986; x_wconf 93' lang='lat'>10</span> 
     </span>
    </p>
   </div>
   <div class='ocr_carea' id='block_1_13' title="bbox 1907 1782 1957 1807">
    <p class='ocr_par' dir='ltr' id='par_1_23' title="bbox 1907 1782 1957 1807">
     <span class='ocr_line' id='line_1_39' title="bbox 1907 1782 1957 1807; baseline 0.02 -1"><span class='ocrx_word' id='word_1_319' title='bbox 1907 1782 1957 1807; x_wconf 89' lang='lat'>20</span> 
     </span>
    </p>
   </div>
   <div class='ocr_carea' id='block_1_14' title="bbox 1910 2186 1958 2225">
    <p class='ocr_par' dir='ltr' id='par_1_24' title="bbox 1910 2186 1958 2225">
     <span class='ocr_line' id='line_1_40' title="bbox 1910 2186 1958 2225; baseline 0 0"><span class='ocrx_word' id='word_1_320' title='bbox 1910 2186 1958 2225; x_wconf 87' lang='lat'>25</span> 
     </span>
    </p>
   </div>
  </div>
 </body>
</html>
