2022 3272
94 141 236 197 xiv.7.
472 147 544 187 IN
588 147 629 186 S.
665 145 1001 187 JOANNEM.
1064 147 1189 186 LIB.
1224 147 1301 186 lx.
1600 147 1681 186 413

94 260 122 283 “
149 253 380 320 Πατε’ρα.”
422 257 542 306 ἱτεόν
568 256 648 306 οῦν
673 256 764 322 ἄρα
791 256 910 306 κατὰ
935 255 1020 320 τὴν
1046 262 1129 307 τοῦ
1155 255 1459 321 προκειμένου
1487 255 1682 317 δύναμιν

94 335 189 387 ἀπὸ
216 340 298 400 τῆς
324 338 497 391 εἰκόνος
524 340 597 388 ἐπὶ
633 336 686 389 τὸ
722 338 1002 406 ἀρχέτυπον,
1029 340 1105 389 καὶ
1141 338 1234 388 ἀπὸ
1270 344 1353 388 τοῦ
1386 340 1720 405 χαρακτῆροςΟ

93 418 162 469 ἐπ’
191 420 363 469 ἐκεῖνον
395 418 451 483 δὴ
490 418 680 472 πάντως
718 421 772 470 οῦ
811 422 886 470 καὶ
926 420 1029 470 ε”στι
1068 419 1326 487 χαρακτὴρ,
1358 421 1434 470 καὶ
1468 421 1535 481 οὐ,
1564 418 1682 468 κατά

93 522 222 553 τινας
271 505 366 551 τῶν
414 501 699 570 ἑτεροδοξεῖν
750 501 993 564 εἰωθότων,
1036 504 1252 555 ἐπακτοῖς
1308 525 1407 552 τισι
1458 504 1533 552 καὶ
1586 506 1683 554 τοῖς

52 590 73 629 5
95 582 268 650 ἔξωθεν
299 583 539 652 ἀξιώμασι
578 584 962 651 σχηματίζεσθαί
998 588 1153 652 φαμεν
1183 583 1265 634 τὸν
1291 583 1409 634 Υὶὸν
1441 583 1561 648 πρὸς
1599 581 1682 632 τὸν

96 665 289 731 Πατέρα
329 665 447 728 οὐδὲ,
479 665 691 732 καθάπερ
726 671 822 719 τοῖς
862 667 1189 729 πλανωμένοις
1230 669 1366 728 δοκεῖ,
1399 665 1531 715 εἰκὼν
1568 662 1683 715 εἶναι

94 746 279 812 λέγεται
318 754 401 799 τοῦ
439 752 564 799 Θεοῦ
602 750 677 799 καὶ
713 748 917 814 Πατρὸς,
954 750 1017 802 ὡς
1054 748 1174 815 ἔχων
1209 749 1352 798 αὐτοῦ
1390 747 1476 811 τὴν
1515 747 1678 815 δόξαν,

93 828 180 893 τὴν
218 831 426 892 δύναμιν,
462 830 548 894 τὴν
587 832 781 898 σοφίαν,
820 831 1011 899 φύσεως
1050 830 1200 895 γεμὴν
1238 831 1395 896 ἑτέρας
1436 829 1678 896 ὑπάρχων·

93 918 242 964 ταῦτα
268 912 362 978 γὰρ
388 914 573 963 ἐκείνων
599 911 659 964 τὰ
689 911 956 979 ληρήματα,
984 915 1057 963 καὶ
1093 913 1120 976 ἡ
1155 913 1510 980 κεκομψευμένη
1548 917 1677 980 φλυ-

26 1016 74 1041 10
95 997 215 1062 αρία,
241 1000 432 1059 μᾶλλον
459 995 506 1046 δὲ
533 994 804 1057 δυσσέβεια,
831 994 950 1060 πρὸς
976 994 1248 1061 ἀνατροπὴν
1275 997 1575 1058 ε’πινοηθεῖσα
1606 997 1680 1044 καὶ
1698 1015 1719 1039 a
1760 1006 1835 1042 771
1849 1005 1903 1040 A·

94 1077 368 1142 καθαίρεσιν
411 1080 494 1140 τῆς
539 1076 904 1141 ὁμοουσιότητος
952 1083 1035 1129 τοῦ
1075 1081 1207 1139 Υἱοῦ,
1248 1076 1368 1127 κατά
1411 1099 1465 1142 γε
1509 1074 1592 1127 τὸν
1633 1078 1681 1127 ἐν

95 1159 249 1213 αὐτοῖς
298 1158 491 1210 ἀνόσιόν
534 1183 583 1211 τε
636 1162 711 1210 καὶ
763 1159 1000 1228 θεομάχον
1043 1158 1244 1211 σκοπόν·
1307 1160 1418 1209 ἀλλ’
1463 1161 1525 1212 ὡς
1566 1158 1681 1213 Υἱὸς

95 1243 299 1306 ἀληθῶς,
338 1244 388 1293 ἐκ
431 1245 516 1306 τῆς
559 1248 642 1293 τοῦ
681 1246 806 1293 Θεοῦ
850 1245 925 1293 καὶ
966 1242 1157 1309 Πατρὸς
1200 1243 1364 1295 οὐσίας
1403 1240 1680 1308 ἀπορῥήτως

95 1327 170 1375 καὶ
206 1326 522 1391 ἀπερινοήτως
557 1327 806 1391 γεννηθεὶς,
832 1324 1075 1392 χαρακτήρ
1105 1326 1236 1376 ἐστιν
1263 1325 1405 1375 αὐτοῦ
1438 1327 1514 1375 καὶ
1547 1324 1680 1375 εἰκὼν

29 1418 75 1457 15
96 1408 172 1457 καὶ
210 1406 523 1473 ἀπαύγασμα,
565 1408 722 1475 φέρων
760 1409 808 1458 ἐν
846 1408 988 1476 οἰκείᾳ
1029 1407 1174 1475 φύσει
1214 1409 1296 1470 τῆς
1337 1412 1420 1457 τοῦ
1465 1406 1680 1460 τεκόντος

94 1488 236 1540 αὐτὸν
263 1490 428 1543 οὐσίας
461 1488 515 1541 τὸ
551 1490 678 1552 ἰ’διον,
707 1491 781 1540 καὶ
814 1494 908 1540 τῶν
934 1494 1153 1559 φυσικῶν
1177 1487 1600 1552 πλεονεκτημάτων
1626 1488 1680 1539 τὸ

94 1572 292 1625 κάλλος.
352 1572 407 1622 οὐ
441 1571 535 1638 γὰρ
571 1571 871 1636 ἀπόπληκτοι
907 1573 1005 1622 κατ’
1034 1572 1230 1625 ἐκείνους
1266 1571 1475 1634 ἐσόμεθα
1514 1572 1589 1621 καὶ
1621 1575 1681 1624 εἷς

93 1659 233 1705 τοῦτο
279 1655 573 1715 δυσβουλίας
617 1653 700 1705 τὸν
745 1658 910 1705 οἰκεῖον
955 1652 1295 1718 κατωθήσομεν
1340 1658 1464 1716 νοῦν,
1509 1655 1570 1706 ὡς
1616 1657 1682 1722 τῷ

94 1735 214 1787 κατὰ
250 1736 400 1805 φύσιν
431 1737 515 1787 οὐκ
550 1735 664 1787 ὄντα
698 1736 855 1802 λέγειν
882 1739 991 1805 Θεῷ
1030 1735 1204 1800 ὅμοιον,
1229 1735 1348 1801 μήτε
1385 1733 1479 1800 μὴν
1512 1737 1562 1786 ἐκ
1600 1738 1728 1798 τῆςῖ)

26 1836 76 1861 20
95 1819 259 1872 οὐσίας
303 1818 583 1885 γεννηθέντα
627 1824 710 1869 τοῦ
755 1822 880 1869 Θεοῦ
930 1820 1006 1869 καὶ
1053 1818 1260 1884 Πατρὸς,
1301 1816 1388 1882 τὴν
1429 1823 1512 1869 τοῦ
1556 1821 1683 1868 Θεοῦ

93 1901 391 1968 χαρίσασθαι
426 1901 585 1969 δόξαν,
612 1899 641 1964 ἦ
679 1902 754 1951 καὶ
789 1899 937 1968 φάναι
971 1900 1208 1952 δύνασθαί
1240 1923 1353 1951 ποτε
1389 1899 1443 1950 τὸ
1478 1922 1679 1963 πεποιη-

94 1983 235 2046 μένον
272 1982 409 2044 ὅλως,
440 1984 514 2032 καὶ
552 1981 605 2033 τὸ
645 1982 701 2050 ἐξ
737 1983 818 2032 οὐκ
858 1981 1006 2033 ὅντων
1038 1987 1101 2036 εἷς
1139 1982 1193 2033 τὸ
1234 1980 1348 2032 εἶναι
1385 1980 1682 2049 παρενεχθὲν,

95 2063 181 2126 τὴν
207 2065 335 2115 θείαν
362 2062 745 2130 ἀπαραλλάκτως
771 2063 976 2133 φορέσαι
1002 2064 1197 2127 δύναμιν
1223 2065 1299 2115 καὶ
1335 2065 1531 2132 σοφίαν,
1561 2063 1682 2130 ἔχειν

95 2143 142 2195 δὲ
168 2147 313 2200 οὕτως
341 2149 402 2200 ὡς
428 2144 485 2197 ἂν
513 2151 663 2197 νοοῖτο
690 2145 834 2214 τυχὸν
861 2147 887 2210 ἡ
915 2146 1015 2198 θειά
1038 2170 1088 2197 τε
1114 2148 1189 2198 καὶ
1216 2147 1414 2213 ἀρ’ῥητος
1446 2153 1528 2197 τοῦ
1556 2149 1681 2197 Θεοῦ

27 2243 76 2281 25
98 2228 287 2295 Πατρὸς
321 2229 481 2296 φύσις.
535 2229 584 2280 τί
612 2227 705 2294 γὰρ
740 2227 796 2279 ἂν
822 2228 889 2293 εἰἠ
924 2228 978 2279 τὸ
1014 2228 1360 2295 παραλλάττον
1386 2228 1451 2280 ε”τι
1485 2233 1681 2292 ποιητοῦ

95 2313 172 2360 καὶ
202 2309 478 2374 ποιήματος,
506 2309 534 2374 ὴ
571 2311 620 2361 τί
646 2309 700 2361 τὸ
734 2315 1043 2374 μεσολαβοῦν
1069 2312 1145 2361 καὶ
1172 2310 1399 2379 διακόψαι
1426 2309 1679 2374 δυνάμενον
1699 2327 1721 2354 0

95 2394 178 2455 τῆς
221 2391 504 2457 ταύτότητος
549 2396 631 2456 τῆς
680 2394 727 2442 ἐν
766 2392 904 2461 οὐσίᾳ
948 2393 1071 2460 φημὶ
1115 2391 1169 2443 τὸ
1212 2391 1407 2458 γεγονὸς
1449 2398 1534 2443 τοῦ
1580 2394 1679 2443 κτί-

96 2496 302 2536 σαντος;
345 2479 381 2525 εἰ
406 2474 499 2540 γὰρ
526 2475 649 2528 ὅλως
675 2475 767 2542 ε”χει
793 2474 879 2538 τήν
904 2497 954 2524 τε
991 2475 1137 2543 δόξαν
1162 2476 1238 2524 καὶ
1273 2473 1357 2538 τὴν
1384 2474 1579 2538 δύναμιν
1606 2476 1682 2524 καὶ

96 2555 182 2620 τὴν
224 2556 406 2625 σοφίαν
450 2557 605 2617 αὐτοῦ,
655 2554 776 2606 κατὰ
820 2556 903 2607 τὸν
951 2556 1059 2606 ’ίσον
1103 2554 1280 2621 τρόπον
1329 2558 1395 2624 τῷ
1448 2559 1556 2625 Θεῷ
1607 2558 1683 2606 καὶ

31 2659 78 2694 30
99 2641 269 2705 Πατρῖ,
311 2638 359 2688 τί
398 2636 451 2689 τὸ
495 2638 649 2704 μεῖζον
690 2639 738 2688 ἐν
780 2638 918 2706 αὐτῷ,
957 2637 1006 2687 τί
1047 2636 1094 2688 δὲ
1137 2636 1192 2687 τὸ
1235 2637 1384 2688 πλεόν
1430 2636 1522 2705 ἕξει
1569 2638 1679 2702 παρ’

0 2704 9 2719 s
96 2721 229 2785 ἡμᾶς,
281 2719 383 2784 ἤτοι
442 2718 529 2783 τὴν
586 2720 754 2782 κτίσιν,
805 2718 898 2784 ἐγὼ
953 2717 1038 2782 μὲν
1088 2723 1230 2769 εἰπεῖν
1284 2719 1366 2769 οὐκ
1421 2716 1480 2768 ἄν
1531 2718 1682 2785 ε”χοιμι

97 2807 356 2865 παντελῶς,
383 2800 642 2868 ἀπορήσειν
673 2800 720 2851 δὲ
756 2799 1081 2864 ὑπολαμβάνω
1117 2801 1368 2853 κάκείνους.
1425 2800 1593 2851 οὐκοῦν
1629 2800 1682 2851 οὐ

336 2964 387 2998 17.
415 2953 623 2997 ἀπόπληκτα
643 2952 684 2987 Ε.
1123 2962 1178 2997 27.
1205 2951 1386 2995 αὐτότητος
1406 2950 1445 2985 Ε.
