2037 3266
315 132 398 172 5526
707 135 755 175 B.
791 135 1065 177 CYRILLI
1108 137 1491 177 ALEXANDR.
1731 137 1812 178 xiv.
1834 138 1899 179 28.

314 237 529 303 ἐ’λαττον,
554 242 798 309 ἀνολόγως
834 248 891 312 τῇ
929 245 1073 312 φύσει
1108 250 1202 296 τῶν
1228 245 1496 296 δεδωκότων
1529 244 1661 295 αὐτά.
1716 246 1785 299 τίς
1819 246 1901 295 οὖν

314 320 404 386 ἄρα
433 327 527 374 τῶν
552 324 775 376 τοιούτων
801 327 975 389 ἐμέτων
1002 326 1241 396 ἀνέξεται,
1285 328 1354 380 τίς
1391 327 1438 377 δὲ
1474 326 1555 377 τὸν
1579 326 1687 393 παρ’
1716 328 1900 380 ἐκείνοις

314 403 473 468 ἀμαθῆ
517 428 564 456 τε
609 409 684 457 καὶ
728 407 1031 473 γελοιότατον
1074 410 1126 459 οὐ
1172 407 1432 476 κατόψεται
1477 408 1637 474 λόγον,
1679 408 1764 472 τὴν
1805 413 1900 459 τῶν

314 486 564 549 εἰρημένων
602 489 769 554 ἀρτίως
809 490 919 553 ἡμῖν
958 489 1339 558 διασκεψάμενος
1377 489 1585 552 ε”ννοιανς
1634 491 1745 541 ἀλλ’
1783 490 1899 544 ’ίσως

312 567 685 634 ἀναγκαζόμενος
725 570 807 621 δύο
848 570 967 621 κατὰ
1005 571 1154 640 φύσιν
1185 573 1487 636 ὁμολογῆσαι
1527 572 1672 633 θεοὺς,
1707 571 1834 637 ε’ίπερ
1873 573 1897 622 ὁ
1919 583 1940 621 5

311 648 396 709 μέν
421 649 522 700 ἐστι
548 650 728 716 μείζων,
757 653 782 702 ὁ
820 652 867 703 δὲ
901 652 1126 714 ἐλάττων,
1152 653 1220 705 ἐπ’
1249 655 1392 704 ἐκεῖνο
1428 656 1655 713 βαδιεῖται
1690 653 1743 704 τὸ
1779 652 1896 703 σύν-

311 730 420 792 ηθές
444 754 491 781 τε
526 734 602 782 καὶ
637 735 939 799 τετριμμένον
966 736 1103 804 αὐτῷ,
1133 737 1254 804 φημὶ
1292 734 1348 799 δὴ
1384 733 1438 786 τὸ
1476 735 1625 802 φύσιν
1652 735 1770 785 ἰδίαν
1795 734 1899 786 τινὰ

266 812 468 878 (Ιλέγειν
510 814 631 881 ἔχειν
671 813 753 865 τὸν
785 815 916 878 Υἱὸν,
957 821 994 867 εἰ
1045 817 1161 881 μήτε
1211 820 1294 880 τῆς
1347 820 1542 882 γενητῆς
1594 816 1899 880 ἀπήλλακται

310 900 568 959 παντελῶς,
595 894 710 960 μήτε
736 895 829 961 μὴν
853 897 1127 964 ὁλοκλήρως
1153 899 1406 949 ἀποπίπτει
1440 901 1522 962 τῆς
1557 904 1640 949 τοῦ
1667 901 1792 949 Θεοῦ
1823 901 1898 948 καὶ

314 975 517 1043 Πατρός.
588 981 629 1028 οἱ
675 977 767 1044 γὰρ
812 979 990 1043 κτίσμα
1035 981 1109 1030 καὶ
1156 980 1336 1043 ποίημα
1388 980 1541 1045 λέγειν
1587 982 1793 1046 ἐναργῶς
1845 981 1897 1030 οὐ
1922 1000 1970 1025 10

309 1058 685 1123 παραιτούμενοι,
715 1061 788 1110 ἐπὶ
816 1060 899 1114 τὰς
925 1066 1018 1112 τῶν
1045 1061 1268 1112 τοιούτων
1294 1061 1517 1128 ῥημάτων
1542 1061 1898 1129 καταφεύγουσι

309 1140 553 1208 κομψείας,
593 1142 896 1208 ἀστειοτέραν
935 1142 1098 1208 ὥσπερ
1143 1144 1432 1196 ἐπινοοῦντες
1474 1141 1560 1206 τὴν
1600 1144 1892 1212 δυσφημίαν.

309 1221 422 1272 ὅταν
460 1224 615 1273 τοίνυν
654 1224 800 1277 οὕτως
838 1223 958 1292 ἔχειν
992 1226 1207 1290 λέγωμεν
1241 1224 1324 1276 τὸν
1350 1224 1480 1287 Υὶὸν,
1517 1228 1578 1278 ὡς
1616 1224 1733 1289 μήτε
1773 1225 1898 1275 Θεὸν

308 1303 427 1354 κατὰ
466 1305 616 1372 φύσιν
655 1305 929 1371 ὁλοκλήρως
966 1306 1190 1374 ὑπάρχειν
1229 1306 1384 1369 αὐτὸν,
1420 1306 1538 1370 μήτε
1576 1306 1669 1371 μὴν
1707 1309 1755 1357 ἐν
1793 1308 1890 1357 κτί-

307 1408 493 1448 σμασιν
527 1387 802 1453 ὁλοκλήρως
840 1394 1006 1451 τελεῖν,
1035 1387 1147 1439 εἶναι
1187 1390 1242 1439 δέ
1274 1412 1378 1439 τινα
1415 1388 1574 1451 μέσον,
1601 1391 1662 1442 ὡς
1700 1391 1774 1439 καὶ
1813 1392 1895 1452 τῆς
1920 1411 1966 1450 15

308 1473 390 1518 τοῦ
427 1472 552 1518 Θεοῦ
591 1472 665 1519 καὶ
703 1468 894 1535 Πατρὸς
933 1471 1068 1539 ἀξίας
1107 1470 1539 1534 ἀπολιμπάνεσθαι,
1568 1472 1641 1520 καὶ
1680 1468 1766 1533 τὴν
1800 1476 1894 1521 τῶν

270 1550 586 1612 θκτισμάτων
627 1550 981 1618 ὑπεράλλεσθαι
1020 1553 1182 1621 δόξαν·
1238 1557 1426 1618 πρῶτον
1465 1552 1549 1616 μὲν
1587 1554 1793 1618 ἐροῦμεν,
1833 1555 1894 1606 ὡς

310 1634 456 1687 οὐδεὶς
495 1635 649 1687 αὐτοῖς
688 1634 914 1702 ἐπέτρεψε
954 1633 1098 1700 λόγος
1139 1638 1404 1698 νομοθετεῖν
1443 1633 1472 1684 ἃ
1515 1635 1774 1693 βούλονται
1818 1639 1893 1684 καὶ

308 1720 489 1767 λαλεῖν.
542 1714 570 1780 ἢ
615 1714 708 1781 γὰρ
753 1716 874 1779 ἡμᾶς
917 1718 967 1766 ἐκ
1009 1721 1103 1766 τῶν
1145 1719 1277 1782 ἱερῶν
1319 1739 1368 1766 τε
1413 1718 1488 1766 καὶ
1536 1716 1671 1766 θείων
1712 1723 1892 1781 πληρο-

308 1796 582 1862 φορούντων
626 1796 931 1863 γραμμάτων,
975 1796 1002 1862 ὴ
1047 1798 1317 1862 μηδαμόθεν
1359 1797 1772 1863 μεμαρτυρημένον
1811 1796 1893 1847 τὸν
1916 1824 1966 1848 20

306 1878 423 1929 ’ίδιον
462 1878 646 1946 ἔχοντες
686 1878 846 1944 λόγον,
883 1881 1283 1947 αἱσχυνέσθωσαν
1320 1878 1379 1931 τὰ
1417 1879 1510 1930 ἀπὸ
1549 1881 1740 1944 γνώμης
1778 1881 1894 1932 ἰδίας

306 1961 379 2010 ἐπὶ
405 1962 565 2011 πίστει
591 1961 904 2027 διοριζόμενοι.

381 2041 523 2106 Πλὴν
543 2043 731 2108 ἐπείπερ
757 2044 912 2096 αὐτοῖς
937 2045 1012 2093 καὶ
1040 2049 1178 2094 τοῦτο
1204 2043 1418 2110 παρέστη
1446 2043 1501 2112 ἐξ
1524 2044 1713 2110 ἀκρίτου
1738 2044 1893 2110 λέγειν

307 2125 698 2190 φρενοβλαβείας,
726 2126 800 2175 ἐπὶ
837 2123 922 2187 τὴν
957 2126 1109 2175 αὐτῶν
1146 2129 1399 2187 βαδιοῦμαι
1436 2123 1684 2191 πρότασιν,
1714 2127 1803 2191 ἐρῶ
1842 2124 1891 2175 δὲ

307 2204 363 2269 δὴ
391 2205 559 2257 λοιπὸν
585 2204 732 2257 πάλιν
751 2210 808 2256 El
833 2205 924 2272 γὰρ
950 2205 1072 2269 μόνα
1097 2205 1156 2256 τὰ
1184 2207 1370 2269 ὁμοειδῆ
1396 2247 1423 2268 ,,
1439 2205 1525 2270 τὴν
1549 2205 1667 2272 πρὸς
1694 2208 1889 2270 ἄλληλα
1913 2228 1960 2265 25

305 2325 331 2347 ,,
350 2286 630 2352 σύγκρισιν”
653 2288 820 2353 κυρίως
846 2286 904 2337 ἂν
930 2287 1205 2356 ἐπιδέξαιτο,
1226 2287 1564 2354 συγκρίνεσθαι
1590 2287 1638 2338 δὲ
1665 2289 1760 2338 δεῖν
1786 2290 1887 2338 ἑαυ-

81 2200 188 2239 Supra,

81 2244 146 2283 846
159 2254 184 2273 e.

82 2382 167 2416 852
181 2381 235 2416 A.
263 2391 286 2416 a
305 2367 388 2419 τὸν
407 2369 573 2435 κυρίως
601 2372 667 2437 τῷ
685 2372 793 2437 Θεῷ
819 2370 893 2418 καὶ
915 2371 1069 2434 Πατρῖ
1098 2369 1393 2431 δεδοκίμακεν
1413 2370 1436 2419 ὁ
1457 2368 1585 2431 Υἱὸς,
1602 2369 1888 2436 σαφέστατα

304 2451 461 2516 λέγων
486 2449 544 2502 ζΟ
573 2449 725 2517 Πατὴρ
753 2451 909 2520 μείζων
937 2474 1021 2518 μου
1057 2451 1164 2501 ἐστί’
1207 2455 1307 2503 πῶς
1343 2451 1426 2501 οὐκ
1463 2449 1643 2516 ἀνάγκη
1679 2457 1887 2502 τοιοῦτον

305 2536 515 2583 νοεῖσθαι
553 2534 628 2582 καὶ
668 2530 750 2582 τὸν
779 2532 984 2596 Πατερα,
1019 2532 1176 2585 ὁποῖος
1214 2531 1272 2582 ἂν
1312 2532 1500 2597 λε’γοιτο
1543 2534 1652 2597 παρ’
1695 2534 1824 2595 ὑμῶν
1862 2534 1886 2582 ὁ

303 2612 448 2674 Υἱόςς
492 2615 567 2664 καὶ
605 2613 653 2664 τί
689 2612 743 2663 τὸ
783 2615 1021 2672 ἐντεῦθεν;
1068 2613 1182 2664 ὅλον
1222 2615 1328 2676 ὑμῖν
1366 2617 1428 2667 εἷς
1466 2613 1520 2664 τὸ
1557 2613 1701 2678 μηδὲν
1738 2637 1880 2665 κατά·
1909 2631 1958 2666 30

304 2695 498 2763 στρέφει
533 2695 586 2745 τὸ
624 2694 858 2760 θεώρημα.
910 2694 994 2747 ἕως
1026 2695 1109 2756 μὲν
1135 2694 1230 2761 γὰρ
1256 2693 1420 2759 μείζων
1446 2694 1635 2760 λέγεται
1661 2700 1744 2746 τοῦ
1769 2699 1887 2746 Υἱοῦ

356 2851 384 2874 Ι.
411 2840 605 2874 δεδωκότων
622 2840 664 2874 E.
684 2840 869 2874 δεδοκότων
886 2839 953 2874 Ed.
1086 2851 1117 2874 2.
1142 2841 1200 2875 τὸν
1218 2841 1259 2874 Ε.
1278 2844 1344 2874 τῶν
1361 2839 1427 2873 Ed.
1560 2850 1612 2883 13.
1639 2839 1808 2885 λέγωμεν]
1828 2854 1883 2884 γρ.

304 2886 453 2930 λέγωσιν
472 2886 538 2920 Ed.
557 2899 629 2929 mg.
646 2886 799 2930 λέγωμεν
816 2887 920 2920 habet
942 2887 977 2920 F.
1104 2897 1158 2929 25.
1184 2888 1305 2920 λοιπὸν
1322 2891 1544 2930 assumptum
1562 2898 1601 2919 ex
1622 2886 1663 2920 E.
1796 2897 1886 2930 29—

305 2945 338 2976 p.
354 2941 432 2977 527.
454 2943 480 2966 1.
511 2933 564 2965 Ab
584 2933 674 2975 ὑμῶν
692 2932 735 2966 ad
753 2933 844 2976 ὑμῶν
861 2933 1010 2966 transilit
1029 2933 1070 2967 E.
