2037 3266
299 131 383 169 460
702 131 751 171 B.
785 130 1065 171 CYRILLI
1107 129 1490 170 ALEXANDR.
1629 128 1712 168 xiv.
1736 138 1800 176 12,
1824 137 1888 179 13.

302 236 477 288 διδόναι
511 243 607 292 τοῖς
639 242 854 305 γνησίοις
886 239 945 292 τὰ
975 239 1145 306 ἀγαθά·
1187 239 1301 305 ὅπερ
1328 237 1380 291 οἶν
1408 237 1615 299 alfio-mss
1637 242 1787 307 φησιν
1814 236 1888 285 ἐπὶ

262 341 283 366 e
303 325 363 389 τῷ
400 323 581 388 ὀνόματί
611 346 710 390 μου,
736 324 856 373 τοῦτο
889 324 1069 384 ποιήσω,
1097 322 1430 385 τετελεσμένου
1464 325 1546 371 τοῦ
1579 323 1740 386 καιροῦ
1779 314 1888 368 καθ’

302 401 355 453 ὃν
387 402 488 467 ἔδει,
516 405 682 472 φησιν,
707 406 755 455 ἐν
789 408 855 473 τῴ
887 407 970 467 τῆς
1007 404 1333 457 ταπεινώσεως
1373 403 1623 471 φαίνεσθαι
1661 399 1888 467 σχήματι.

299 484 530 551 τετήρηκα
569 486 622 537 τὸ
665 485 846 551 πρέπον
888 485 964 536 διὰ
1009 484 1095 549 τὴν
1140 487 1422 548 οἰκονομίαν·
1485 486 1582 536 νυνὶ
1625 482 1673 534 δὲ
1719 479 1889 532 λοιπὸν

1909 572 1931 610 01

300 568 705 621 ἀκατακαλύπτως
738 570 799 621 ὡς
827 566 949 621 Θεὸς
982 567 1252 633 ἐνεργήσειν
1278 566 1641 632 ἐπαγγέλλομαι
1666 563 1725 616 τὰ
1751 567 1888 624 Θεοῦ,

301 650 355 700 οὐ
394 647 476 699 τὸν
510 649 704 714 Πατέρα
745 652 828 713 τῆς
874 650 995 699 οὕτω
1042 652 1328 715 θεοπρεποῦς
1374 649 1516 718 δόξης
1560 645 1888 717 ἐξωθούμενος,

301 734 412 781 ἀλλ’
445 731 518 782 ’ἵνα
558 728 748 801 δοξασθῇ
785 732 822 782 ἐν
856 729 917 800 Tc}
956 736 1060 801 Ύὶᾦ.
1116 729 1430 800 δοξαζομένου
1468 729 1561 796 γὰρ
1599 733 1682 780 τοῦ
1718 727 1885 793 γεννή-

299 836 461 875 ματος,
489 813 847 882 δοξασθήσεται
871 812 1060 867 πάντως
1087 815 1135 864 ε”ν
1162 814 1287 882 αὐτῷ
1313 814 1388 863 καὶ
1415 813 1440 863 ὁ
1467 810 1701 878 γεννήσας
1727 807 1884 860 αὐτόν.

302 893 425 948 Θεὸς
461 893 555 961 γὰρ
591 893 648 945 ἂν
674 894 793 945 κατὰ
829 895 980 962 φύσιν
1013 894 1238 962 ὑπάρχων
1265 896 1289 945 ὁ
1320 894 1434 948 Υἱὸς
1474 895 1548 945 καὶ
1584 892 1658 944 διὰ
1690 894 1890 943 πολλῶν

300 975 386 1040 μὲν
436 976 603 1043 ἑτέρων
655 976 1026 1045 καταπέφανται·
1086 977 1218 1028 οὐδὲν
1264 976 1313 1027 δὲ
1364 976 1505 1040 ἧττον
1556 977 1631 1026 καὶ
1683 973 1758 1025 διὰ
1807 979 1890 1023 τοῦ
1913 990 1960 1015 10

301 1057 524 1125 δέχεσθαι
556 1057 640 1123 μὲν
666 1058 750 1113 τὰς
782 1063 876 1110 τῶν
903 1060 1050 1125 ἁγίων
1074 1058 1226 1126 εὐχὰς,
1252 1063 1474 1126 χορηγεῖν
1501 1058 1547 1109 δὲ
1583 1059 1736 1110 αὐτοῖς
1771 1053 1890 1120 ἅπερ

256 1150 283 1191 d
303 1139 359 1192 ἂν
386 1144 553 1192 αἰτοῖεν
581 1143 655 1192 καὶ
681 1142 952 1203 βούλοιντο.
1008 1146 1109 1195 πῶς
1143 1142 1225 1192 οὖν
1251 1143 1332 1192 οὐκ
1357 1140 1414 1191 ἂν
1441 1143 1465 1191 ὁ
1496 1139 1665 1205 Πατὴρ
1691 1141 1739 1189 ἐν
1766 1138 1891 1204 αὐτῷ

301 1221 573 1292 δοξάζοιτος
609 1223 772 1290 ὥσπερ
798 1223 891 1290 γὰρ
919 1226 992 1274 καὶ
1021 1223 1208 1277 εἰκότως
1235 1223 1292 1274 ἂν
1321 1223 1605 1290 κατεψέχθη,
1624 1226 1747 1272 Θεοῦ
1773 1218 1892 1270 κατὰ

302 1306 453 1373 φύσιν
493 1307 576 1357 οὐκ
620 1305 756 1359 ὄντος
801 1312 886 1357 τοῦ
930 1306 1250 1372 προελθόντος
1294 1306 1350 1375 ἐξ
1398 1307 1540 1356 αὐτοῦ
1584 1302 1887 1370 γεννήματος·

301 1390 448 1442 οὕτως
473 1388 608 1439 ε”σται
634 1387 760 1439 πολὺ
787 1390 896 1439 λίαν
923 1389 1129 1452 εὐκλεὴς,
1157 1388 1278 1439 Θεὸν
1305 1389 1425 1455 ἔχων
1451 1386 1694 1451 ἀληθινὸν,
1722 1386 1798 1436 καὶ
1831 1383 1891 1435 τὰ
1914 1402 1960 1437 1ο

300 1469 457 1520 πάντα
485 1470 711 1538 ἰσχύοντα
738 1473 853 1537 δρᾶν
879 1495 926 1521 τε
963 1473 1080 1533 ὁμοῦ
1116 1473 1192 1521 καὶ
1226 1470 1395 1537 ἑτέροις
1423 1469 1710 1537 χαρίζεσθαι,
1735 1466 1817 1518 τὸν
1841 1468 1890 1517 ἐκ

300 1554 382 1615 τῆς
410 1553 575 1606 οὐσίας
601 1553 742 1603 αὐτοῦ
768 1551 1067 1618 προελθόντα
1095 1551 1290 1617 καρπόν.

376 1638 433 1685 Εἰ
461 1633 509 1684 δὲ
544 1639 605 1688 εἷς
642 1634 788 1703 δόξαν
814 1635 1042 1685 συντείνει
1069 1640 1150 1685 τοῦ
1180 1633 1371 1701 Πατρὸς
1402 1633 1456 1684 τὸ
1492 1635 1540 1684 ἐν
1567 1636 1662 1686 τοῖς
1690 1636 1888 1697 θεοπρε-

299 1717 440 1768 πέσιν
479 1717 749 1786 ἀξιώμασιν
788 1718 991 1782 ὁρᾶσθαι
1029 1715 1112 1767 τὸν
1145 1716 1276 1779 Υὶὸν,
1314 1721 1446 1768 ποῖος
1484 1721 1567 1766 τοῦ
1607 1712 1890 1779 κολάζεσθαι

263 1797 446 1864 θλόγος
502 1799 727 1867 ἐξελεῖται
783 1798 865 1849 τὸν
916 1798 1158 1864 αἱρετικὸν,
1212 1798 1541 1865 ἀναισχύντοις
1600 1796 1890 1864 δυσφημίαις
1913 1815 1961 1839 20

300 1881 693 1946 κατασμικρύνειν
720 1880 861 1931 αὐτὸν
885 1879 1198 1946 πολυτρόπως
1224 1881 1277 1931 οὐ
1302 1881 1675 1940 καταδείσαντα,
1718 1880 1807 1944 ἐρῶ
1840 1877 1889 1927 δὲ

299 1962 418 2029 πρὸς
456 1963 635 2017 τούτοις
674 1964 843 2029 ἕτερον,
876 1967 976 2016 ταῖς
1014 1962 1198 2013 ἐκείνων
1231 1963 1552 2014 ἀπαιδευσίαις
1591 1962 1644 2011 οὐ
1679 1960 1889 2025 μετρίως,

302 2047 363 2098 ὡς
399 2047 587 2114 ἐγῷμαι,
618 2045 901 2112 μαχόμενον.
966 2048 1003 2094 εἰ
1039 2044 1132 2110 γὰρ
1167 2043 1396 2111 εὐχόμεθα
1432 2048 1497 2113 τῷ
1528 2044 1629 2112 Υὶῷ
1669 2043 1742 2092 καὶ
1778 2042 1888 2108 παρ’

301 2127 443 2177 αὐτοῦ
496 2133 693 2190 ητοῦμεν
719 2127 777 2177 τὰ
800 2126 1048 2190 αἰτήματα,
1076 2128 1149 2176 καὶ
1177 2124 1316 2179 αὐτὸς
1348 2125 1523 2176 διδόναι
1555 2122 1884 2189 κατεπαγγέλ-

301 2215 446 2271 λεται,
476 2214 577 2262 πῶς
617 2210 699 2259 οὐκ
738 2207 795 2258 ἂν
831 2209 899 2272 ε’ίη
940 2208 1084 2275 φύσει
1124 2207 1246 2261 Θεὸς
1286 2210 1361 2258 καὶ
1400 2209 1449 2257 ἐκ
1485 2211 1610 2258 Θεοῦ
1648 2212 1731 2256 τοῦ
1770 2205 1889 2256 κατὰ
1911 2222 1958 2260 25

302 2292 452 2356 φύσιν
492 2290 864 2356 γεγεννημε’νος;
921 2293 957 2339 εἰ
1004 2289 1097 2355 γὰρ
1138 2288 1202 2352 μὴ
1249 2291 1395 2342 οὕτως
1441 2289 1560 2356 ἔχειν
1605 2288 1887 2351 ὑπολαμβά-

303 2394 465 2422 νουσιν
491 2370 646 2434 αὐτὸν,
673 2370 870 2437 γενητὸν
896 2370 944 2422 δὲ
971 2368 1083 2421 εἶναι
1110 2371 1320 2436 λέγουσι,
1343 2370 1460 2421 κατὰ
1487 2370 1535 2420 τί
1557 2371 1795 2432 διοίσομεν
1824 2370 1889 2420 ε”τι

83 2464 170 2498 805
187 2463 236 2497 Α-
264 2457 397 2504 arcina
432 2453 811 2517 ἐπικαλουμένων
845 2452 928 2504 τὸν
964 2453 1100 2516 ἥλιον
1130 2451 1158 2517 ὴ
1199 2451 1280 2503 τὸν
1320 2451 1517 2519 οὐρανὸν
1556 2452 1701 2517 ἤγουν
1733 2451 1889 2518 ἕτερόν

302 2558 346 2586 τι
394 2540 489 2586 τῶν
527 2535 832 2598 κτισμάτων,
890 2539 926 2585 εἰ
973 2534 1066 2600 γὰρ
1117 2536 1192 2585 καὶ
1241 2534 1435 2603 σφόδρα
1487 2534 1758 2599 κακούργως
1807 2536 1890 2596 τῆς

302 2620 479 2668 ἑαυτῶν
527 2617 724 2683 ἀλογίας
777 2617 831 2668 τὸ
888 2616 1095 2671 ἀκαλλὲς
1152 2616 1521 2679 δυσωπούμενοι,
1574 2616 1752 2677 κτίσμα
1806 2615 1890 2678 μὲν
1910 2632 1960 2667 30

303 2699 530 2764 λέγουσιν
566 2699 707 2750 αὐτὸν
742 2701 790 2749 ἐν
825 2699 916 2767 ’ίσῳ
954 2704 1050 2752 τοῖς
1088 2698 1258 2751 ἄλλοις
1296 2699 1568 2763 κτίσμασιν,
1603 2698 1891 2763 ἀσύγκριτον

354 2902 382 2924 1.
409 2890 586 2934 αἰτήσηται
605 2891 646 2924 Ε.
816 2889 847 2923 6,
875 2890 1083 2934 θεοπρεποῦς
1103 2889 1194 2923 Catt.
1212 2889 1410 2934 πρεπούσης
1429 2889 1495 2924 Ed.
1668 2899 1720 2922 10.
1748 2888 1890 2922 καταπέ-

302 2938 409 2981 φιιται
430 2938 469 2971 E.
613 2948 669 2981 31.
697 2935 748 2981 ἐν]
772 2936 1022 2981 Legendumne
1040 2937 1098 2970 οὐκ
1117 2937 1177 2970 ἐνὲ
