2037 3266
326 119 410 160 492
728 122 778 162 B.
811 122 1086 164 CYRILLI
1128 124 1511 166 ALEXANDR.
1744 122 1913 162 xiv.21.

326 229 412 295 οὐχ
451 229 620 295 ἑτέροις
659 231 783 282 ἑλεῖν
821 231 907 296 τὴν
946 234 1092 287 οὕτως
1131 234 1421 300 ἀσύγκριτον
1456 233 1646 302 ἐξέσται
1684 231 1835 299 χάριν,
1877 233 1915 280 εὶ

326 310 390 374 μὴ
442 315 538 365 τοῖς
591 312 765 378 ἄριστα
812 314 977 381 διαζῆν
1021 316 1272 379 ἑλομένοις·
1329 317 1455 367 οὗτοι
1499 314 1593 382 γὰρ
1636 314 1694 365 ἂν
1739 312 1827 364 εἶεν
1872 314 1914 362 οἱ

326 396 600 459 ἀγαπῶντες
640 395 794 447 αὐτόν.
864 401 901 446 εἱ
946 396 1039 462 γὰρ
1083 401 1157 448 καὶ
1202 399 1261 449 τὰ
1302 398 1494 450 πάντων
1533 396 1676 465 τυχὸν
1715 395 1914 462 διεγείρῃ

107 490 190 525 827
204 489 255 524 A.
287 476 529 538 εισώματα
570 477 799 543 Χριστὸς,
840 479 1197 543 ἀναστήσονται
1238 480 1331 547 γὰρ
1372 483 1566 547 πονηροὶ
1608 482 1682 530 καὶ
1724 481 1910 544 ἀγαθοὶ,

103 1285 209 1325 Supra

103 1329 149 1359 iii.
170 1328 219 1368 36.

113 2453 125 2474 1
141 2443 214 2474 Cor.

109 2487 177 2518 xiii.
192 2495 241 2517 10.

1550 562 1567 579 §X

327 559 437 608 ἀλλ’
482 560 568 626 οὐχ
621 557 803 610 ἅπασιν
854 561 1131 628 ἀδιακρίτως
1180 562 1299 629 πρὸς
1349 562 1495 632 δόξαν
1545 587 1574 627 η
1625 560 1811 629 τρυφὴν
1859 558 1956 610 τὸ5

327 641 586 699 ἀναβιῶναι
629 640 898 704 δοθήσεται.
967 642 1213 708 πρόδηλον
1253 644 1347 711 γὰρ
1397 645 1467 695 ὅτι
1518 649 1559 695 οὶ
1602 643 1686 708 μὲν
1730 644 1804 694 ἐπὶ
1849 645 1916 710 τῷ

326 721 612 787 κολάζεσθαι
643 721 788 784 μόνον
816 723 1046 785 λαβόντες
1081 724 1168 790 τὴν
1194 726 1477 789 ἀνάστασιν,
1504 724 1706 777 θανάτου
1740 722 1915 776 παντὸς

327 804 653 869 ἀπηνεστέραν
680 805 843 874 ἕξουσι
870 805 956 870 τὴν
983 807 1118 874 ζωὴν,
1146 811 1188 858 οἱ
1221 808 1268 859 δὲ
1302 808 1508 876 μακροὺς
1535 810 1582 858 ἐν
1608 804 1916 872 μακαριότητι

325 887 566 952 τρίβοντες
609 886 821 954 χρόνους,
858 887 1088 954 ζήσουσιν
1127 889 1273 944 ὅντως
1314 890 1399 955 τὴν
1436 893 1484 942 ἐν
1515 893 1716 958 Χριστῷ
1758 887 1910 940 πολύ-

327 967 490 1018 ευκτόν
524 991 574 1019 τε
615 972 690 1020 καὶ
730 970 870 1034 ἁγίαν
909 969 1046 1036 ζωήν.
1107 972 1178 1023 ὅτι
1216 971 1308 1040 γὰρ
1348 977 1389 1024 οἱ
1427 972 1513 1038 τὴν
1548 973 1622 1023 ἐπὶ
1660 975 1727 1040 τῷ
1765 968 1911 1020 κολά-
1939 993 1987 1018 10

328 1048 492 1114 ζεσθαι
548 1054 720 1119 ψῆφον
771 1054 1138 1120 ἀποκομίζεσθαι
1196 1055 1456 1117 μέλλοντες
1511 1054 1642 1120 παρὰ
1697 1057 1916 1119 Χριστοῦ

329 1131 448 1182 κατὰ
487 1131 569 1183 τὸν
603 1134 765 1200 καιρὸν
797 1137 880 1198 τῆς
920 1137 1133 1202 κρίσεως,
1160 1138 1382 1202 ἄγευστοι
1417 1143 1611 1201 μενοῦσι
1645 1138 1726 1199 τῆς
1761 1157 1914 1198 μακα-

283 1226 309 1267 b
328 1215 431 1280 ριάς
458 1214 589 1281 ζωῆς,
617 1217 766 1266 καίτοι
799 1217 954 1268 κοινὸν
980 1224 1077 1272 τοῖς
1115 1220 1265 1284 ἁγίοις
1301 1218 1354 1270 τὸ
1381 1222 1638 1280 ἀναβιῶναι
1665 1216 1914 1284 λαχόντες,

328 1300 604 1362 παραδηλοῖ
643 1299 800 1363 λέγων
843 1306 869 1328 “
896 1300 958 1350 ‘O
998 1301 1237 1352 πιστεύων
1277 1306 1339 1356 εἷς
1382 1301 1464 1352 τὸν
1503 1301 1620 1352 Υὶὸν
1663 1300 1755 1367 ε”χει
1797 1297 1918 1366 ζωὴν

329 1385 355 1407 “
383 1379 585 1430 αἰώνιον·
630 1381 654 1431 ὁ
682 1380 730 1432 δὲ
757 1383 963 1432 ἀπειθῶν
988 1386 1054 1452 τῷ
1080 1387 1180 1453 Υὶῷ
1212 1385 1293 1434 οὐκ
1329 1384 1499 1452 ὄψεται
1534 1382 1619 1448 τὴν
1646 1381 1778 1448 ζωὴν,
1805 1383 1915 1431 ἀλλ’
1941 1399 1988 1438 15

329 1468 355 1490 ‘⁶
384 1461 409 1524 ἡ
437 1461 556 1527 ὀργὴ
583 1469 666 1513 τοῦ
695 1466 819 1514 Θεοῦ
845 1469 974 1526 μενεῖ
997 1464 1067 1515 ἐπ’
1096 1465 1282 1517 αὐτόν.”
1319 1467 1458 1519 σύνες
1484 1465 1577 1532 γὰρ
1606 1466 1745 1527 ὅπως,
1771 1465 1918 1515 Καίτοι

326 1542 519 1595 πάντων
551 1549 770 1610 πονηρῶν
804 1569 853 1596 τε
892 1548 967 1597 καὶ
1007 1548 1201 1612 ἀγαθῶν
1236 1548 1599 1613 ἀναστήσεσθαι
1632 1549 1915 1614 προσδοκω-

325 1625 491 1689 μένων,
531 1626 638 1680 τοὺς
681 1626 870 1694 ἐνόχους
914 1633 1010 1682 τοῖς
1056 1632 1140 1694 τῆς
1191 1631 1425 1685 ἀπειθείας
1475 1631 1774 1696 ἐγκλήμασιν
1816 1627 1919 1679 οὐδὲ

328 1708 446 1759 ὅσον
487 1709 764 1775 ἀπαθρῆσαι
803 1709 949 1773 μόνον
988 1715 1111 1780 φησὶ
1152 1711 1238 1777 τὴν
1277 1712 1409 1779 ζωὴν,
1449 1712 1569 1779 ζωὴν
1609 1711 1723 1763 εῖναι
1764 1711 1920 1776 λε’γων

328 1790 431 1857 οὐχὶ
475 1790 662 1844 πάντως
706 1791 760 1842 τὸ
805 1795 1067 1857 ἀναστῆναι
1105 1794 1263 1857 μόνον,
1305 1796 1416 1845 ἀλλ’
1457 1795 1632 1859 ἐκείνην
1671 1792 1798 1857 οἶμαι
1844 1794 1920 1843 καὶ
1941 1816 1990 1841 20

327 1874 461 1935 μάλα
512 1872 699 1927 εἰκότως
749 1873 836 1938 τὴν
881 1877 928 1926 ἐν
973 1876 1239 1927 ἀναπαύσει
1292 1880 1367 1928 καὶ
1414 1878 1530 1945 δόξῃ
1575 1879 1650 1928 καὶ
1696 1880 1916 1942 τρυφαῖς,

290 1961 660 2018 οπνευματικαῖς
720 1956 768 2007 δὲ
825 1958 1046 2022 δηλονότι
1101 1962 1176 2010 καὶ
1228 1962 1315 2028 οὐχ
1366 1960 1557 2026 ἑτέραις.
1635 1963 1818 2028 τρυφῆς
1871 1958 1920 2010 δὲ

328 2037 503 2102 τρόπος
544 2038 870 2103 πνευματικὸς,
910 2041 937 2103 ἡ
978 2043 1135 2092 τελεία
1175 2046 1279 2107 περὶ
1320 2046 1444 2093 Θεοῦ
1486 2047 1664 2108 γνῶσις
1710 2044 1784 2092 καὶ
1827 2046 1921 2091 τῶν

329 2120 402 2170 ἐπὶ
455 2123 655 2189 Χριστῷ
705 2124 980 2187 μυστηρίων
1032 2124 1060 2187 ἡ
1113 2124 1309 2190 ἀκριβὴς
1365 2124 1685 2192 ἀποκάλυψις,
1738 2125 1821 2174 οὐκ
1873 2126 1921 2174 ἐν

329 2200 549 2271 ἐσόπτρῳ
576 2203 724 2254 πάλιν
751 2206 827 2253 καὶ
853 2206 900 2254 ἐν
927 2205 1189 2269 αἰνίγμασι,
1219 2206 1431 2271 καθάπερ
1467 2210 1542 2256 καὶ
1579 2212 1661 2256 νῦν
1688 2204 1921 2271 ἀμυδροὺς
1942 2222 1990 2260 25

330 2283 440 2345 ἡμῖν
485 2288 580 2334 τῶν
623 2283 914 2349 ζητουμένων
955 2285 1062 2339 τοὺς
1106 2291 1407 2353 χαρακτῆρας
1457 2287 1768 2356 ἐμφαίνουσα,
1807 2286 1918 2337 ἀλλ’

333 2364 423 2428 ὅλη
464 2369 680 2431 καθαρῶς
719 2368 766 2416 ἐν
805 2367 914 2430 ἡμῖν
953 2369 1288 2436 διαφαινομένη
1327 2392 1376 2420 τε
1416 2373 1491 2420 καὶ
1531 2368 1805 2432 λάμπουσα,
1846 2370 1921 2419 καὶ

333 2447 632 2512 τελειοτάτην
679 2450 941 2511 ἐμποιοῦσα
991 2449 1077 2512 τὴν
1123 2451 1317 2508 εἴδησιν·
1364 2451 1466 2502 “rb
1519 2450 1612 2516 γὰρ
1657 2452 1707 2501 ἐκ
1754 2450 1922 2516 με’ρους

334 2536 361 2558 “
387 2528 839 2595 καταργηθήσεται,”
858 2530 978 2582 κατὰ
1003 2531 1089 2595 τὴν
1115 2538 1197 2583 τοῦ
1227 2533 1426 2584 Παύλου
1454 2533 1630 2599 φωνήν.

287 2621 314 2661 d
385 2611 643 2662 Διδάσκων
658 2619 909 2678 τοιγαροῦν
925 2613 1047 2676 ἡμᾶς
1068 2615 1091 2664 ὁ
1113 2615 1286 2681 Κύριος
1304 2614 1631 2679 ἡμῶνἸησοῦς
1652 2615 1675 2664 ὁ
1693 2612 1919 2681 Χριστὸς,
1943 2635 1991 2671 30

333 2692 404 2742 ὅτι
439 2698 534 2746 τοῖς
569 2695 760 2759 ἀγαπᾶν
795 2695 1031 2758 ἑλομένοις
1071 2695 1213 2747 αὑτὸν
1240 2699 1315 2747 καὶ
1353 2702 1450 2751 τοῖς
1487 2701 1582 2748 τῶν
1609 2698 1745 2747 θείων
1779 2697 1921 2746 αὐτοῦ

333 2775 648 2839 κηρυγμάτων
672 2775 890 2842 ἐργάταις
929 2777 955 2840 ἡ
989 2780 1072 2840 τῆς
1109 2779 1460 2847 ἀποκαλύψεως
1496 2778 1773 2846 ὑπόσχεσις,
1802 2800 1916 2843 πρε-

380 2886 413 2918 3.
440 2875 596 2920 διεγείρει
616 2876 656 2910 E.
987 2877 1019 2912 6.
1046 2880 1092 2924 τῷ
1112 2878 1153 2913 Ε.
1171 2879 1209 2912 τὸ
1229 2878 1295 2912 Ed.
1634 2890 1687 2922 14.
1714 2880 1732 2912 ὁ
1750 2877 1861 2923 λέγων
1879 2878 1921 2912 Ε.

335 2930 390 2965 25.
417 2921 592 2967 αἰνίγμασι
616 2923 656 2958 Ε.
675 2923 844 2969 αἰνίγματι
865 2923 932 2959 Ed.
1077 2936 1133 2970 30.
1161 2926 1310 2961 διδάσκω
1331 2925 1372 2961 Ε.
