2022 3272
112 144 213 186 xvii.
240 148 388 203 18‚19.
437 149 508 190 IN
552 149 595 190 S.
629 147 969 189 JOANNEM.
1034 147 1159 188 LIB.
1194 147 1271 187 XI.
1335 146 1469 188 CAP.
1493 147 1545 188 X.
1620 147 1701 186 727

112 256 399 320 βαπτιστής·
453 255 584 323 ἅγιος
622 257 713 354 γὰρ
752 256 809 322 ἧν
850 259 926 307 καὶ
965 257 1013 306 ἐν
1051 255 1241 325 ἐμβρύω
1279 257 1354 306 καὶ
1395 256 1568 323 μήτρα.
1625 255 1700 304 καὶ
1720 260 1745 301 b

114 342 232 400 γοῦν
271 338 457 404 ἐλεγετο
495 338 613 405 πρὸς
651 339 736 403 τὴν
761 338 996 404 μακαρίαν
1021 337 1252 403 παρθενον
1291 344 1318 366 “
1339 342 1533 400 Πνεῦμα
1565 336 1701 401 ἅγιον
1763 351 1794 382 S
1812 350 1892 381 luc.
1908 349 1928 381 i.

116 424 144 446 “
171 419 472 471 ἐπελεύσεται
505 422 579 472 ε’πι
611 420 689 484 σὲ,
719 423 795 471 καὶ
821 419 1013 483 δύναμις
1041 420 1252 488 ὑψιστου
1278 417 1546 470 επισκιάσει
1573 437 1669 468 σοι·
1674 418 1698 433 ”

1765 403 1816 434 35-

117 500 248 550 ἀλλα
274 500 456 552 δεδοται
481 526 566 566 μεν
592 507 654 556 εἷς
680 507 877 567 σημεῖον
902 504 969 570 τῷ
994 503 1241 567 βαπτιστῇ
1267 499 1321 551 τὸ
1351 500 1515 562 θεαμα.
1562 507 1698 564 λογι-

74 593 96 631 5
118 581 288 647 ζόμεθα
315 583 353 632 δ’
382 585 464 634 οὖν
490 583 615 648 ὅμως
654 583 882 650 ἡγιάσθαι
920 606 968 634 τε
1007 582 1093 647 τὴν
1126 581 1286 649 σάρκα
1324 581 1400 633 διὰ
1439 587 1522 632 τοῦ
1551 580 1702 631 Πνεύ-

117 687 277 727 ματος,
305 667 412 716 καθ’
442 665 693 730 ὁμοιότητα
718 668 800 730 τῆς
825 666 980 730 ἄλλης
1012 665 1209 718 κτίσεως
1246 663 1329 714 τὸν
1357 663 1474 714 ἰ’διον
1499 664 1547 713 ἐν
1580 663 1706 729 αὐτῷ

118 748 452 814 καταχρίοντος
497 747 609 799 ναὸν
648 754 731 799 τοῦ
773 746 892 798 κατὰ
938 746 1089 815 φύσιν
1131 746 1267 812 ἁγίου
1308 747 1383 797 καὶ
1424 747 1474 796 ἐκ
1515 742 1708 809 Πατρὸς

119 827 254 883 ὄντος
286 828 461 894 Λόγου·
517 832 593 881 καὶ
634 836 772 881 τοῦτο
813 829 943 883 εἰδὼς
985 830 1009 878 ὁ
1040 827 1254 898 μελῳδὸς
1291 827 1534 896 ἀνεφώνει,
1567 825 1621 877 τὸ
1661 826 1708 874 ἐν

120 910 446 975 ἀνθρωπότητι
473 912 737 979 πρόσωπον
763 911 1098 977 ἀναθεωρήσας
1124 915 1208 961 τοῦ
1237 913 1539 975 Μονογενοῦς
1565 914 1592 936 “
1612 906 1709 958 Διά
1772 915 1916 946 l'S-Xliv·

122 998 149 1021 “
175 998 312 1043 τοῦτο
351 993 515 1060 ε”χρισέ
548 1017 607 1044 σε
643 995 667 1044 ὁ
695 993 816 1047 Θεὸς
843 994 867 1044 ὁ
894 991 1016 1046 Θεός
1052 1015 1144 1043 σου
1182 990 1343 1042 ἐ’λαιον
1370 989 1710 1056 ἀγαλλιάσεως

123 1080 150 1104 “
175 1074 305 1141 παρὰ
336 1075 444 1130 τοὺς
474 1075 699 1143 μετόχους
724 1076 857 1127 σου.”
896 1075 1232 1141 καταχριόντος
1258 1072 1351 1139 γὰρ
1377 1078 1460 1123 τοῦ
1485 1075 1602 1122 Υἱοῦ
1628 1069 1710 1122 τὸν
1728 1096 1750 1124 e

122 1155 238 1207 ἰ’διον
274 1156 400 1219 ναὸν,
434 1158 459 1208 ὁ
496 1157 666 1225 Πατὴρ
705 1157 892 1223 λέγεται
927 1162 1066 1207 τοῦτο
1106 1159 1236 1222 δρᾶν.
1285 1157 1464 1221 ἐνεργεῖ
1493 1152 1588 1220 γὰρ
1624 1153 1712 1220 οὐχ

124 1237 287 1305 ἑτέρως
318 1238 347 1304 ἢ
380 1240 435 1290 δι’
464 1243 599 1291 Υἱοῦ.
647 1239 928 1308 ἀναφέρεται
967 1236 1016 1288 δὲ
1053 1242 1148 1289 πᾶν
1185 1236 1300 1302 ὅπερ
1334 1234 1392 1287 ἂν
1431 1235 1648 1302 δράσειεν
1687 1235 1712 1285 ὁ

124 1320 239 1374 Υἱὸς
272 1325 334 1375 εἰς
375 1320 458 1372 τὸν
493 1322 550 1391 ἐξ
586 1320 728 1388 οὗπέρ
763 1324 867 1372 ἐστι
901 1319 1110 1386 Πατέρα·
1166 1318 1268 1386 ῥίζα
1309 1317 1403 1385 γὰρ
1441 1315 1606 1384 ὥσπερ
1644 1339 1714 1370 τις

60 1413 106 1453 15
125 1404 228 1454 ε’στῖ
254 1405 328 1454 καὶ
353 1403 484 1469 πηγὴ
509 1410 592 1455 τοῦ
620 1404 734 1455 ἰδίου
758 1402 1047 1470 γεννήματος
1074 1403 1098 1452 ὁ
1128 1400 1315 1467 Πατήρ.

202 1485 498 1549 Θαυμαστὸν
541 1485 589 1537 δὲ
630 1484 775 1548 οὐδὲν,
816 1489 853 1536 εἰ
895 1487 971 1535 καὶ
1013 1482 1294 1550 ἁγιάζεσθαί
1337 1485 1490 1549 φησιν
1535 1479 1714 1542 ἑαυτὸν,

127 1568 274 1618 καίτοι
295 1567 414 1618 κατὰ
441 1567 591 1637 φύσιν
616 1566 748 1634 ἅγιος
773 1566 854 1626 ὢν,
883 1566 959 1618 ὅτε
986 1568 1061 1617 καὶ
1090 1564 1216 1616 Θεὸν
1243 1564 1386 1615 αὑτοῦ
1411 1562 1494 1614 τὸν
1521 1561 1712 1628 Πατέρα

127 1655 360 1700 καλοῦσιν
398 1653 445 1701 αἱ
478 1651 674 1719 γραφαὶ,
702 1649 848 1700 καίτοι
889 1647 1010 1699 κατὰ
1048 1646 1198 1716 φύσιν
1232 1645 1366 1699 ὄντος
1406 1648 1547 1696 Θεοῦ.
1600 1644 1711 1694 ἀλλ’

128 1729 256 1796 οἶμαι
299 1733 432 1783 ταυτὶ
475 1736 575 1785 ταῖς
618 1734 701 1795 τῆς
746 1729 1111 1797 ἀνθρωπότητος
1156 1727 1331 1795 χρείαις
1375 1728 1452 1777 καὶ
1495 1727 1562 1795 τῷ
1605 1726 1711 1776 καθ’

61 1825 110 1850 ²0
131 1813 251 1877 ἡμᾶς
286 1813 512 1879 πρέποντι
551 1812 764 1880 σχήματι
798 1816 956 1866 καλῶς
991 1812 1066 1861 καὶ
1102 1810 1289 1863 δικαίως
1327 1808 1518 1872 ἀναθείη
1550 1830 1619 1860 τις
1642 1805 1716 1868 ἂν,

131 1897 206 1945 καὶ
232 1895 315 1945 οὐκ
339 1894 397 1944 ἂν
423 1893 622 1961 ἁμάρτοι
653 1899 737 1945 τοῦ
759 1893 1036 1960 πρέποντος.
1071 1889 1236 1957 ὥσπερ
1262 1891 1344 1941 οὖν
1370 1888 1572 1940 ἀπέθανε
1598 1886 1716 1939 κατὰ
1736 1898 1765 1940 (1

131 1976 290 2042 σάρκα
316 1975 432 2043 ὑπὲρ
458 1977 603 2040 ἡμῶν,
630 1978 691 2029 ὡς
717 1976 979 2042 ἅνθρωπος,
998 1975 1148 2024 καίτοι
1174 1971 1293 2023 κατὰ
1314 1971 1466 2040 φύσιν
1493 1968 1718 2037 ὑπάρχων

133 2060 195 2113 ὡς
222 2058 358 2112 Θεός·
407 2060 482 2109 καὶ
516 2056 678 2124 ὥσπερ
705 2059 753 2108 ἐν
777 2062 873 2110 τοῖς
910 2054 1135 2122 γεγονόσι
1175 2056 1250 2105 καὶ
1278 2052 1367 2105 ὑπὸ
1395 2050 1534 2118 ζυγὸν
1569 2074 1715 2102 κατα-

133 2140 413 2205 τεταγμένος
451 2139 526 2191 διᾶ
560 2139 646 2204 τὴν
684 2137 1039 2205 ἀνθρωπότητα,
1078 2136 1224 2187 καίτοι
1263 2139 1359 2186 τῶν
1398 2133 1525 2184 ὅλων
1565 2132 1720 2199 κύριος

66 2232 113 2270 25
135 2220 218 2284 ὢν,
258 2220 383 2272 Θεὸν
415 2222 579 2272 ἑαυτοῦ
613 2219 696 2272 τὸν
724 2219 913 2286 Πατέρα
940 2219 1108 2288 φησίν·
1159 2218 1281 2268 οὕτω
1313 2216 1368 2266 δι’
1404 2215 1524 2278 ἡμᾶς
1557 2212 1722 2265 ἑαυτὸν

105 2347 107 2351 .
135 2302 346 2373 ἀγιάζειν
371 2302 712 2370 διισχυρίζεται,
739 2302 815 2354 ἵνα
845 2303 919 2353 καὶ
945 2305 1006 2354 εἰς
1032 2300 1153 2364 ἡμᾶς
1187 2296 1448 2365 δραμόντος
1482 2301 1565 2347 τοῦ
1596 2294 1719 2361 πρά-

135 2408 328 2451 γματος,
365 2387 427 2439 ὡς
463 2386 512 2435 ἐν·
545 2385 736 2452 ἀπαρχῇ
771 2386 853 2447 τῆς
889 2380 1224 2446 ἀνανεουμένης
1262 2380 1473 2450 φύσεως,
1511 2379 1559 2428 ἐν
1597 2377 1722 2444 αὐτῷ

137 2468 212 2517 καὶ
247 2467 377 2531 ἡμεῖς
412 2464 535 2530 ὦμεν
573 2464 833 2534 ἡγιασμένοι
870 2465 907 2516 ἐν
949 2462 1145 2534 ἀληθείᾳ,
1182 2462 1447 2522 τουτέστιν,
1489 2461 1536 2510 ἐν
1572 2458 1723 2526 Ἀγίῳ

140 2548 395 2612 Πνεύματι.
468 2547 522 2599 τὸ
574 2546 667 2614 γὰρ
713 2545 907 2610 Πνεῦμά
958 2547 1092 2596 ἐστιν
1135 2544 1163 2608 ἡ
1209 2542 1420 2607 ἀλήθεια,
1465 2539 1585 2591 κατὰ
1635 2537 1722 2601 τὴν
1787 2562 1946 2593 1550a11.

69 2655 119 2691 30
137 2629 356 2681 Ἰωάννου
383 2629 564 2698 φωνήν·
620 2629 674 2680 οὐ
712 2651 804 2696 γαρ
842 2629 999 2694 ἕτερον
1036 2625 1167 2692 παρὰ
1192 2624 1274 2676 τὸν
1299 2621 1416 2675 Υἱὸν
1445 2621 1498 2673 τὸ
1527 2625 1720 2684 Πνεῦμα
1783 2605 1860 2637 x.6.

139 2713 294 2774 αυτοῦ,
321 2709 439 2762 κατά
472 2734 524 2777 γε
559 2710 641 2761 τὸν
671 2712 719 2761 ἐν
753 2709 892 2760 οὐσία
931 2706 1094 2774 λόγον,
1122 2704 1202 2758 ἅτε
1237 2705 1293 2770 δὴ
1326 2728 1401 2757 και
1433 2705 1480 2754 ἐν
1513 2704 1638 2772 αὐτῶ
1673 2724 1722 2752 τε

141 2793 352 2862 ὑπάρχον
378 2816 452 2845 Καί
479 2793 533 2844 δι
563 2793 704 2843 αυΤΟῦ
730 2813 908 2857 7rp0tov.

781 2942 813 2972 4.
839 2930 884 2975 τῴ
903 2940 965 2974 pro
984 2928 1022 2962 τὸ
1041 2927 1082 2961 E.
