2016 3246
305 133 388 173 124
704 129 755 170 B.
789 127 1062 169 CYRILLI
1104 123 1482 166 ALEXANDR.
1629 119 1716 161 viii.
1734 128 1804 172 54,
1821 126 1889 171 55·

305 249 332 270 ‘⁶
360 239 546 309 δοξάσῃ
585 239 683 290 σε.”
731 238 898 288 οὐκοῦν
937 237 965 300 ἡ
1004 235 1088 300 μὲν
1127 234 1379 300 ἀνθρώπου
1417 229 1536 299 δόξα
1572 227 1627 280 τὸ
1665 224 1891 292 παράπαν

308 321 453 373 οὐδέν.
506 319 667 372 πίπτει
692 318 786 386 γὰρ
810 318 864 370 τὸ
890 318 984 369 ἀπὸ
1011 320 1100 383 γῆς
1127 320 1189 369 εἰς
1215 314 1433 376 θάνατον,
1461 314 1535 364 καὶ
1561 308 1681 361 κατὰ
1712 305 1806 373 γὰρ
1838 303 1891 356 τὸ

309 409 465 468 σῶμα,
493 407 530 454 εἰ
567 405 642 453 καὶ
678 400 1017 463 ἀναστήσεται.
1072 396 1316 466 δοξάζεται
1351 396 1434 459 μέν
1465 417 1520 460 γε
1556 395 1580 443 ὁ
1614 386 1893 454 Μονογενὴς

310 484 440 551 παρὰ
477 490 561 536 τοῦ
600 485 716 535 ἰδίου
756 482 1049 548 γεννήτορος,
1085 483 1147 534 ὡς
1185 477 1302 542 μετὰ
1338 482 1434 528 τῶν
1473 476 1639 526 ἄλλων
1672 471 1894 522 ἁπάντων

273 570 504 634 οάγαθῶν
536 568 612 617 καὶ
645 565 699 616 τὸ
732 565 849 615 ’ίδιον
875 562 996 631 ἔχων
1020 566 1103 626 τῆς
1138 562 1302 614 οὐσίας
1337 560 1496 610 αὐτοῦ·
1540 555 1633 619 ὅση
1669 552 1717 605 δὲ
1751 553 1893 603 αὐτοῦ

311 649 430 715 πρὸς
465 653 630 699 πᾶσαν
655 645 740 710 τὴν
767 645 975 708 κτίσινὴ
1012 642 1229 712 διαφορὰ,
1257 644 1332 693 καὶ
1367 642 1391 691 ὁ
1424 638 1650 704 μακάριος
1683 632 1896 702 μελῳδὸς

90 728 144 758 Ps.
161 727 199 758 ci.

94 778 144 810 27,
166 771 214 800 28.
313 734 375 784 ὡς
410 732 457 780 ἐν
484 731 663 795 ὀλίγοις
690 728 1031 791 κατασημαίνει
1057 730 1185 787 βοῶν
1212 732 1238 754 “
1260 727 1324 775 Οἱ
1362 723 1548 788 οὐρανοὶ
1582 721 1892 777 ἀπολοῦνται,

314 821 340 842 “
366 812 429 863 σὺ
464 811 512 862 δὲ
547 815 786 875 διαμενεῖς“
831 811 907 860 καὶ
941 807 1112 862 πάντες
1147 810 1208 860 ὡς
1245 805 1426 870 ἱμάτιον
1453 798 1893 864 παλαιωθήσονται,

315 904 341 925 “
367 897 442 945 καὶ
470 896 584 944 ὡσεὶ
610 891 920 959 περιβόλαιον
947 889 1175 959 ἀλλάξεις
1202 886 1369 942 αὐτοὺς
1405 887 1480 937 καὶ
1510 881 1893 947 ἀλλαγήσονται·

314 986 341 1007 “
368 976 432 1027 σὺ
477 975 525 1027 δὲ
577 977 602 1025 ὁ
654 974 793 1028 αὐτὸς
843 972 893 1035 εἶ,
940 976 1016 1023 καὶ
1066 972 1126 1023 τὰ
1176 971 1254 1033 ε”τη
1305 992 1397 1020 σου
1442 968 1524 1018 οὐκ
1569 959 1897 1032 ἐκλείψουσι.”

319 1057 534 1128 φθαρτὸν
570 1056 663 1122 γὰρ
701 1061 796 1106 πᾶν
834 1055 888 1106 τὸ
926 1053 1119 1119 ποιηθὲν
1157 1055 1231 1103 καὶ
1271 1056 1307 1102 εἷ
1345 1050 1488 1115 μήπω
1528 1048 1805 1114 διέφθαρται
1842 1047 1900 1110 τῇ

94 1145 184 1181 580
200 1145 251 1180 Α·
281 1140 421 1208 αθεία
451 1138 685 1202 βουλήσει
718 1136 836 1203 πρὸς
871 1142 1008 1187 τοῦτο
1044 1134 1449 1200 διακρατούμενον,
1477 1131 1721 1197 ἄφθαρτος
1752 1125 1800 1176 δὲ
1827 1126 1901 1176 καὶ

318 1222 464 1275 ἀίδιος
500 1220 619 1271 κατὰ
653 1219 804 1289 φύσιν
831 1218 967 1280 Θεὸς,
995 1219 1047 1268 οὐ
1081 1222 1176 1270 τοῖς
1212 1215 1368 1281 ἑτέρου
1404 1212 1672 1276 θελήμασιν
1699 1211 1899 1273 ἀποκερ-

316 1306 487 1355 δαίνων
528 1302 641 1353 αὐτὸ
687 1300 898 1367 καθάπερ
940 1301 967 1364 ἡ
1010 1300 1176 1361 κτίσις,
1216 1300 1285 1348 ἀεὶ
1328 1296 1375 1347 δὲ
1420 1294 1644 1361 ὑπάρχων
1684 1293 1732 1343 ἐν
1773 1291 1902 1342 ἰδίοις

317 1389 526 1453 ἀγαθοῖς,
553 1387 601 1435 ἐν
627 1383 694 1438 οἶς
726 1385 829 1434 ἐστι
862 1385 937 1434 καὶ
971 1381 1024 1433 τὸ
1058 1382 1191 1432 ἴδιον.

254 1535 303 1573 55
387 1524 468 1566 “Ov
507 1522 624 1572 ὑμεῖς
663 1524 807 1570 λέΓε-ῑτε
843 1523 907 1565 ὅτι
947 1520 1055 1561 Θεὸς
1094 1519 1215 1568 ἡμῶν
1253 1519 1354 1568 ἐστι,
1393 1515 1461 1556 καὶ
1498 1514 1574 1555 οὐκ
1610 1509 1827 1559 ἐΓνὼκατε

1044 1601 1184 1642 αὐτόν.

396 1702 644 1769 Διελέγχει
670 1700 819 1752 πάλιν
845 1699 1012 1754 αὐτοὺς
1046 1701 1121 1749 καὶ
1156 1696 1288 1760 μάλα
1324 1699 1513 1763 γοργῶς
1548 1695 1609 1747 ὡς
1645 1690 1793 1755 μόνην
1819 1688 1907 1753 τὴν

322 1786 369 1835 ἐν
395 1784 590 1851 ῥήμασι,
619 1786 693 1833 καὶ
728 1788 866 1833 τοῦτο
900 1786 1080 1851 ψιλοῖς,
1107 1779 1355 1849 φιλοθεΐαν
1387 1775 1752 1841 ἐπιτηδεύοντας,
1778 1769 1907 1824 πολὺ

323 1866 370 1916 δὲ
405 1866 513 1916 λίαν
549 1865 882 1933 ἀφεστηκότας
920 1870 1003 1914 τοῦ
1042 1862 1161 1913 κατὰ
1196 1861 1422 1926 ἀλήθειαν
1453 1858 1617 1910 εἰδέναι
1652 1855 1734 1907 τὸν
1762 1853 1904 1915 Θεὸν,

275 1958 302 1998 b
323 1947 467 2011 μόνον
494 1946 542 1997 δὲ
577 1947 680 2013 οὐχὶ
712 1946 766 1996 τὸ
803 1946 878 1997 διὰ
912 1952 995 1996 τοῦ
1028 1943 1277 2014 προφήτου
1308 1939 1647 2008 διηγγελμένον
1673 1934 1903 2006 ἐπιφθέγ-

101 2043 156 2116 113⁵-
170 2042 259 2073 xxix.
324 2052 456 2096 γεται
494 2028 640 2080 πάλιν
677 2029 846 2089 αὐτοῖς,
883 2027 988 2078 τότε
1028 2026 1112 2091 μὲν
1147 2025 1240 2092 γὰρ
1279 2023 1442 2090 ἐ’λεγεν
1470 2030 1496 2052 “
1521 2020 1728 2087 Ἐγγίζει
1765 2041 1845 2082 μοι
1883 2018 1908 2068 ὁ

127 2095 155 2125 3-
325 2118 353 2140 ‘⁶
380 2110 497 2164 λαὸς
533 2111 682 2172 οὗτος,
713 2114 810 2163 τοῖς
846 2110 1059 2177 χείλεσιν
1093 2109 1246 2159 αὐτῶν
1275 2106 1454 2170 τιμῶσί
1487 2128 1559 2169 με,
1591 2104 1618 2167 ἡ
1659 2102 1706 2153 δὲ
1744 2099 1910 2166 καρδία

326 2201 353 2223 “
381 2194 535 2243 αὐτῶν
559 2192 721 2258 πὸῤῥω
748 2192 911 2258 ἀπέχει
937 2192 1014 2242 ἀπ’
1044 2189 1202 2253 ἐμοῦ·”
1249 2191 1346 2239 νυνὶ
1373 2188 1419 2238 δὲ
1446 2186 1711 2254 χρησίμως,
1742 2184 1817 2234 καὶ
1843 2184 1910 2250 τῷ

325 2275 477 2326 πάλαι
513 2273 915 2338 συνηρμοσμένους
951 2270 1005 2322 τό
1030 2275 1130 2322 Οὐκ
1159 2271 1383 2336 ἐγνώκατε
1410 2270 1534 2320 αὐτὸν
1561 2268 1794 2334 ἐπιφωνεῖ.
1835 2264 1910 2314 καὶ

328 2355 511 2420 ἀληθὴς
550 2356 574 2405 ὁ
614 2355 777 2420 λόγος·
827 2355 880 2404 οὐ
918 2353 1011 2419 γὰρ
1049 2352 1102 2403 τὸ
1145 2352 1308 2403 εἰδέναι
1346 2350 1490 2417 τυχὸν
1526 2349 1597 2399 ὅτι
1635 2348 1738 2397 ε”στι
1773 2343 1909 2407 Θεὸς,

328 2444 466 2488 τοῦτο
512 2435 568 2500 δὴ
612 2435 800 2490 πάντως
845 2437 948 2486 ἐστὶ
993 2437 1068 2485 καὶ
1112 2438 1294 2500 γνῶσιν
1339 2433 1459 2500 ἔχειν
1501 2435 1642 2482 Θεοῦ·
1703 2428 1774 2479 ὅτι
1817 2425 1912 2493 γὰρ

109 2529 227 2613 {330-
331 2520 566 2589 ὑφέστηκε
607 2521 678 2569 καὶ
720 2519 852 2569 ἔστιν
885 2519 909 2568 ὁ
943 2517 1079 2580 Θεὸς,
1107 2518 1228 2568 ίςκαὶ
1266 2514 1323 2566 τὰ
1363 2512 1576 2578 δαιμόνια
1615 2510 1911 2572 πιστεύουσι,

379 2643 411 2676 8.
438 2642 602 2683 διαμενεῖς
622 2641 663 2674 Β.
683 2640 849 2685 διαμένεις
868 2640 987 2674 Holst.
1006 2639 1073 2673 Ed.
1216 2650 1249 2684 9.
1275 2639 1438 2681 ἀλλάξεις
1457 2637 1512 2678 Β.,
1532 2636 1592 2670 sed
1610 2636 1655 2670 cf.
1674 2647 1781 2680 supra
1797 2643 1860 2677 541
1877 2634 1912 2668 d.

332 2689 454 2732 ἑλίξεις
475 2688 536 2722 Ht.
557 2688 623 2721 Ed.
755 2699 767 2720 Ι
780 2698 807 2727 Ι,
830 2698 883 2721 12.
909 2687 1064 2731 φθαρτὸν
1080 2685 1475 2732 γὰρ-διακρατοῦμενον
1494 2684 1575 2717 citat
1593 2683 1748 2717 collectio
1767 2681 1913 2715 Patrum

332 2735 614 2768 testimoniorum
642 2734 780 2779 Syriace
806 2734 841 2767 in
869 2734 966 2768 Mus.
995 2733 1082 2766 Brit.
1109 2739 1323 2766 conservata.
1351 2731 1484 2776 [Codd.
1501 2729 1595 2764 Add.
1617 2738 1740 2774 14532,
1765 2729 1825 2762 fol.
1844 2727 1910 2768 613

337 2791 460 2825 14533‚
478 2781 538 2815 fol.
557 2781 601 2824 65
619 2793 661 2821 v;
692 2790 816 2825 12155‚
835 2780 894 2814 fol.
914 2778 986 2825 74]
1006 2780 1051 2813 cf.
1071 2791 1177 2823 supra
1194 2779 1299 2824 hujus
1316 2778 1506 2812 voluminis
1524 2786 1626 2822 p.47.
1752 2786 1804 2808 12.
1829 2776 1912 2813 βου-

333 2826 451 2871 λήσει]
473 2832 494 2845 “
509 2828 657 2872 gratia.”
680 2826 757 2871 Syr.
920 2827 973 2860 16.
999 2826 1091 2870 ἡμῶν
1110 2826 1150 2860 Β.
1169 2826 1259 2869 ὑμῶν
1280 2825 1343 2859 Ht.
1364 2824 1431 2858 Ed.
1593 2823 1646 2856 18.
1671 2821 1774 2855 πάλιν
1791 2820 1913 2855 αὐτοὺς

333 2872 400 2905 hoc
417 2873 538 2906 ordine
558 2874 599 2907 B.
651 2873 777 2907 Statim
797 2873 848 2906 καὶ
867 2874 958 2916 μάλα
974 2876 1107 2918 γοργῶς
1124 2878 1347 2917 assumptum
1365 2883 1406 2905 ex
1427 2871 1468 2904 Β.
1596 2880 1649 2913 19.
1675 2867 1764 2902 πολὺ
1782 2867 1818 2901 δὲ
1835 2867 1913 2901 λίαν

334 2918 569 2962 ἀφεστηκότας
587 2925 766 2964 assumpta
784 2932 825 2953 ex
845 2919 887 2953 B.

1920 976 1969 1003 10

1927 1880 1978 1907 20
