1971 3272
108 141 190 182 viii.
212 143 279 194 48.
482 147 554 186 IN
598 147 639 188 S.
675 148 1012 191 JOANNEM.
1078 152 1200 192 12113.
1230 154 1301 194 x'l.
1613 160 1689 198 107

105 251 206 301 ἀντὶ
235 258 314 302 τοῦ
340 257 691 319 συγκατανεύει,
718 259 924 309 πείθεται
951 262 1026 310 καὶ
1061 265 1123 314 εἱς
1158 267 1268 311 νοῦν
1294 263 1581 329 ἀποκρύπτει
1607 264 1689 314 τὸν
1709 286 1729 310 e

102 332 278 395 ἑαυτοῦ,
323 334 442 386 κατὰ
487 337 541 388 τὸ
585 339 827 405 εἰρημένον
871 343 920 390 ἐν
964 342 1125 411 βίβλῳ
1169 349 1432 409 παροιμιῶν
1479 346 1688 414 ((Σοφος

103 421 129 443 “
155 417 322 484 καρδίᾳ
357 418 538 486 δέξεται
573 421 816 475 ε’ντολοῖς.”
853 422 939 487 τὴν
964 423 1051 486 μὲν
1077 424 1172 492 γὰρ
1207 431 1302 476 τῶν
1327 426 1558 492 ἀνοήτων,
1587 429 1687 493 η’τοι

101 501 488 565 καταφρονητῶν,
542 502 754 569 καθάπερ
802 527 871 557 τις
922 506 1110 570 ἄσημος
1160 506 1253 574 ἠχὴ
1304 513 1610 578 περιενεχθεὶς
1663 513 1688 561 ὁ

57 587 79 626 5
99 577 258 642 λόγος,
285 583 360 631 καὶ
386 579 551 649 ὥσπερ
577 607 647 637 τις
674 585 848 639 κτύπος
875 588 1246 656 παρενοχλήσας
1271 595 1369 658 εἰκῇ
1395 595 1688 659 παραχρῆμα

98 664 192 710 τῶν
218 661 468 723 λαβόντων
495 665 867 731 ἀπαλλάττεται,
895 669 1096 721 εἰσδύνει
1123 671 1171 722 δὲ
1199 673 1412 739 καθάπερ
1443 678 1504 728 εἰς
1539 675 1682 740 ἄρου-

95 764 185 807 ραν
219 744 382 809 εὐγενῆ
421 751 516 797 τῶν
550 753 763 800 συνετῶν
800 749 887 814 τὴν
925 753 1134 817 καρδίαν.
1187 758 1356 823 σοφῶς
1395 755 1451 820 δὴ
1490 756 1686 824 σφόδρα

96 823 178 878 τὰς
213 830 309 877 τῶν
336 828 575 880 Ἰουδαίων
606 832 829 886 ἀπονοίας
863 834 1076 901 ἐλέγχων
1103 836 1127 885 ὁ
1163 838 1351 902 Κύριος,
1377 841 1452 889 καὶ
1488 842 1679 907 δυσφη-

93 912 298 968 μοῦντας
341 910 508 975 ἀνέδην
547 913 816 977 ἐπιδεικνὺς,
857 915 964 969 τοὺς
1009 918 1175 968 ἑαυτοῦ
1217 919 1392 985 λόγους
1436 927 1518 972 τοῦ
1558 925 1684 973 Θεοῦ

29 1003 75 1028 10
95 988 270 1054 λόγους
309 989 429 1043 εἶναί
463 998 604 1061 φησι.
659 998 986 1058 μεταπαιδεύει
1025 1000 1118 1066 γάρ
1156 1024 1271 1064 πως,
1311 1007 1477 1070 φησὶν,
1517 1004 1683 1058 αὐτοὺς
1702 1030 1723 1052 a

93 1075 155 1124 εἷς
189 1071 243 1122 τὸ
280 1077 470 1141 φρονεῖν
501 1078 569 1127 ἐπ’
598 1079 723 1147 αὐτῷ
762 1078 822 1129 τὰ
859 1082 1240 1148 πρεπωδέστερα,
1267 1086 1344 1134 καὶ
1381 1085 1446 1149 μὴ
1485 1086 1684 1152 νομίζειν

91 1153 292 1224 Ἰωσὴφ,
328 1156 476 1222 ἤγουν
513 1159 671 1225 ἑτέρου
709 1160 833 1216 τινὸς
872 1167 967 1214 τῶν
1003 1165 1077 1215 ἐπὶ
1116 1168 1199 1228 τῆς
1238 1169 1338 1230 γῆς,
1375 1168 1682 1233 ἐκπεφυκέναι

93 1235 211 1286 κατὰ
251 1238 489 1302 ἀλήθειαν,
525 1243 636 1292 ἀλλ’
672 1245 721 1293 ἐκ
759 1246 842 1307 τῆς
881 1245 1046 1298 οὐσίας
1084 1252 1167 1296 τοῦ
1208 1252 1331 1298 Θεοῦ
1373 1251 1448 1299 καὶ
1490 1250 1683 1316 Πατρὸς

92 1317 217 1368 Θεὸν
265 1321 315 1370 ἐκ
365 1325 490 1372 Θεοῦ
539 1324 796 1392 πεφηνέναι
848 1327 1102 1386 πιστεύειν,
1152 1328 1176 1379 ὃ
1229 1329 1284 1393 δὴ
1336 1333 1412 1381 καὶ
1463 1332 1681 1386 συνέντες

26 1417 70 1453 15
91 1399 415 1468 ἀσχάλλουσι,
469 1407 544 1455 καὶ
597 1408 893 1474 θερμοτέροις
944 1411 1308 1478 καταφλέγουσι
1364 1418 1460 1466 τοῖς
1518 1418 1681 1477 θυμοῖς

89 1483 425 1547 προστιθέντες
470 1495 497 1516 “
523 1489 722 1551 ἀνομίαν
771 1492 846 1541 ε’πὶ
897 1491 982 1555 τὴν
1034 1493 1232 1556 ἀνομίαν
1284 1495 1514 1558 ἑαυτῶν,”
1558 1496 1681 1547 καθὰ

90 1564 365 1631 γέγραπται,
393 1569 449 1618 δι’
478 1567 543 1619 ὧν
569 1570 634 1621 ε”τι
667 1571 888 1638 μειζόνως
925 1574 1210 1640 ὑβρίζουσιν.

1695 1660 1722 1701 b

1751 1019 1837 1052 568
1852 1019 1905 1052 Α.

1745 1497 1904 1529 Ps.lxviii.

1744 1542 1794 1572 28.

143 1709 458 1767 ἈΠεκρίθΗσαν
490 1713 694 1756 Ἰουδαῖοι
734 1717 802 1757 καὶ
839 1713 960 1759 εἶπον
999 1719 1116 1773 αὐτῷ
1155 1720 1214 1760 Οὐ
1253 1721 1398 1761 καλῶς
1436 1722 1613 1770 λὲΓομΕν
1698 1731 1746 1775 48

260 1792 381 1842 ὑμεῖς
419 1797 483 1838 ὅτι
521 1797 794 1855 ΣαμαρείτΗο
833 1796 872 1841 εἶ
908 1801 955 1842 σὺ
995 1802 1062 1842 καὶ
1102 1802 1323 1851 δαιμόνιον
1361 1804 1497 1859 ἕχειο;

22 1922 69 1946 20
165 1905 539 1969 Καταθρηνῆσαι
577 1906 725 1957 πάλιν
756 1908 1021 1960 ἀκόλουθον
1051 1910 1137 1974 τὴν
1163 1915 1259 1962 τῶν
1283 1913 1524 1964 Ἰουδαίων
1551 1916 1672 1964 ἀπο-

87 1983 311 2051 πληξίαν,
339 1988 414 2036 καὶ
448 1990 532 2051 τῆς
567 1989 775 2051 εὐηθείας
810 1990 896 2054 τὴν
924 1993 1210 2058 ὑπερβολήν.
1262 2000 1362 2048 ταῖς
1401 1995 1495 2061 γὰρ
1533 2000 1678 2064 σφῶν

88 2065 240 2115 αὐτῶν
271 2067 550 2119 ἁλίσκονται
590 2075 781 2138 φωναῖς,
815 2073 1027 2140 καθάπερ
1067 2078 1107 2125 οἱ
1149 2078 1299 2142 θῆρες,
1328 2076 1404 2127 ὅτε
1443 2083 1544 2130 ταῖς
1582 2081 1678 2128 τῶν

86 2147 404 2214 σφαττόντων
439 2152 704 2215 ἐπιπηδῶσι
743 2156 922 2220 χερσὶν,
962 2157 1091 2206 αὐτοὶ
1132 2158 1240 2208 καθ’
1271 2159 1446 2209 ἑαυτῶν
1479 2158 1562 2213 τὰς
1602 2162 1677 2211 ἐπὶ

86 2230 152 2297 τῷ
203 2230 384 2300 σιδήρῳ
437 2238 687 2300 κιχρῶντες
735 2236 899 2302 ὁρμάς.
975 2239 1280 2306 ἐλεγχόμενοι
1326 2240 1420 2307 γὰρ
1465 2245 1527 2296 ὡς
1572 2243 1713 2297 ἔθοςο

21 2328 67 2366 25
87 2311 242 2365 αὐτοῖς
283 2315 358 2364 καὶ
401 2315 575 2380 μελέτη
617 2317 889 2384 σύντροφος
934 2319 987 2371 τὸ
1036 2324 1366 2388 ψευδομυθεῖν,
1407 2324 1581 2388 ἀληθὲς
1622 2324 1676 2376 ὃν

84 2397 375 2461 παραχρῆμα
411 2397 689 2462 δεικνύουσι,
721 2402 798 2451 καὶ
833 2403 1127 2468 διαπριόνται
1164 2403 1250 2467 μὲν
1281 2406 1343 2459 ὡς
1381 2407 1465 2456 οὐκ
1502 2404 1591 2457 εἶεν
1625 2409 1675 2459 ἐκ

86 2478 212 2526 Θεοῦ
262 2477 393 2544 παρὰ
441 2485 524 2530 τοῦ
568 2484 790 2547 Σωτῆρος
837 2484 1096 2538 ἀκούοντες.
1168 2485 1355 2540 οὐδενὸς
1402 2487 1450 2538 δὲ
1493 2488 1674 2558 μεταξὺ

85 2558 410 2623 διαγεγονότος
436 2561 622 2628 χρόνου,
650 2566 733 2626 τῆς
766 2570 850 2615 τοῦ
877 2565 1108 2627 διαβόλου
1135 2569 1297 2622 κακίας
1323 2570 1673 2635 ἀκριβεστάτην

84 2639 132 2689 ἐν
176 2642 353 2694 ἑαυτοῖς
397 2645 719 2711 ἀποφαίνουσι
765 2645 850 2709 τὴν
889 2646 1059 2699 εἰκόνα.
1133 2654 1416 2718 Σαμαρείτην
1457 2649 1552 2716 γὰρ
1596 2653 1672 2702 καὶ

134 2777 164 2801 1.
190 2768 443 2812 συγκατανεύει,
461 2769 611 2804 πείθεται
630 2770 706 2804 B.a.
725 2772 986 2816 συγκατανεύειν
1003 2773 1056 2806 καὶ
1073 2771 1253 2808 πείθεσθαι
1273 2774 1390 2810 Holst.
1411 2775 1477 2810 Ed.
1541 2777 1669 2813 Statim

85 2813 138 2846 καὶ
156 2813 279 2848 ἐννοεῖν
296 2814 377 2848 add.
397 2815 463 2849 Ed.
534 2816 742 2861 ἀποκρύπτει
761 2818 803 2851 Β.
821 2818 1050 2862 ἀποκρύπτειν
1070 2819 1134 2854 Ht..
1154 2820 1221 2855 Ed.
1388 2834 1422 2864 4.
1449 2821 1514 2868 ἠχὴ
1534 2823 1576 2858 Β.
1595 2823 1671 2870 ἠχεῖ

86 2857 150 2893 Ht.
169 2859 236 2894 Ed.
344 2862 377 2896 6.
403 2861 685 2897 ἀπαλλάττεσθαι
705 2863 746 2898 Β.
768 2864 830 2898 Ht.
850 2865 1047 2899 emendavit
1065 2866 1160 2902 Aub.
1277 2868 1330 2901 16.
1356 2869 1482 2904 ἑαυτῶν
1502 2870 1543 2904 Β.
1561 2872 1671 2906 αὐτῶν

88 2903 150 2939 Ht.
170 2906 237 2940 Ed.
407 2909 460 2942 18.
485 2908 644 2944 Ἰουδαῖοι
664 2910 705 2945 Β.
724 2911 756 2943 οἱ
771 2910 930 2945 Ἰουδαῖοι
950 2911 1013 2945 Ht.
1035 2912 1101 2947 Ed.
1262 2925 1317 2948 20.
1344 2916 1607 2961 Καταθρηνῆσαι
1626 2919 1668 2953 Β.

86 2949 220 2997 Migne.
239 2954 478 2999 Καταθηνῆσαι
497 2956 591 2991 Aub.
735 2966 790 3002 25.
817 2957 854 2992 ὂν
870 2958 1093 3005 παραχρῆμα]
1114 2960 1230 2994 αὐτίκα
1247 2962 1286 2995 τὸ
1303 2963 1416 3007 χρῆμα
1434 2975 1465 2998 a.

854 3026 874 3052 P
901 3026 922 3053 2
