<?xml version="1.0" encoding="UTF-8"?>
<!DOCTYPE html PUBLIC "-//W3C//DTD XHTML 1.0 Transitional//EN"
    "http://www.w3.org/TR/xhtml1/DTD/xhtml1-transitional.dtd">
<html xmlns="http://www.w3.org/1999/xhtml" xml:lang="en" lang="en">
 <head>
  <title>
</title>
<meta http-equiv="Content-Type" content="text/html;charset=utf-8" />
  <meta name='ocr-system' content='tesseract 3.04.00' />
  <meta name='ocr-capabilities' content='ocr_page ocr_carea ocr_par ocr_line ocrx_word'/>
</head>
<body>
  <div class='ocr_page' id='page_1' title='image "./operacyrilli04cyriuoft/operacyrilli04cyriuoft_0302.png"; bbox 0 0 2011 3266; ppageno 0'>
   <div class='ocr_carea' id='block_1_1' title="bbox 274 142 1861 198">
    <p class='ocr_par' dir='ltr' id='par_1_1' title="bbox 274 142 1861 198">
     <span class='ocr_line' id='line_1_1' title="bbox 274 142 1861 198; baseline 0.003 -16"><span class='ocrx_word' id='word_1_1' title='bbox 274 142 358 183; x_wconf 78' lang='lat'>290</span> <span class='ocrx_word' id='word_1_2' title='bbox 676 144 727 186; x_wconf 90' lang='lat' dir='ltr'>B.</span> <span class='ocrx_word' id='word_1_3' title='bbox 759 144 1031 186; x_wconf 80' lang='lat' dir='ltr'>CYRILLI</span> <span class='ocrx_word' id='word_1_4' title='bbox 1072 146 1451 187; x_wconf 88' lang='lat' dir='ltr'><strong>ALEXANDR.</strong></span> <span class='ocrx_word' id='word_1_5' title='bbox 1630 144 1861 198; x_wconf 80' lang='lat' dir='ltr'><strong>xi.43,44-</strong></span> 
     </span>
    </p>
   </div>
   <div class='ocr_carea' id='block_1_2' title="bbox 51 253 1864 2286">
    <p class='ocr_par' dir='ltr' id='par_1_2' title="bbox 275 253 1862 326">
     <span class='ocr_line' id='line_1_2' title="bbox 275 253 1862 326; baseline 0 -25"><span class='ocrx_word' id='word_1_6' title='bbox 275 253 466 315; x_wconf 84' lang='grc' dir='ltr'>δεσμῶν</span> <span class='ocrx_word' id='word_1_7' title='bbox 491 253 545 303; x_wconf 80' lang='grc' dir='ltr'>οὐ</span> <span class='ocrx_word' id='word_1_8' title='bbox 571 253 868 318; x_wconf 87' lang='grc' dir='ltr'>κωλυόμενος</span> <span class='ocrx_word' id='word_1_9' title='bbox 899 255 1095 323; x_wconf 78' lang='grc' dir='ltr'>τρέχειν.</span> <span class='ocrx_word' id='word_1_10' title='bbox 1150 258 1227 308; x_wconf 78' lang='grc' dir='ltr'>καὶ</span> <span class='ocrx_word' id='word_1_11' title='bbox 1261 260 1328 326; x_wconf 74' lang='grc' dir='ltr'>τῷ</span> <span class='ocrx_word' id='word_1_12' title='bbox 1361 255 1445 320; x_wconf 82' lang='grc' dir='ltr'>μὲν</span> <span class='ocrx_word' id='word_1_13' title='bbox 1471 254 1744 318; x_wconf 84' lang='grc' dir='ltr'>καλύμματι</span> <span class='ocrx_word' id='word_1_14' title='bbox 1779 256 1862 302; x_wconf 90' lang='grc' dir='ltr'>τοῦ</span> 
     </span>
    </p>

    <p class='ocr_par' dir='ltr' id='par_1_3' title="bbox 274 333 1863 405">
     <span class='ocr_line' id='line_1_3' title="bbox 274 333 1863 405; baseline -0.001 -21"><span class='ocrx_word' id='word_1_15' title='bbox 274 334 554 400; x_wconf 80' lang='grc' dir='ltr'>προσώπου,</span> <span class='ocrx_word' id='word_1_16' title='bbox 579 334 633 386; x_wconf 83' lang='grc' dir='ltr'>τὸ</span> <span class='ocrx_word' id='word_1_17' title='bbox 672 336 869 397; x_wconf 78' lang='grc' dir='ltr'>βλέπειν</span> <span class='ocrx_word' id='word_1_18' title='bbox 902 338 1216 405; x_wconf 78' lang='grc' dir='ltr'>ἀφῃρημένος,</span> <span class='ocrx_word' id='word_1_19' title='bbox 1247 338 1503 392; x_wconf 82' lang='grc' dir='ltr'>ἀκωλύτως</span> <span class='ocrx_word' id='word_1_20' title='bbox 1541 335 1591 387; x_wconf 84' lang='grc' dir='ltr'>δὲ</span> <span class='ocrx_word' id='word_1_21' title='bbox 1628 334 1746 401; x_wconf 84' lang='grc' dir='ltr'>πρὸς</span> <span class='ocrx_word' id='word_1_22' title='bbox 1779 333 1863 384; x_wconf 83' lang='grc' dir='ltr'>τὸν</span> 
     </span>
    </p>

    <p class='ocr_par' dir='ltr' id='par_1_4' title="bbox 275 414 1858 486">
     <span class='ocr_line' id='line_1_4' title="bbox 275 414 1858 486; baseline 0 -21"><span class='ocrx_word' id='word_1_23' title='bbox 275 415 551 468; x_wconf 90' lang='grc' dir='ltr'>καλέσαντα</span> <span class='ocrx_word' id='word_1_24' title='bbox 576 417 769 485; x_wconf 88' lang='grc' dir='ltr'>τρέχων,</span> <span class='ocrx_word' id='word_1_25' title='bbox 797 421 873 469; x_wconf 75' lang='grc' dir='ltr'>καὶ</span> <span class='ocrx_word' id='word_1_26' title='bbox 900 418 986 483; x_wconf 88' lang='grc' dir='ltr'>τὴν</span> <span class='ocrx_word' id='word_1_27' title='bbox 1012 419 1298 485; x_wconf 84' lang='grc' dir='ltr'>δεσποτικὴν</span> <span class='ocrx_word' id='word_1_28' title='bbox 1324 419 1652 486; x_wconf 84' lang='grc' dir='ltr'>ἐπιγινώσκων</span> <span class='ocrx_word' id='word_1_29' title='bbox 1679 414 1858 485; x_wconf 84' lang='grc' dir='ltr'>φωνήν.</span> 
     </span>
    </p>

    <p class='ocr_par' dir='ltr' id='par_1_5' title="bbox 275 497 1863 566">
     <span class='ocr_line' id='line_1_5' title="bbox 275 497 1863 566; baseline 0.003 -19"><span class='ocrx_word' id='word_1_30' title='bbox 275 497 537 564; x_wconf 73' lang='grc' dir='ltr'>θεοπρεπὴς</span> <span class='ocrx_word' id='word_1_31' title='bbox 573 498 667 565; x_wconf 76' lang='grc' dir='ltr'>γὰρ</span> <span class='ocrx_word' id='word_1_32' title='bbox 703 500 728 549; x_wconf 83' lang='grc' dir='ltr'><strong>ὁ</strong></span> <span class='ocrx_word' id='word_1_33' title='bbox 763 498 909 566; x_wconf 92' lang='grc' dir='ltr'>λόγος</span> <span class='ocrx_word' id='word_1_34' title='bbox 944 503 1020 552; x_wconf 81' lang='grc' dir='ltr'>καὶ</span> <span class='ocrx_word' id='word_1_35' title='bbox 1056 503 1314 563; x_wconf 77' lang='grc' dir='ltr'>βασιλικὸν</span> <span class='ocrx_word' id='word_1_36' title='bbox 1345 502 1400 553; x_wconf 83' lang='grc' dir='ltr'>τὸ</span> <span class='ocrx_word' id='word_1_37' title='bbox 1435 500 1690 563; x_wconf 81' lang='grc' dir='ltr'>κὲλευσμα,</span> <span class='ocrx_word' id='word_1_38' title='bbox 1718 497 1863 548; x_wconf 77' lang='grc' dir='ltr'>λύσιν</span> 
     </span>
    </p>

    <p class='ocr_par' dir='ltr' id='par_1_6' title="bbox 274 577 1862 649">
     <span class='ocr_line' id='line_1_6' title="bbox 274 577 1862 649; baseline 0 -20"><span class='ocrx_word' id='word_1_39' title='bbox 274 578 384 646; x_wconf 69' lang='grc' dir='ltr'>ε”χον</span> <span class='ocrx_word' id='word_1_40' title='bbox 419 579 625 631; x_wconf 80' lang='grc' dir='ltr'>θανάτου</span> <span class='ocrx_word' id='word_1_41' title='bbox 663 582 738 631; x_wconf 76' lang='grc' dir='ltr'>καὶ</span> <span class='ocrx_word' id='word_1_42' title='bbox 778 586 962 649; x_wconf 82' lang='grc' dir='ltr'>φθορᾶς</span> <span class='ocrx_word' id='word_1_43' title='bbox 1001 583 1287 649; x_wconf 77' lang='grc' dir='ltr'>ἀνατροπὴν,</span> <span class='ocrx_word' id='word_1_44' title='bbox 1324 584 1399 635; x_wconf 77' lang='grc' dir='ltr'>καὶ</span> <span class='ocrx_word' id='word_1_45' title='bbox 1437 585 1520 646; x_wconf 80' lang='grc' dir='ltr'>τῆς</span> <span class='ocrx_word' id='word_1_46' title='bbox 1558 580 1674 647; x_wconf 76' lang='grc' dir='ltr'>ὑπὲρ</span> <span class='ocrx_word' id='word_1_47' title='bbox 1712 577 1862 644; x_wconf 87' lang='grc' dir='ltr'>λόγον</span> 
     </span>
    </p>

    <p class='ocr_par' dir='ltr' id='par_1_7' title="bbox 275 661 1859 735">
     <span class='ocr_line' id='line_1_7' title="bbox 275 661 1859 735; baseline 0.001 -25"><span class='ocrx_word' id='word_1_48' title='bbox 275 661 505 726; x_wconf 81' lang='grc' dir='ltr'>ἐνεργείας</span> <span class='ocrx_word' id='word_1_49' title='bbox 537 662 794 731; x_wconf 78' lang='grc' dir='ltr'>ἀπόδειξιν.</span> <span class='ocrx_word' id='word_1_50' title='bbox 847 664 902 715; x_wconf 83' lang='grc' dir='ltr'>τὸ</span> <span class='ocrx_word' id='word_1_51' title='bbox 937 665 1087 729; x_wconf 86' lang='grc' dir='ltr'>γεμὴν</span> <span class='ocrx_word' id='word_1_52' title='bbox 1114 667 1380 735; x_wconf 78' lang='grc' dir='ltr'>διαπρυσίῳ</span> <span class='ocrx_word' id='word_1_53' title='bbox 1414 668 1625 733; x_wconf 82' lang='grc' dir='ltr'>χρῆσθαι</span> <span class='ocrx_word' id='word_1_54' title='bbox 1657 665 1859 729; x_wconf 83' lang='grc' dir='ltr'>κραυγῇ,</span> 
     </span>
    </p>

    <p class='ocr_par' dir='ltr' id='par_1_8' title="bbox 237 742 1863 816">
     <span class='ocr_line' id='line_1_8' title="bbox 237 742 1863 816; baseline 0.001 -24"><span class='ocrx_word' id='word_1_55' title='bbox 237 757 258 784; x_wconf 77' lang='grc' dir='ltr'>θ</span> <span class='ocrx_word' id='word_1_56' title='bbox 277 742 411 810; x_wconf 73' lang='grc' dir='ltr'>ξένον</span> <span class='ocrx_word' id='word_1_57' title='bbox 437 749 684 798; x_wconf 74' lang='grc' dir='ltr'>παντελῶς</span> <span class='ocrx_word' id='word_1_58' title='bbox 709 748 785 796; x_wconf 79' lang='grc' dir='ltr'>καὶ</span> <span class='ocrx_word' id='word_1_59' title='bbox 810 747 1046 811; x_wconf 83' lang='grc' dir='ltr'>ἀσύνηθες</span> <span class='ocrx_word' id='word_1_60' title='bbox 1071 751 1138 816; x_wconf 75' lang='grc' dir='ltr'>τῷ</span> <span class='ocrx_word' id='word_1_61' title='bbox 1166 751 1351 813; x_wconf 80' lang='grc' dir='ltr'>Σωτῆρι</span> <span class='ocrx_word' id='word_1_62' title='bbox 1378 750 1589 815; x_wconf 75' lang='grc' dir='ltr'>Χριστῷ.</span> <span class='ocrx_word' id='word_1_63' title='bbox 1645 747 1722 795; x_wconf 83' lang='grc' dir='ltr'>καὶ</span> <span class='ocrx_word' id='word_1_64' title='bbox 1746 749 1863 809; x_wconf 91' lang='grc' dir='ltr'>γοῦν</span> 
     </span>
    </p>

    <p class='ocr_par' dir='ltr' id='par_1_9' title="bbox 52 811 1862 847">
     <span class='ocr_line' id='line_1_9' title="bbox 52 811 1862 847; baseline 0.001 -5"><span class='ocrx_word' id='word_1_65' title='bbox 52 811 212 843; x_wconf 74' lang='lat' dir='ltr'>S.Matffl1.</span> <span class='ocrx_word' id='word_1_66' title='bbox 285 825 296 839; x_wconf 72' lang='lat' dir='ltr'>c</span> <span class='ocrx_word' id='word_1_67' title='bbox 404 825 417 839; x_wconf 67' lang='lat' dir='ltr'>x</span> <span class='ocrx_word' id='word_1_68' title='bbox 536 829 549 844; x_wconf 59' lang='lat' dir='ltr'>x</span> <span class='ocrx_word' id='word_1_69' title='bbox 702 826 715 842; x_wconf 70' lang='lat' dir='ltr'>x</span> <span class='ocrx_word' id='word_1_70' title='bbox 867 830 881 847; x_wconf 69' lang='lat' dir='ltr'>x</span> <span class='ocrx_word' id='word_1_71' title='bbox 960 829 970 843; x_wconf 69' lang='lat'>2</span> <span class='ocrx_word' id='word_1_72' title='bbox 1039 835 1057 843; x_wconf 42' lang='grc' dir='ltr'><strong><em>ἢ</em></strong></span> <span class='ocrx_word' id='word_1_73' title='bbox 1332 831 1343 847; x_wconf 66' lang='lat' dir='ltr'>z</span> <span class='ocrx_word' id='word_1_74' title='bbox 1501 830 1510 843; x_wconf 69' lang='lat'>⁵</span> <span class='ocrx_word' id='word_1_75' title='bbox 1591 829 1600 843; x_wconf 74' lang='lat'>⁵</span> <span class='ocrx_word' id='word_1_76' title='bbox 1639 828 1650 844; x_wconf 72' lang='lat' dir='ltr'><em>t</em></span> <span class='ocrx_word' id='word_1_77' title='bbox 1798 827 1807 841; x_wconf 72' lang='lat'><strong>³</strong></span> <span class='ocrx_word' id='word_1_78' title='bbox 1850 825 1862 843; x_wconf 70' lang='lat' dir='ltr'>x</span> 
     </span>
    </p>

    <p class='ocr_par' dir='ltr' id='par_1_10' title="bbox 52 828 1863 936">
     <span class='ocr_line' id='line_1_10' title="bbox 52 828 1863 898; baseline 0.001 -24"><span class='ocrx_word' id='word_1_79' title='bbox 52 855 172 896; x_wconf 77' lang='lat' dir='ltr'>xii.19‚</span> <span class='ocrx_word' id='word_1_80' title='bbox 276 847 302 874; x_wconf 94' lang='grc' dir='ltr'>ο</span> <span class='ocrx_word' id='word_1_81' title='bbox 328 828 451 878; x_wconf 90' lang='grc' dir='ltr'>Θεος</span> <span class='ocrx_word' id='word_1_82' title='bbox 476 849 552 876; x_wconf 91' lang='grc' dir='ltr'>και</span> <span class='ocrx_word' id='word_1_83' title='bbox 581 830 751 893; x_wconf 87' lang='grc' dir='ltr'>Πατηρ</span> <span class='ocrx_word' id='word_1_84' title='bbox 776 851 882 894; x_wconf 91' lang='grc' dir='ltr'>περι</span> <span class='ocrx_word' id='word_1_85' title='bbox 917 852 1059 880; x_wconf 87' lang='grc' dir='ltr'>αυτου</span> <span class='ocrx_word' id='word_1_86' title='bbox 1089 853 1182 881; x_wconf 92' lang='grc' dir='ltr'>που</span> <span class='ocrx_word' id='word_1_87' title='bbox 1214 834 1366 898; x_wconf 88' lang='grc' dir='ltr'>φησιν</span> <span class='ocrx_word' id='word_1_88' title='bbox 1391 837 1419 859; x_wconf 84' lang='grc'><strong>“</strong></span> <span class='ocrx_word' id='word_1_89' title='bbox 1440 833 1544 880; x_wconf 90' lang='grc' dir='ltr'>Ουκ</span> <span class='ocrx_word' id='word_1_90' title='bbox 1579 849 1722 894; x_wconf 83' lang='grc' dir='ltr'>ερισει</span> <span class='ocrx_word' id='word_1_91' title='bbox 1758 828 1863 876; x_wconf 85' lang='grc' dir='ltr'>ουδε</span> 
     </span>
     <span class='ocr_line' id='line_1_11' title="bbox 52 899 1802 936; baseline -0.002 -8"><span class='ocrx_word' id='word_1_92' title='bbox 52 909 93 928; x_wconf 81' lang='lat' dir='ltr'>ex</span> <span class='ocrx_word' id='word_1_93' title='bbox 110 899 165 929; x_wconf 71' lang='lat' dir='ltr'>Es.</span> <span class='ocrx_word' id='word_1_94' title='bbox 278 913 306 936; x_wconf 63' lang='grc' dir='ltr'>ς(</span> <span class='ocrx_word' id='word_1_95' title='bbox 502 908 514 922; x_wconf 69' lang='lat' dir='ltr'><strong><em>s</em></strong></span> <span class='ocrx_word' id='word_1_96' title='bbox 614 910 639 924; x_wconf 71' lang='grc' dir='ltr'>υ</span> <span class='ocrx_word' id='word_1_97' title='bbox 729 911 742 927; x_wconf 68' lang='lat' dir='ltr'>x</span> <span class='ocrx_word' id='word_1_98' title='bbox 820 909 832 926; x_wconf 68' lang='lat' dir='ltr'>x</span> <span class='ocrx_word' id='word_1_99' title='bbox 883 913 893 926; x_wconf 70' lang='lat' dir='ltr'><em>e</em></span> <span class='ocrx_word' id='word_1_100' title='bbox 934 914 953 923; x_wconf 47' lang='grc' dir='ltr'>ἢ</span> <span class='ocrx_word' id='word_1_101' title='bbox 1066 913 1076 927; x_wconf 73' lang='lat'>³</span> <span class='ocrx_word' id='word_1_102' title='bbox 1255 914 1269 930; x_wconf 50' lang='lat' dir='ltr'>x</span> <span class='ocrx_word' id='word_1_103' title='bbox 1343 911 1355 928; x_wconf 67' lang='lat' dir='ltr'>x</span> <span class='ocrx_word' id='word_1_104' title='bbox 1479 912 1492 929; x_wconf 53' lang='lat' dir='ltr'>x</span> <span class='ocrx_word' id='word_1_105' title='bbox 1625 909 1636 925; x_wconf 74' lang='lat' dir='ltr'><em>t</em></span> <span class='ocrx_word' id='word_1_106' title='bbox 1792 909 1802 925; x_wconf 75' lang='lat' dir='ltr'><em>t</em></span> 
     </span>
    </p>

    <p class='ocr_par' dir='ltr' id='par_1_11' title="bbox 51 911 1863 980">
     <span class='ocr_line' id='line_1_12' title="bbox 51 911 1863 980; baseline 0.001 -24"><span class='ocrx_word' id='word_1_107' title='bbox 51 942 119 973; x_wconf 83' lang='lat' dir='ltr'>xlii.</span> <span class='ocrx_word' id='word_1_108' title='bbox 142 952 169 973; x_wconf 38' lang='lat'>2·</span> <span class='ocrx_word' id='word_1_109' title='bbox 329 929 609 973; x_wconf 87' lang='grc' dir='ltr'>κραυγασει,</span> <span class='ocrx_word' id='word_1_110' title='bbox 668 932 743 959; x_wconf 91' lang='grc' dir='ltr'>και</span> <span class='ocrx_word' id='word_1_111' title='bbox 779 933 838 961; x_wconf 89' lang='grc' dir='ltr'>τα</span> <span class='ocrx_word' id='word_1_112' title='bbox 872 911 994 979; x_wconf 76' lang='grc' dir='ltr'>εξης.</span> <span class='ocrx_word' id='word_1_113' title='bbox 1051 914 1271 980; x_wconf 76' lang='grc' dir='ltr'>αψοφητι</span> <span class='ocrx_word' id='word_1_114' title='bbox 1298 935 1391 978; x_wconf 85' lang='grc' dir='ltr'>γαρ</span> <span class='ocrx_word' id='word_1_115' title='bbox 1419 935 1494 961; x_wconf 89' lang='grc' dir='ltr'>και</span> <span class='ocrx_word' id='word_1_116' title='bbox 1520 914 1728 977; x_wconf 80' lang='grc' dir='ltr'>θορυβου</span> <span class='ocrx_word' id='word_1_117' title='bbox 1754 911 1863 975; x_wconf 83' lang='grc' dir='ltr'>διχα</span> 
     </span>
    </p>

    <p class='ocr_par' dir='ltr' id='par_1_12' title="bbox 275 988 1862 1060">
     <span class='ocr_line' id='line_1_13' title="bbox 275 988 1862 1060; baseline 0.001 -21"><span class='ocrx_word' id='word_1_118' title='bbox 275 988 454 1043; x_wconf 79' lang='grc' dir='ltr'>παντὸς</span> <span class='ocrx_word' id='word_1_119' title='bbox 498 989 557 1040; x_wconf 84' lang='grc' dir='ltr'>τά</span> <span class='ocrx_word' id='word_1_120' title='bbox 601 993 684 1054; x_wconf 81' lang='grc' dir='ltr'>τῆς</span> <span class='ocrx_word' id='word_1_121' title='bbox 728 993 936 1057; x_wconf 81' lang='grc' dir='ltr'>ἀληθοῦς</span> <span class='ocrx_word' id='word_1_122' title='bbox 981 994 1200 1058; x_wconf 85' lang='grc' dir='ltr'>θεότητος</span> <span class='ocrx_word' id='word_1_123' title='bbox 1246 993 1375 1060; x_wconf 69' lang='grc' dir='ltr'>ἔργα·</span> <span class='ocrx_word' id='word_1_124' title='bbox 1432 999 1571 1045; x_wconf 90' lang='grc' dir='ltr'>τοῦτο</span> <span class='ocrx_word' id='word_1_125' title='bbox 1619 991 1668 1042; x_wconf 79' lang='grc' dir='ltr'>δὲ</span> <span class='ocrx_word' id='word_1_126' title='bbox 1711 990 1769 1055; x_wconf 82' lang='grc' dir='ltr'>ἧν</span> <span class='ocrx_word' id='word_1_127' title='bbox 1814 992 1862 1042; x_wconf 85' lang='grc' dir='ltr'>ἐν</span> 
     </span>
    </p>

    <p class='ocr_par' dir='ltr' id='par_1_13' title="bbox 276 1072 1858 1144">
     <span class='ocr_line' id='line_1_14' title="bbox 276 1072 1858 1144; baseline 0.002 -24"><span class='ocrx_word' id='word_1_128' title='bbox 276 1073 494 1140; x_wconf 70' lang='grc' dir='ltr'>Χριστῷ,</span> <span class='ocrx_word' id='word_1_129' title='bbox 525 1072 648 1126; x_wconf 79' lang='grc' dir='ltr'>Θεὸς</span> <span class='ocrx_word' id='word_1_130' title='bbox 684 1072 779 1138; x_wconf 72' lang='grc' dir='ltr'>γὰρ</span> <span class='ocrx_word' id='word_1_131' title='bbox 814 1076 863 1125; x_wconf 85' lang='grc' dir='ltr'>ἐκ</span> <span class='ocrx_word' id='word_1_132' title='bbox 891 1079 1017 1126; x_wconf 89' lang='grc' dir='ltr'>Θεοῦ</span> <span class='ocrx_word' id='word_1_133' title='bbox 1044 1075 1162 1127; x_wconf 78' lang='grc' dir='ltr'>κατὰ</span> <span class='ocrx_word' id='word_1_134' title='bbox 1196 1076 1346 1144; x_wconf 88' lang='grc' dir='ltr'>φύσιν</span> <span class='ocrx_word' id='word_1_135' title='bbox 1371 1077 1474 1126; x_wconf 76' lang='grc' dir='ltr'>ἐστὶ</span> <span class='ocrx_word' id='word_1_136' title='bbox 1507 1076 1582 1126; x_wconf 79' lang='grc' dir='ltr'>καὶ</span> <span class='ocrx_word' id='word_1_137' title='bbox 1617 1072 1858 1138; x_wconf 86' lang='grc' dir='ltr'>ἀληθινός.</span> 
     </span>
    </p>

    <p class='ocr_par' dir='ltr' id='par_1_14' title="bbox 274 1152 1863 1224">
     <span class='ocr_line' id='line_1_15' title="bbox 274 1152 1863 1224; baseline 0.002 -22"><span class='ocrx_word' id='word_1_138' title='bbox 274 1152 323 1202; x_wconf 79' lang='grc' dir='ltr'>τί</span> <span class='ocrx_word' id='word_1_139' title='bbox 343 1154 424 1203; x_wconf 83' lang='grc' dir='ltr'>οῦν</span> <span class='ocrx_word' id='word_1_140' title='bbox 451 1153 541 1219; x_wconf 74' lang='grc' dir='ltr'>ἄρα</span> <span class='ocrx_word' id='word_1_141' title='bbox 568 1154 739 1223; x_wconf 75' lang='grc' dir='ltr'>φαμὲν,</span> <span class='ocrx_word' id='word_1_142' title='bbox 768 1155 882 1207; x_wconf 76' lang='grc' dir='ltr'>ὅταν</span> <span class='ocrx_word' id='word_1_143' title='bbox 909 1156 1080 1221; x_wconf 77' lang='grc' dir='ltr'>ἴδωμεν</span> <span class='ocrx_word' id='word_1_144' title='bbox 1107 1157 1357 1222; x_wconf 84' lang='grc' dir='ltr'>ἀσυνήθως</span> <span class='ocrx_word' id='word_1_145' title='bbox 1382 1155 1765 1224; x_wconf 70' lang='grc' dir='ltr'>ἀνακεκραγότα,</span> <span class='ocrx_word' id='word_1_146' title='bbox 1809 1155 1863 1206; x_wconf 81' lang='grc' dir='ltr'>οὐ</span> 
     </span>
    </p>

    <p class='ocr_par' dir='ltr' id='par_1_15' title="bbox 275 1233 1863 1306">
     <span class='ocr_line' id='line_1_16' title="bbox 275 1233 1863 1306; baseline 0.003 -22"><span class='ocrx_word' id='word_1_147' title='bbox 275 1233 369 1301; x_wconf 80' lang='grc' dir='ltr'>γὰρ</span> <span class='ocrx_word' id='word_1_148' title='bbox 409 1235 560 1300; x_wconf 85' lang='grc' dir='ltr'>δήπου</span> <span class='ocrx_word' id='word_1_149' title='bbox 596 1237 935 1305; x_wconf 83' lang='grc' dir='ltr'>κατοιχήσεταί</span> <span class='ocrx_word' id='word_1_150' title='bbox 965 1262 1036 1293; x_wconf 88' lang='grc' dir='ltr'>τις</span> <span class='ocrx_word' id='word_1_151' title='bbox 1071 1243 1134 1293; x_wconf 80' lang='grc' dir='ltr'>εἷς</span> <span class='ocrx_word' id='word_1_152' title='bbox 1167 1246 1306 1291; x_wconf 88' lang='grc' dir='ltr'>τοῦτο</span> <span class='ocrx_word' id='word_1_153' title='bbox 1340 1240 1532 1306; x_wconf 85' lang='grc' dir='ltr'>μωρίας,</span> <span class='ocrx_word' id='word_1_154' title='bbox 1559 1241 1620 1292; x_wconf 88' lang='grc' dir='ltr'>ὡς</span> <span class='ocrx_word' id='word_1_155' title='bbox 1655 1238 1746 1306; x_wconf 73' lang='grc' dir='ltr'>ἔξω</span> <span class='ocrx_word' id='word_1_156' title='bbox 1780 1242 1863 1288; x_wconf 91' lang='grc' dir='ltr'>τοῦ</span> 
     </span>
    </p>

    <p class='ocr_par' dir='ltr' id='par_1_16' title="bbox 275 1317 1863 1387">
     <span class='ocr_line' id='line_1_17' title="bbox 275 1317 1863 1387; baseline 0.002 -20"><span class='ocrx_word' id='word_1_157' title='bbox 275 1317 537 1382; x_wconf 76' lang='grc' dir='ltr'>πρέποντος</span> <span class='ocrx_word' id='word_1_158' title='bbox 588 1318 701 1370; x_wconf 79' lang='grc' dir='ltr'>ἰέναι</span> <span class='ocrx_word' id='word_1_159' title='bbox 750 1320 864 1371; x_wconf 80' lang='grc' dir='ltr'>ποτὲ</span> <span class='ocrx_word' id='word_1_160' title='bbox 913 1321 1069 1386; x_wconf 89' lang='grc' dir='ltr'>λέγειν</span> <span class='ocrx_word' id='word_1_161' title='bbox 1113 1321 1269 1384; x_wconf 82' lang='grc' dir='ltr'>αὐτὸν,</span> <span class='ocrx_word' id='word_1_162' title='bbox 1315 1321 1343 1387; x_wconf 79' lang='grc' dir='ltr'>ἢ</span> <span class='ocrx_word' id='word_1_163' title='bbox 1391 1323 1466 1373; x_wconf 77' lang='grc' dir='ltr'>καὶ</span> <span class='ocrx_word' id='word_1_164' title='bbox 1513 1323 1736 1387; x_wconf 82' lang='grc' dir='ltr'>ἁμαρτεῖν</span> <span class='ocrx_word' id='word_1_165' title='bbox 1779 1325 1863 1370; x_wconf 85' lang='grc' dir='ltr'>τοῦ</span> 
     </span>
    </p>

    <p class='ocr_par' dir='ltr' id='par_1_17' title="bbox 51 1399 1862 1471">
     <span class='ocr_line' id='line_1_18' title="bbox 51 1399 1862 1471; baseline 0.001 -21"><span class='ocrx_word' id='word_1_166' title='bbox 51 1406 144 1440; x_wconf 83' lang='grc'>690</span> <span class='ocrx_word' id='word_1_167' title='bbox 159 1405 212 1439; x_wconf 86' lang='grc' dir='ltr'>Α·</span> <span class='ocrx_word' id='word_1_168' title='bbox 239 1399 475 1453; x_wconf 61' lang='grc' dir='ltr'>ειδέοντος.</span> <span class='ocrx_word' id='word_1_169' title='bbox 526 1406 627 1455; x_wconf 78' lang='grc' dir='ltr'>πῶς</span> <span class='ocrx_word' id='word_1_170' title='bbox 667 1402 748 1452; x_wconf 81' lang='grc' dir='ltr'>οῦν</span> <span class='ocrx_word' id='word_1_171' title='bbox 781 1402 1048 1470; x_wconf 85' lang='grc' dir='ltr'>ἐνδέχεται;</span> <span class='ocrx_word' id='word_1_172' title='bbox 1098 1405 1265 1455; x_wconf 83' lang='grc' dir='ltr'>οὐκοῦν</span> <span class='ocrx_word' id='word_1_173' title='bbox 1298 1404 1392 1471; x_wconf 72' lang='grc' dir='ltr'>ε”χει</span> <span class='ocrx_word' id='word_1_174' title='bbox 1431 1402 1579 1470; x_wconf 89' lang='grc' dir='ltr'>λόγον</span> <span class='ocrx_word' id='word_1_175' title='bbox 1612 1403 1640 1467; x_wconf 85' lang='grc' dir='ltr'>ἡ</span> <span class='ocrx_word' id='word_1_176' title='bbox 1681 1400 1862 1468; x_wconf 87' lang='grc' dir='ltr'>κραυγὴ</span> 
     </span>
    </p>

    <p class='ocr_par' dir='ltr' id='par_1_18' title="bbox 276 1481 1859 1552">
     <span class='ocr_line' id='line_1_19' title="bbox 276 1481 1859 1552; baseline 0.002 -21"><span class='ocrx_word' id='word_1_177' title='bbox 276 1483 353 1532; x_wconf 74' lang='grc' dir='ltr'>καὶ</span> <span class='ocrx_word' id='word_1_178' title='bbox 390 1481 653 1550; x_wconf 83' lang='grc' dir='ltr'>πρόφασιν,</span> <span class='ocrx_word' id='word_1_179' title='bbox 692 1483 749 1548; x_wconf 83' lang='grc' dir='ltr'>ἣν</span> <span class='ocrx_word' id='word_1_180' title='bbox 787 1486 1053 1550; x_wconf 83' lang='grc' dir='ltr'>ἀναγκαίως</span> <span class='ocrx_word' id='word_1_181' title='bbox 1092 1488 1296 1552; x_wconf 84' lang='grc' dir='ltr'>ἐροῦμεν,</span> <span class='ocrx_word' id='word_1_182' title='bbox 1336 1485 1411 1537; x_wconf 81' lang='grc' dir='ltr'>διὰ</span> <span class='ocrx_word' id='word_1_183' title='bbox 1448 1485 1502 1536; x_wconf 81' lang='grc' dir='ltr'>τὸ</span> <span class='ocrx_word' id='word_1_184' title='bbox 1542 1490 1638 1539; x_wconf 79' lang='grc' dir='ltr'>τοῖς</span> <span class='ocrx_word' id='word_1_185' title='bbox 1676 1486 1859 1549; x_wconf 88' lang='grc' dir='ltr'>ἀκροω-</span> 
     </span>
    </p>

    <p class='ocr_par' dir='ltr' id='par_1_19' title="bbox 273 1564 1864 1633">
     <span class='ocr_line' id='line_1_20' title="bbox 273 1564 1864 1633; baseline 0.001 -19"><span class='ocrx_word' id='word_1_186' title='bbox 273 1565 428 1628; x_wconf 86' lang='grc' dir='ltr'>μένοις</span> <span class='ocrx_word' id='word_1_187' title='bbox 454 1564 706 1632; x_wconf 83' lang='grc' dir='ltr'>χρήσιμον·</span> <span class='ocrx_word' id='word_1_188' title='bbox 736 1566 886 1617; x_wconf 86' lang='grc' dir='ltr'>τύπον</span> <span class='ocrx_word' id='word_1_189' title='bbox 910 1565 1075 1633; x_wconf 79' lang='grc' dir='ltr'>ὥσπερ</span> <span class='ocrx_word' id='word_1_190' title='bbox 1100 1567 1205 1618; x_wconf 78' lang='grc' dir='ltr'>τινὰ</span> <span class='ocrx_word' id='word_1_191' title='bbox 1231 1571 1313 1631; x_wconf 79' lang='grc' dir='ltr'>τῆς</span> <span class='ocrx_word' id='word_1_192' title='bbox 1339 1566 1548 1619; x_wconf 86' lang='grc' dir='ltr'>καθόλου</span> <span class='ocrx_word' id='word_1_193' title='bbox 1573 1571 1667 1618; x_wconf 82' lang='grc' dir='ltr'>τῶν</span> <span class='ocrx_word' id='word_1_194' title='bbox 1688 1569 1864 1632; x_wconf 81' lang='grc' dir='ltr'>νεκρῶν</span> 
     </span>
    </p>

    <p class='ocr_par' dir='ltr' id='par_1_20' title="bbox 273 1644 1862 1719">
     <span class='ocr_line' id='line_1_21' title="bbox 273 1644 1862 1719; baseline 0.001 -23"><span class='ocrx_word' id='word_1_195' title='bbox 273 1644 586 1700; x_wconf 78' lang='grc' dir='ltr'>ἀναστάσεως</span> <span class='ocrx_word' id='word_1_196' title='bbox 621 1647 675 1698; x_wconf 82' lang='grc' dir='ltr'>τὸ</span> <span class='ocrx_word' id='word_1_197' title='bbox 711 1650 785 1699; x_wconf 85' lang='grc' dir='ltr'>ἐπὶ</span> <span class='ocrx_word' id='word_1_198' title='bbox 813 1648 1014 1719; x_wconf 70' lang='grc' dir='ltr'>Λαζάρερ</span> <span class='ocrx_word' id='word_1_199' title='bbox 1052 1655 1249 1702; x_wconf 80' lang='grc' dir='ltr'>ποιεῖται</span> <span class='ocrx_word' id='word_1_200' title='bbox 1289 1655 1460 1713; x_wconf 90' lang='grc' dir='ltr'>θαῦμα,</span> <span class='ocrx_word' id='word_1_201' title='bbox 1488 1651 1564 1700; x_wconf 81' lang='grc' dir='ltr'>καὶ</span> <span class='ocrx_word' id='word_1_202' title='bbox 1602 1647 1656 1700; x_wconf 78' lang='grc' dir='ltr'>τὸ</span> <span class='ocrx_word' id='word_1_203' title='bbox 1695 1649 1767 1716; x_wconf 83' lang='grc' dir='ltr'>ἐφ’</span> <span class='ocrx_word' id='word_1_204' title='bbox 1797 1649 1862 1698; x_wconf 77' lang='grc' dir='ltr'>ἑνὶ</span> 
     </span>
    </p>

    <p class='ocr_par' dir='ltr' id='par_1_21' title="bbox 273 1727 1862 1799">
     <span class='ocr_line' id='line_1_22' title="bbox 273 1727 1862 1799; baseline 0.004 -22"><span class='ocrx_word' id='word_1_205' title='bbox 273 1727 619 1793; x_wconf 83' lang='grc' dir='ltr'>πληρούμενον,</span> <span class='ocrx_word' id='word_1_206' title='bbox 667 1729 821 1781; x_wconf 79' lang='grc' dir='ltr'>εἰκόνα</span> <span class='ocrx_word' id='word_1_207' title='bbox 872 1737 956 1781; x_wconf 90' lang='grc' dir='ltr'>τοῦ</span> <span class='ocrx_word' id='word_1_208' title='bbox 1011 1731 1318 1799; x_wconf 88' lang='grc' dir='ltr'>γενικωτέρου</span> <span class='ocrx_word' id='word_1_209' title='bbox 1372 1734 1448 1782; x_wconf 81' lang='grc' dir='ltr'>καὶ</span> <span class='ocrx_word' id='word_1_210' title='bbox 1505 1730 1626 1782; x_wconf 77' lang='grc' dir='ltr'>κατὰ</span> <span class='ocrx_word' id='word_1_211' title='bbox 1685 1729 1862 1784; x_wconf 81' lang='grc' dir='ltr'>παντὸς</span> 
     </span>
    </p>

    <p class='ocr_par' dir='ltr' id='par_1_22' title="bbox 275 1810 1854 1882">
     <span class='ocr_line' id='line_1_23' title="bbox 275 1810 1854 1882; baseline 0.001 -22"><span class='ocrx_word' id='word_1_212' title='bbox 275 1810 451 1874; x_wconf 78' lang='grc' dir='ltr'>ε”στησε</span> <span class='ocrx_word' id='word_1_213' title='bbox 487 1810 654 1875; x_wconf 88' lang='grc' dir='ltr'>καλήν.</span> <span class='ocrx_word' id='word_1_214' title='bbox 707 1811 777 1862; x_wconf 77' lang='grc' dir='ltr'>ὅτι</span> <span class='ocrx_word' id='word_1_215' title='bbox 817 1812 909 1878; x_wconf 78' lang='grc' dir='ltr'>γὰρ</span> <span class='ocrx_word' id='word_1_216' title='bbox 950 1813 1051 1882; x_wconf 75' lang='grc' dir='ltr'>ἥξει</span> <span class='ocrx_word' id='word_1_217' title='bbox 1081 1814 1272 1881; x_wconf 85' lang='grc' dir='ltr'>Κριτὴς,</span> <span class='ocrx_word' id='word_1_218' title='bbox 1299 1813 1692 1876; x_wconf 88' lang='grc' dir='ltr'>πεπιστεύκαμεν,</span> <span class='ocrx_word' id='word_1_219' title='bbox 1720 1819 1854 1877; x_wconf 87' lang='grc' dir='ltr'>λογι-</span> 
     </span>
    </p>

    <p class='ocr_par' dir='ltr' id='par_1_23' title="bbox 276 1891 1863 1962">
     <span class='ocr_line' id='line_1_24' title="bbox 276 1891 1863 1962; baseline 0.002 -21"><span class='ocrx_word' id='word_1_220' title='bbox 276 1891 450 1957; x_wconf 75' lang='grc' dir='ltr'>ζόμεθα</span> <span class='ocrx_word' id='word_1_221' title='bbox 483 1915 533 1942; x_wconf 88' lang='grc' dir='ltr'>τε</span> <span class='ocrx_word' id='word_1_222' title='bbox 571 1892 643 1943; x_wconf 80' lang='grc' dir='ltr'>ὅτι</span> <span class='ocrx_word' id='word_1_223' title='bbox 682 1895 863 1960; x_wconf 88' lang='grc' dir='ltr'>κραυγή</span> <span class='ocrx_word' id='word_1_224' title='bbox 903 1918 972 1948; x_wconf 89' lang='grc' dir='ltr'>τις</span> <span class='ocrx_word' id='word_1_225' title='bbox 1008 1895 1142 1946; x_wconf 77' lang='grc' dir='ltr'>ἔσται</span> <span class='ocrx_word' id='word_1_226' title='bbox 1182 1895 1258 1946; x_wconf 80' lang='grc' dir='ltr'>διὰ</span> <span class='ocrx_word' id='word_1_227' title='bbox 1296 1894 1589 1962; x_wconf 79' lang='grc' dir='ltr'>σάλπιγγος,</span> <span class='ocrx_word' id='word_1_228' title='bbox 1620 1893 1739 1945; x_wconf 77' lang='grc' dir='ltr'>κατὰ</span> <span class='ocrx_word' id='word_1_229' title='bbox 1776 1893 1863 1958; x_wconf 86' lang='grc' dir='ltr'>τὴν</span> 
     </span>
    </p>

    <p class='ocr_par' dir='ltr' id='par_1_24' title="bbox 53 1974 1864 2055">
     <span class='ocr_line' id='line_1_25' title="bbox 53 1974 1864 2055; baseline 0.002 -31"><span class='ocrx_word' id='word_1_230' title='bbox 53 1981 217 2055; x_wconf 49' lang='grc' dir='ltr'>ξξοῑῐῗῆ</span> <span class='ocrx_word' id='word_1_231' title='bbox 276 1979 360 2024; x_wconf 92' lang='grc' dir='ltr'>τοῦ</span> <span class='ocrx_word' id='word_1_232' title='bbox 389 1974 593 2025; x_wconf 85' lang='grc' dir='ltr'>Παύλου</span> <span class='ocrx_word' id='word_1_233' title='bbox 619 1975 799 2043; x_wconf 79' lang='grc' dir='ltr'>φωνὴν,</span> <span class='ocrx_word' id='word_1_234' title='bbox 827 1977 1186 2041; x_wconf 86' lang='grc' dir='ltr'>διακελευομένη</span> <span class='ocrx_word' id='word_1_235' title='bbox 1220 1983 1316 2032; x_wconf 82' lang='grc' dir='ltr'>τοῖς</span> <span class='ocrx_word' id='word_1_236' title='bbox 1353 1979 1402 2028; x_wconf 87' lang='grc' dir='ltr'>ἐν</span> <span class='ocrx_word' id='word_1_237' title='bbox 1427 1982 1489 2045; x_wconf 83' lang='grc' dir='ltr'>γῇ</span> <span class='ocrx_word' id='word_1_238' title='bbox 1525 1977 1743 2040; x_wconf 86' lang='grc' dir='ltr'>κειμένοις</span> <span class='ocrx_word' id='word_1_239' title='bbox 1777 1975 1864 2040; x_wconf 88' lang='grc' dir='ltr'>τὴν</span> 
     </span>
    </p>

    <p class='ocr_par' dir='ltr' id='par_1_25' title="bbox 57 2036 1864 2126">
     <span class='ocr_line' id='line_1_26' title="bbox 57 2036 1864 2126; baseline 0.001 -18"><span class='ocrx_word' id='word_1_240' title='bbox 57 2036 175 2108; x_wconf 36' lang='lat'><strong>2412·</strong></span> <span class='ocrx_word' id='word_1_241' title='bbox 277 2055 561 2119; x_wconf 79' lang='grc' dir='ltr'>ἀνάστασιν,</span> <span class='ocrx_word' id='word_1_242' title='bbox 602 2058 886 2124; x_wconf 86' lang='grc' dir='ltr'>ἐνεργούσης</span> <span class='ocrx_word' id='word_1_243' title='bbox 927 2058 1149 2123; x_wconf 89' lang='grc' dir='ltr'>δηλονότι</span> <span class='ocrx_word' id='word_1_244' title='bbox 1194 2059 1248 2110; x_wconf 83' lang='grc' dir='ltr'>τὸ</span> <span class='ocrx_word' id='word_1_245' title='bbox 1292 2064 1493 2126; x_wconf 82' lang='grc' dir='ltr'>πρᾶγμα</span> <span class='ocrx_word' id='word_1_246' title='bbox 1535 2062 1617 2123; x_wconf 86' lang='grc' dir='ltr'>τῆς</span> <span class='ocrx_word' id='word_1_247' title='bbox 1661 2058 1864 2126; x_wconf 84' lang='grc' dir='ltr'>ἀρῥήτου</span> 
     </span>
    </p>

    <p class='ocr_par' dir='ltr' id='par_1_26' title="bbox 231 2137 1862 2286">
     <span class='ocr_line' id='line_1_27' title="bbox 231 2137 1296 2207; baseline 0.005 -20"><span class='ocrx_word' id='word_1_248' title='bbox 231 2137 514 2200; x_wconf 64' lang='grc' dir='ltr'>Βδυνάμεως</span> <span class='ocrx_word' id='word_1_249' title='bbox 552 2145 635 2189; x_wconf 89' lang='grc' dir='ltr'>τοῦ</span> <span class='ocrx_word' id='word_1_250' title='bbox 673 2138 830 2190; x_wconf 80' lang='grc' dir='ltr'>πάντα</span> <span class='ocrx_word' id='word_1_251' title='bbox 869 2139 1120 2207; x_wconf 79' lang='grc' dir='ltr'>ἰσχύοντος</span> <span class='ocrx_word' id='word_1_252' title='bbox 1160 2145 1296 2193; x_wconf 91' lang='grc' dir='ltr'>Θεοῦ.</span> 
     </span>
     <span class='ocr_line' id='line_1_28' title="bbox 352 2218 1862 2286; baseline 0.005 -18"><span class='ocrx_word' id='word_1_253' title='bbox 352 2218 447 2269; x_wconf 81' lang='grc' dir='ltr'>Διά</span> <span class='ocrx_word' id='word_1_254' title='bbox 485 2220 578 2286; x_wconf 80' lang='grc' dir='ltr'>γάρ</span> <span class='ocrx_word' id='word_1_255' title='bbox 617 2244 688 2271; x_wconf 91' lang='grc' dir='ltr'>τοι</span> <span class='ocrx_word' id='word_1_256' title='bbox 726 2227 864 2272; x_wconf 89' lang='grc' dir='ltr'>τοῦτο</span> <span class='ocrx_word' id='word_1_257' title='bbox 903 2224 978 2272; x_wconf 77' lang='grc' dir='ltr'>καὶ</span> <span class='ocrx_word' id='word_1_258' title='bbox 1019 2223 1044 2272; x_wconf 82' lang='grc' dir='ltr'>ὁ</span> <span class='ocrx_word' id='word_1_259' title='bbox 1085 2222 1225 2286; x_wconf 90' lang='grc' dir='ltr'>νόμος</span> <span class='ocrx_word' id='word_1_260' title='bbox 1264 2222 1339 2273; x_wconf 80' lang='grc' dir='ltr'>διὰ</span> <span class='ocrx_word' id='word_1_261' title='bbox 1373 2222 1634 2285; x_wconf 86' lang='grc' dir='ltr'>Μωυσέως,</span> <span class='ocrx_word' id='word_1_262' title='bbox 1667 2221 1744 2273; x_wconf 80' lang='grc' dir='ltr'>ὅτε</span> <span class='ocrx_word' id='word_1_263' title='bbox 1780 2225 1862 2286; x_wconf 80' lang='grc' dir='ltr'>τῆς</span> 
     </span>
    </p>
   </div>
   <div class='ocr_carea' id='block_1_3' title="bbox 277 2335 1864 2989">
    <p class='ocr_par' dir='ltr' id='par_1_27' title="bbox 277 2335 1864 2989">
     <span class='ocr_line' id='line_1_29' title="bbox 327 2335 1862 2383; baseline 0.004 -15"><span class='ocrx_word' id='word_1_264' title='bbox 327 2345 358 2369; x_wconf 87' lang='grc'>2.</span> <span class='ocrx_word' id='word_1_265' title='bbox 383 2335 468 2378; x_wconf 85' lang='grc' dir='ltr'>πρὸς</span> <span class='ocrx_word' id='word_1_266' title='bbox 484 2336 541 2369; x_wconf 89' lang='grc' dir='ltr'>τὸν</span> <span class='ocrx_word' id='word_1_267' title='bbox 557 2336 748 2371; x_wconf 81' lang='grc' dir='ltr'>καλέσαντα</span> <span class='ocrx_word' id='word_1_268' title='bbox 765 2337 910 2383; x_wconf 80' lang='grc' dir='ltr'>τρέχων]</span> <span class='ocrx_word' id='word_1_269' title='bbox 930 2339 1077 2381; x_wconf 77' lang='grc' dir='ltr'>βαδίζων</span> <span class='ocrx_word' id='word_1_270' title='bbox 1093 2340 1178 2382; x_wconf 83' lang='grc' dir='ltr'>πρὸς</span> <span class='ocrx_word' id='word_1_271' title='bbox 1194 2340 1253 2373; x_wconf 83' lang='grc' dir='ltr'>τὸν</span> <span class='ocrx_word' id='word_1_272' title='bbox 1269 2339 1460 2373; x_wconf 84' lang='grc' dir='ltr'>καλέσαντα</span> <span class='ocrx_word' id='word_1_273' title='bbox 1477 2351 1525 2373; x_wconf 88' lang='lat' dir='ltr'>m.</span> <span class='ocrx_word' id='word_1_274' title='bbox 1724 2351 1757 2382; x_wconf 91' lang='lat'>4.</span> <span class='ocrx_word' id='word_1_275' title='bbox 1787 2339 1862 2374; x_wconf 88' lang='lat' dir='ltr'><strong>Ine.</strong></span> 
     </span>
     <span class='ocr_line' id='line_1_30' title="bbox 278 2380 1864 2430; baseline 0.004 -16"><span class='ocrx_word' id='word_1_276' title='bbox 278 2380 466 2425; x_wconf 83' lang='grc' dir='ltr'>θεοπρεπὴς</span> <span class='ocrx_word' id='word_1_277' title='bbox 482 2383 543 2426; x_wconf 76' lang='grc' dir='ltr'>μὲν</span> <span class='ocrx_word' id='word_1_278' title='bbox 561 2384 578 2415; x_wconf 92' lang='grc' dir='ltr'><em>ὁ</em></span> <span class='ocrx_word' id='word_1_279' title='bbox 596 2395 625 2416; x_wconf 89' lang='lat' dir='ltr'>c.</span> <span class='ocrx_word' id='word_1_280' title='bbox 646 2383 752 2417; x_wconf 59' lang='lat' dir='ltr'><strong>(jord.</strong></span> <span class='ocrx_word' id='word_1_281' title='bbox 771 2384 831 2426; x_wconf 81' lang='grc' dir='ltr'>μὲν</span> <span class='ocrx_word' id='word_1_282' title='bbox 848 2397 911 2429; x_wconf 83' lang='lat' dir='ltr'>pro</span> <span class='ocrx_word' id='word_1_283' title='bbox 929 2386 994 2430; x_wconf 81' lang='grc' dir='ltr'>γὰρ</span> <span class='ocrx_word' id='word_1_284' title='bbox 1013 2385 1153 2419; x_wconf 80' lang='lat' dir='ltr'>exhibet</span> <span class='ocrx_word' id='word_1_285' title='bbox 1171 2392 1203 2419; x_wconf 81' lang='lat' dir='ltr'>et</span> <span class='ocrx_word' id='word_1_286' title='bbox 1221 2397 1251 2419; x_wconf 85' lang='lat' dir='ltr'>a.</span> <span class='ocrx_word' id='word_1_287' title='bbox 1316 2387 1354 2419; x_wconf 87' lang='grc' dir='ltr'>τὸ</span> <span class='ocrx_word' id='word_1_288' title='bbox 1372 2398 1442 2419; x_wconf 83' lang='lat' dir='ltr'><strong>Oln.</strong></span> <span class='ocrx_word' id='word_1_289' title='bbox 1461 2398 1490 2420; x_wconf 83' lang='lat' dir='ltr'>C.</span> <span class='ocrx_word' id='word_1_290' title='bbox 1511 2384 1617 2420; x_wconf 85' lang='lat' dir='ltr'><strong>Cord.</strong></span> <span class='ocrx_word' id='word_1_291' title='bbox 1715 2395 1748 2427; x_wconf 89' lang='lat'>5.</span> <span class='ocrx_word' id='word_1_292' title='bbox 1775 2386 1864 2430; x_wconf 75' lang='grc' dir='ltr'>ἔχων</span> 
     </span>
     <span class='ocr_line' id='line_1_31' title="bbox 278 2428 1862 2478; baseline 0.003 -16"><span class='ocrx_word' id='word_1_293' title='bbox 278 2440 308 2462; x_wconf 89' lang='lat' dir='ltr'>c.</span> <span class='ocrx_word' id='word_1_294' title='bbox 330 2428 436 2462; x_wconf 83' lang='lat' dir='ltr'><strong>Cord.</strong></span> <span class='ocrx_word' id='word_1_295' title='bbox 531 2430 589 2472; x_wconf 78' lang='grc' dir='ltr'>τῆς</span> <span class='ocrx_word' id='word_1_296' title='bbox 612 2441 680 2463; x_wconf 87' lang='lat' dir='ltr'>om.</span> <span class='ocrx_word' id='word_1_297' title='bbox 701 2430 796 2464; x_wconf 83' lang='lat' dir='ltr'><strong>Aub.</strong></span> <span class='ocrx_word' id='word_1_298' title='bbox 1131 2432 1163 2465; x_wconf 91' lang='lat'>6.</span> <span class='ocrx_word' id='word_1_299' title='bbox 1198 2434 1324 2477; x_wconf 82' lang='grc' dir='ltr'>κραυγῇ</span> <span class='ocrx_word' id='word_1_300' title='bbox 1351 2433 1502 2478; x_wconf 85' lang='grc' dir='ltr'>χρῆσθαι</span> <span class='ocrx_word' id='word_1_301' title='bbox 1524 2433 1661 2466; x_wconf 82' lang='lat' dir='ltr'>inverso</span> <span class='ocrx_word' id='word_1_302' title='bbox 1685 2432 1806 2466; x_wconf 87' lang='lat' dir='ltr'>ordine</span> <span class='ocrx_word' id='word_1_303' title='bbox 1831 2445 1862 2466; x_wconf 87' lang='lat' dir='ltr'>a.</span> 
     </span>
     <span class='ocr_line' id='line_1_32' title="bbox 279 2476 1861 2522; baseline 0.003 -14"><span class='ocrx_word' id='word_1_304' title='bbox 279 2482 311 2518; x_wconf 90' lang='lat'>7.</span> <span class='ocrx_word' id='word_1_305' title='bbox 336 2476 508 2510; x_wconf 80' lang='grc' dir='ltr'>παντελῶς</span> <span class='ocrx_word' id='word_1_306' title='bbox 525 2476 678 2509; x_wconf 81' lang='lat' dir='ltr'><strong>a.c.k.1n.</strong></span> <span class='ocrx_word' id='word_1_307' title='bbox 700 2476 805 2511; x_wconf 85' lang='lat' dir='ltr'><strong>Cord.</strong></span> <span class='ocrx_word' id='word_1_308' title='bbox 823 2480 998 2522; x_wconf 82' lang='grc' dir='ltr'>πανταχοῦ</span> <span class='ocrx_word' id='word_1_309' title='bbox 1018 2477 1094 2512; x_wconf 82' lang='lat' dir='ltr'>Cat.</span> <span class='ocrx_word' id='word_1_310' title='bbox 1116 2478 1214 2513; x_wconf 83' lang='lat' dir='ltr'>Harl.</span> <span class='ocrx_word' id='word_1_311' title='bbox 1235 2479 1300 2512; x_wconf 82' lang='lat' dir='ltr'>Ed.</span> <span class='ocrx_word' id='word_1_312' title='bbox 1480 2490 1533 2513; x_wconf 94' lang='lat'>10.</span> <span class='ocrx_word' id='word_1_313' title='bbox 1559 2479 1707 2522; x_wconf 81' lang='grc' dir='ltr'>ἀληθοῦς</span> <span class='ocrx_word' id='word_1_314' title='bbox 1724 2491 1794 2512; x_wconf 90' lang='lat' dir='ltr'>om.</span> <span class='ocrx_word' id='word_1_315' title='bbox 1813 2491 1861 2513; x_wconf 89' lang='lat' dir='ltr'>m.</span> 
     </span>
     <span class='ocr_line' id='line_1_33' title="bbox 277 2519 1862 2571; baseline 0.004 -18"><span class='ocrx_word' id='word_1_316' title='bbox 277 2519 377 2566; x_wconf 75' lang='grc' dir='ltr'>ἔργα]</span> <span class='ocrx_word' id='word_1_317' title='bbox 399 2522 510 2566; x_wconf 72' lang='lat' dir='ltr'>pergit</span> <span class='ocrx_word' id='word_1_318' title='bbox 534 2523 567 2556; x_wconf 86' lang='grc' dir='ltr'>τί</span> <span class='ocrx_word' id='word_1_319' title='bbox 591 2522 650 2556; x_wconf 73' lang='grc' dir='ltr'>οὖν</span> <span class='ocrx_word' id='word_1_320' title='bbox 672 2523 812 2557; x_wconf 78' lang='grc' dir='ltr'>ἐνταῦθα</span> <span class='ocrx_word' id='word_1_321' title='bbox 838 2524 855 2567; x_wconf 88' lang='grc' dir='ltr'>ἡ</span> <span class='ocrx_word' id='word_1_322' title='bbox 883 2525 1008 2569; x_wconf 82' lang='grc' dir='ltr'>κραυγὴ</span> <span class='ocrx_word' id='word_1_323' title='bbox 1034 2524 1196 2564; x_wconf 75' lang='grc' dir='ltr'>βούλεται</span> <span class='ocrx_word' id='word_1_324' title='bbox 1221 2525 1326 2560; x_wconf 81' lang='grc' dir='ltr'>τύπον</span> <span class='ocrx_word' id='word_1_325' title='bbox 1342 2526 1419 2571; x_wconf 84' lang='grc'>(17)</span> <span class='ocrx_word' id='word_1_326' title='bbox 1437 2537 1485 2560; x_wconf 90' lang='lat' dir='ltr'>m.</span> <span class='ocrx_word' id='word_1_327' title='bbox 1572 2528 1672 2559; x_wconf 84' lang='grc' dir='ltr'>τοῦτο</span> <span class='ocrx_word' id='word_1_328' title='bbox 1698 2525 1734 2559; x_wconf 81' lang='grc' dir='ltr'>δέ</span> <span class='ocrx_word' id='word_1_329' title='bbox 1759 2526 1862 2559; x_wconf 82' lang='lat' dir='ltr'><strong>a.C.k.</strong></span> 
     </span>
     <span class='ocr_line' id='line_1_34' title="bbox 279 2566 1862 2613; baseline 0.003 -13"><span class='ocrx_word' id='word_1_330' title='bbox 279 2566 386 2601; x_wconf 85' lang='lat' dir='ltr'><strong>Cord.</strong></span> <span class='ocrx_word' id='word_1_331' title='bbox 405 2571 509 2602; x_wconf 85' lang='grc' dir='ltr'>ταῦτα</span> <span class='ocrx_word' id='word_1_332' title='bbox 527 2569 562 2602; x_wconf 77' lang='grc' dir='ltr'>δὲ</span> <span class='ocrx_word' id='word_1_333' title='bbox 580 2569 620 2602; x_wconf 86' lang='grc' dir='ltr'>τὰ</span> <span class='ocrx_word' id='word_1_334' title='bbox 638 2571 696 2613; x_wconf 80' lang='grc' dir='ltr'>τῆς</span> <span class='ocrx_word' id='word_1_335' title='bbox 713 2570 860 2613; x_wconf 75' lang='grc' dir='ltr'>ἀληθοῦς</span> <span class='ocrx_word' id='word_1_336' title='bbox 879 2571 956 2605; x_wconf 83' lang='lat' dir='ltr'><strong>Cat.</strong></span> <span class='ocrx_word' id='word_1_337' title='bbox 977 2571 1075 2605; x_wconf 85' lang='lat' dir='ltr'>Harl.</span> <span class='ocrx_word' id='word_1_338' title='bbox 1096 2572 1162 2607; x_wconf 86' lang='lat' dir='ltr'>Ed.</span> <span class='ocrx_word' id='word_1_339' title='bbox 1261 2583 1314 2606; x_wconf 91' lang='grc' dir='ltr'>ΙΙ.</span> <span class='ocrx_word' id='word_1_340' title='bbox 1341 2573 1393 2606; x_wconf 80' lang='grc' dir='ltr'>καὶ</span> <span class='ocrx_word' id='word_1_341' title='bbox 1412 2584 1482 2607; x_wconf 84' lang='lat' dir='ltr'>om.</span> <span class='ocrx_word' id='word_1_342' title='bbox 1503 2571 1610 2606; x_wconf 83' lang='lat' dir='ltr'><strong>Cord.</strong></span> <span class='ocrx_word' id='word_1_343' title='bbox 1710 2583 1764 2605; x_wconf 91' lang='lat'>12.</span> <span class='ocrx_word' id='word_1_344' title='bbox 1787 2571 1862 2606; x_wconf 83' lang='grc' dir='ltr'>ἆνε-</span> 
     </span>
     <span class='ocr_line' id='line_1_35' title="bbox 278 2615 1862 2662; baseline 0.003 -15"><span class='ocrx_word' id='word_1_345' title='bbox 278 2616 481 2659; x_wconf 84' lang='grc' dir='ltr'>κεκραγότος</span> <span class='ocrx_word' id='word_1_346' title='bbox 501 2615 580 2659; x_wconf 82' lang='lat' dir='ltr'>(sic)</span> <span class='ocrx_word' id='word_1_347' title='bbox 601 2628 629 2650; x_wconf 85' lang='lat' dir='ltr'>c.</span> <span class='ocrx_word' id='word_1_348' title='bbox 647 2616 912 2662; x_wconf 79' lang='grc' dir='ltr'>ἀνακεκραγότος</span> <span class='ocrx_word' id='word_1_349' title='bbox 931 2617 1038 2652; x_wconf 84' lang='lat' dir='ltr'><strong>Cord.</strong></span> <span class='ocrx_word' id='word_1_350' title='bbox 1149 2630 1201 2661; x_wconf 86' lang='lat'>14.</span> <span class='ocrx_word' id='word_1_351' title='bbox 1227 2616 1309 2653; x_wconf 78' lang='grc' dir='ltr'>εἶναι</span> <span class='ocrx_word' id='word_1_352' title='bbox 1331 2619 1436 2653; x_wconf 85' lang='lat' dir='ltr'><strong>Cord.</strong></span> <span class='ocrx_word' id='word_1_353' title='bbox 1499 2619 1625 2652; x_wconf 78' lang='lat' dir='ltr'>Statim</span> <span class='ocrx_word' id='word_1_354' title='bbox 1642 2619 1681 2652; x_wconf 88' lang='grc' dir='ltr'>τὸ</span> <span class='ocrx_word' id='word_1_355' title='bbox 1700 2630 1763 2662; x_wconf 89' lang='lat' dir='ltr'>pro</span> <span class='ocrx_word' id='word_1_356' title='bbox 1779 2618 1862 2652; x_wconf 76' lang='grc' dir='ltr'>ποτὲ</span> 
     </span>
     <span class='ocr_line' id='line_1_36' title="bbox 279 2661 1861 2710; baseline 0.003 -17"><span class='ocrx_word' id='word_1_357' title='bbox 279 2661 374 2695; x_wconf 82' lang='lat' dir='ltr'><strong>Aub.</strong></span> <span class='ocrx_word' id='word_1_358' title='bbox 440 2661 457 2704; x_wconf 86' lang='grc' dir='ltr'>ἢ</span> <span class='ocrx_word' id='word_1_359' title='bbox 477 2663 752 2707; x_wconf 81' lang='lat' dir='ltr'>suprascriptum</span> <span class='ocrx_word' id='word_1_360' title='bbox 774 2664 850 2699; x_wconf 77' lang='lat' dir='ltr'><strong>Cat.</strong></span> <span class='ocrx_word' id='word_1_361' title='bbox 872 2665 972 2698; x_wconf 79' lang='lat' dir='ltr'><strong>Harl.</strong></span> <span class='ocrx_word' id='word_1_362' title='bbox 992 2676 1061 2699; x_wconf 87' lang='lat' dir='ltr'>om.</span> <span class='ocrx_word' id='word_1_363' title='bbox 1081 2665 1174 2700; x_wconf 84' lang='lat' dir='ltr'><strong>Aub.</strong></span> <span class='ocrx_word' id='word_1_364' title='bbox 1275 2674 1327 2710; x_wconf 85' lang='lat'>15.</span> <span class='ocrx_word' id='word_1_365' title='bbox 1353 2669 1424 2701; x_wconf 83' lang='grc' dir='ltr'>πῶς</span> <span class='ocrx_word' id='word_1_366' title='bbox 1441 2665 1499 2700; x_wconf 72' lang='grc' dir='ltr'>οὖν</span> <span class='ocrx_word' id='word_1_367' title='bbox 1516 2665 1686 2710; x_wconf 82' lang='grc' dir='ltr'>ἐνδέχεται</span> <span class='ocrx_word' id='word_1_368' title='bbox 1704 2677 1772 2698; x_wconf 91' lang='lat' dir='ltr'>om.</span> <span class='ocrx_word' id='word_1_369' title='bbox 1791 2665 1861 2698; x_wconf 85' lang='lat' dir='ltr'><strong>a.k.</strong></span> 
     </span>
     <span class='ocr_line' id='line_1_37' title="bbox 279 2706 1861 2756; baseline 0.003 -16"><span class='ocrx_word' id='word_1_370' title='bbox 279 2706 410 2741; x_wconf 81' lang='lat' dir='ltr'>habent</span> <span class='ocrx_word' id='word_1_371' title='bbox 428 2720 457 2742; x_wconf 89' lang='lat' dir='ltr'>c.</span> <span class='ocrx_word' id='word_1_372' title='bbox 479 2708 555 2743; x_wconf 85' lang='lat' dir='ltr'><strong>Cat.</strong></span> <span class='ocrx_word' id='word_1_373' title='bbox 576 2710 675 2744; x_wconf 80' lang='lat' dir='ltr'><strong>Harl.</strong></span> <span class='ocrx_word' id='word_1_374' title='bbox 697 2710 801 2745; x_wconf 59' lang='grc' dir='ltr'>(ἐπεὶ.</span> <span class='ocrx_word' id='word_1_375' title='bbox 876 2710 894 2754; x_wconf 87' lang='grc' dir='ltr'>ἡ</span> <span class='ocrx_word' id='word_1_376' title='bbox 914 2711 1040 2756; x_wconf 80' lang='grc' dir='ltr'>κραυγὴ</span> <span class='ocrx_word' id='word_1_377' title='bbox 1059 2723 1129 2745; x_wconf 87' lang='lat' dir='ltr'>om.</span> <span class='ocrx_word' id='word_1_378' title='bbox 1149 2723 1178 2746; x_wconf 85' lang='lat' dir='ltr'>c.</span> <span class='ocrx_word' id='word_1_379' title='bbox 1199 2710 1304 2747; x_wconf 83' lang='lat' dir='ltr'><strong>Cord.</strong></span> <span class='ocrx_word' id='word_1_380' title='bbox 1385 2712 1511 2746; x_wconf 83' lang='lat' dir='ltr'>Statim</span> <span class='ocrx_word' id='word_1_381' title='bbox 1529 2713 1581 2745; x_wconf 82' lang='grc' dir='ltr'>καὶ</span> <span class='ocrx_word' id='word_1_382' title='bbox 1597 2713 1776 2756; x_wconf 83' lang='grc' dir='ltr'>πρόφασιν</span> <span class='ocrx_word' id='word_1_383' title='bbox 1793 2723 1861 2745; x_wconf 83' lang='lat' dir='ltr'><strong>ass.</strong></span> 
     </span>
     <span class='ocr_line' id='line_1_38' title="bbox 280 2754 1860 2803; baseline 0.003 -17"><span class='ocrx_word' id='word_1_384' title='bbox 280 2764 322 2786; x_wconf 78' lang='lat' dir='ltr'>ex</span> <span class='ocrx_word' id='word_1_385' title='bbox 340 2754 445 2788; x_wconf 83' lang='lat' dir='ltr'><strong>a.c.k.</strong></span> <span class='ocrx_word' id='word_1_386' title='bbox 466 2755 573 2789; x_wconf 86' lang='lat' dir='ltr'><strong>Cord.</strong></span> <span class='ocrx_word' id='word_1_387' title='bbox 766 2766 819 2801; x_wconf 91' lang='lat'>17.</span> <span class='ocrx_word' id='word_1_388' title='bbox 845 2757 950 2791; x_wconf 77' lang='grc' dir='ltr'>τύπον</span> <span class='ocrx_word' id='word_1_389' title='bbox 966 2758 1017 2792; x_wconf 81' lang='lat' dir='ltr'>lit.</span> <span class='ocrx_word' id='word_1_390' title='bbox 1036 2759 1181 2803; x_wconf 80' lang='lat' dir='ltr'><strong>majusc.</strong></span> <span class='ocrx_word' id='word_1_391' title='bbox 1199 2759 1299 2803; x_wconf 84' lang='lat' dir='ltr'>quasi</span> <span class='ocrx_word' id='word_1_392' title='bbox 1317 2758 1427 2792; x_wconf 84' lang='lat' dir='ltr'><strong>schol.</strong></span> <span class='ocrx_word' id='word_1_393' title='bbox 1445 2770 1577 2793; x_wconf 88' lang='lat' dir='ltr'>novum</span> <span class='ocrx_word' id='word_1_394' title='bbox 1594 2758 1762 2802; x_wconf 85' lang='lat' dir='ltr'>incipiens</span> <span class='ocrx_word' id='word_1_395' title='bbox 1783 2756 1860 2791; x_wconf 84' lang='lat' dir='ltr'><strong>Cat.</strong></span> 
     </span>
     <span class='ocr_line' id='line_1_39' title="bbox 283 2799 1859 2850; baseline 0.003 -18"><span class='ocrx_word' id='word_1_396' title='bbox 283 2799 383 2834; x_wconf 79' lang='lat' dir='ltr'><strong>Harl.</strong></span> <span class='ocrx_word' id='word_1_397' title='bbox 482 2812 537 2836; x_wconf 89' lang='lat'>20.</span> <span class='ocrx_word' id='word_1_398' title='bbox 564 2804 677 2836; x_wconf 80' lang='grc' dir='ltr'>καλεῖν</span> <span class='ocrx_word' id='word_1_399' title='bbox 694 2814 723 2836; x_wconf 86' lang='lat' dir='ltr'>c.</span> <span class='ocrx_word' id='word_1_400' title='bbox 787 2803 1068 2847; x_wconf 83' lang='grc' dir='ltr'>πεπιστεύκαμεν·</span> <span class='ocrx_word' id='word_1_401' title='bbox 1088 2806 1170 2838; x_wconf 86' lang='grc' dir='ltr'>κατὰ</span> <span class='ocrx_word' id='word_1_402' title='bbox 1187 2805 1222 2839; x_wconf 80' lang='grc' dir='ltr'>δέ</span> <span class='ocrx_word' id='word_1_403' title='bbox 1240 2806 1298 2849; x_wconf 86' lang='grc' dir='ltr'>τὴν</span> <span class='ocrx_word' id='word_1_404' title='bbox 1312 2805 1388 2850; x_wconf 87' lang='lat'><strong>(21)</strong></span> <span class='ocrx_word' id='word_1_405' title='bbox 1402 2817 1448 2839; x_wconf 89' lang='lat' dir='ltr'>m.</span> <span class='ocrx_word' id='word_1_406' title='bbox 1513 2804 1732 2850; x_wconf 88' lang='grc' dir='ltr'>λογισώμεθα</span> <span class='ocrx_word' id='word_1_407' title='bbox 1751 2803 1859 2837; x_wconf 88' lang='lat' dir='ltr'><strong>Cord.</strong></span> 
     </span>
     <span class='ocr_line' id='line_1_40' title="bbox 283 2844 1859 2896; baseline 0.003 -19"><span class='ocrx_word' id='word_1_408' title='bbox 283 2844 409 2879; x_wconf 79' lang='lat' dir='ltr'>Statim</span> <span class='ocrx_word' id='word_1_409' title='bbox 427 2847 492 2892; x_wconf 84' lang='grc' dir='ltr'>γὰρ</span> <span class='ocrx_word' id='word_1_410' title='bbox 511 2859 540 2881; x_wconf 84' lang='lat' dir='ltr'>c.</span> <span class='ocrx_word' id='word_1_411' title='bbox 558 2851 641 2893; x_wconf 84' lang='grc' dir='ltr'>γοῦν</span> <span class='ocrx_word' id='word_1_412' title='bbox 659 2849 764 2883; x_wconf 85' lang='lat' dir='ltr'><strong>COl&#39;d.</strong></span> <span class='ocrx_word' id='word_1_413' title='bbox 783 2864 819 2883; x_wconf 87' lang='grc' dir='ltr'>τε</span> <span class='ocrx_word' id='word_1_414' title='bbox 836 2850 966 2884; x_wconf 79' lang='lat' dir='ltr'>habent</span> <span class='ocrx_word' id='word_1_415' title='bbox 983 2851 1019 2884; x_wconf 89' lang='lat' dir='ltr'>k.</span> <span class='ocrx_word' id='word_1_416' title='bbox 1040 2850 1116 2885; x_wconf 77' lang='lat' dir='ltr'><strong>Cat.</strong></span> <span class='ocrx_word' id='word_1_417' title='bbox 1138 2851 1239 2885; x_wconf 77' lang='lat' dir='ltr'><strong>Harl.</strong></span> <span class='ocrx_word' id='word_1_418' title='bbox 1367 2862 1421 2885; x_wconf 85' lang='lat'>22.</span> <span class='ocrx_word' id='word_1_419' title='bbox 1447 2850 1581 2896; x_wconf 83' lang='grc' dir='ltr'>φωνὴν]</span> <span class='ocrx_word' id='word_1_420' title='bbox 1609 2855 1642 2890; x_wconf 66' lang='lat' dir='ltr'>-f—</span> <span class='ocrx_word' id='word_1_421' title='bbox 1663 2850 1716 2883; x_wconf 81' lang='grc' dir='ltr'>καὶ</span> <span class='ocrx_word' id='word_1_422' title='bbox 1733 2848 1859 2893; x_wconf 81' lang='grc' dir='ltr'>κραυγή</span> 
     </span>
     <span class='ocr_line' id='line_1_41' title="bbox 281 2892 1860 2942; baseline 0.004 -19"><span class='ocrx_word' id='word_1_423' title='bbox 281 2905 331 2925; x_wconf 87' lang='grc' dir='ltr'>τις</span> <span class='ocrx_word' id='word_1_424' title='bbox 347 2892 445 2926; x_wconf 77' lang='grc' dir='ltr'>ἕσται</span> <span class='ocrx_word' id='word_1_425' title='bbox 463 2894 515 2927; x_wconf 86' lang='grc' dir='ltr'>διὰ</span> <span class='ocrx_word' id='word_1_426' title='bbox 532 2896 680 2930; x_wconf 81' lang='grc' dir='ltr'>πίστεως</span> <span class='ocrx_word' id='word_1_427' title='bbox 697 2896 731 2930; x_wconf 81' lang='grc' dir='ltr'>ἐν</span> <span class='ocrx_word' id='word_1_428' title='bbox 749 2897 918 2941; x_wconf 84' lang='grc' dir='ltr'>σάλπιγγι</span> <span class='ocrx_word' id='word_1_429' title='bbox 937 2897 995 2939; x_wconf 82' lang='lat' dir='ltr'><strong>(cf.</strong></span> <span class='ocrx_word' id='word_1_430' title='bbox 1014 2897 1073 2931; x_wconf 85' lang='lat' dir='ltr'>lin.</span> <span class='ocrx_word' id='word_1_431' title='bbox 1094 2897 1374 2942; x_wconf 80' lang='lat' dir='ltr'>praecedentem)</span> <span class='ocrx_word' id='word_1_432' title='bbox 1391 2910 1439 2932; x_wconf 91' lang='lat' dir='ltr'>m.</span> <span class='ocrx_word' id='word_1_433' title='bbox 1606 2907 1661 2942; x_wconf 86' lang='lat'>25.</span> <span class='ocrx_word' id='word_1_434' title='bbox 1688 2894 1768 2941; x_wconf 84' lang='grc' dir='ltr'>Διὰ]</span> <span class='ocrx_word' id='word_1_435' title='bbox 1792 2895 1860 2929; x_wconf 87' lang='lat' dir='ltr'>Hic</span> 
     </span>
     <span class='ocr_line' id='line_1_42' title="bbox 281 2937 1593 2989; baseline 0.005 -19"><span class='ocrx_word' id='word_1_436' title='bbox 281 2937 349 2972; x_wconf 87' lang='lat' dir='ltr'>ine.</span> <span class='ocrx_word' id='word_1_437' title='bbox 368 2937 403 2972; x_wconf 88' lang='lat' dir='ltr'>b.</span> <span class='ocrx_word' id='word_1_438' title='bbox 421 2945 453 2973; x_wconf 80' lang='lat' dir='ltr'>et</span> <span class='ocrx_word' id='word_1_439' title='bbox 472 2940 513 2974; x_wconf 85' lang='lat' dir='ltr'>de</span> <span class='ocrx_word' id='word_1_440' title='bbox 532 2953 623 2976; x_wconf 83' lang='lat' dir='ltr'>novo</span> <span class='ocrx_word' id='word_1_441' title='bbox 642 2954 670 2976; x_wconf 88' lang='lat' dir='ltr'>c.</span> <span class='ocrx_word' id='word_1_442' title='bbox 691 2941 798 2977; x_wconf 82' lang='lat' dir='ltr'><strong>Cord.</strong></span> <span class='ocrx_word' id='word_1_443' title='bbox 871 2943 925 2977; x_wconf 84' lang='grc' dir='ltr'>διὰ</span> <span class='ocrx_word' id='word_1_444' title='bbox 945 2944 1118 2980; x_wconf 82' lang='grc' dir='ltr'>Μωυσέως</span> <span class='ocrx_word' id='word_1_445' title='bbox 1134 2946 1234 2989; x_wconf 79' lang='grc' dir='ltr'>νόμος</span> <span class='ocrx_word' id='word_1_446' title='bbox 1251 2944 1388 2979; x_wconf 81' lang='lat' dir='ltr'>inverso</span> <span class='ocrx_word' id='word_1_447' title='bbox 1406 2943 1528 2978; x_wconf 84' lang='lat' dir='ltr'>ordine</span> <span class='ocrx_word' id='word_1_448' title='bbox 1545 2955 1593 2977; x_wconf 90' lang='lat' dir='ltr'>m.</span> 
     </span>
    </p>
   </div>
   <div class='ocr_carea' id='block_1_4' title="bbox 1881 595 1903 634">
    <p class='ocr_par' dir='ltr' id='par_1_28' title="bbox 1881 595 1903 634">
     <span class='ocr_line' id='line_1_43' title="bbox 1881 595 1903 634; textangle 90"><span class='ocrx_word' id='word_1_449' title='bbox 1881 595 1903 634; x_wconf 69' lang='lat'>01</span> 
     </span>
    </p>
   </div>
   <div class='ocr_carea' id='block_1_5' title="bbox 1885 1009 1933 1034">
    <p class='ocr_par' dir='ltr' id='par_1_29' title="bbox 1885 1009 1933 1034">
     <span class='ocr_line' id='line_1_44' title="bbox 1885 1009 1933 1034; baseline 0 0"><span class='ocrx_word' id='word_1_450' title='bbox 1885 1009 1933 1034; x_wconf 92' lang='lat'>10</span> 
     </span>
    </p>
   </div>
   <div class='ocr_carea' id='block_1_6' title="bbox 1883 1420 1930 1458">
    <p class='ocr_par' dir='ltr' id='par_1_30' title="bbox 1883 1420 1930 1458">
     <span class='ocr_line' id='line_1_45' title="bbox 1883 1420 1930 1458; baseline 0 0"><span class='ocrx_word' id='word_1_451' title='bbox 1883 1420 1930 1458; x_wconf 92' lang='lat'>15</span> 
     </span>
    </p>
   </div>
   <div class='ocr_carea' id='block_1_7' title="bbox 1883 1831 1934 1856">
    <p class='ocr_par' dir='ltr' id='par_1_31' title="bbox 1883 1831 1934 1856">
     <span class='ocr_line' id='line_1_46' title="bbox 1883 1831 1934 1856; baseline 0 0"><span class='ocrx_word' id='word_1_452' title='bbox 1883 1831 1934 1856; x_wconf 91' lang='lat'>20</span> 
     </span>
    </p>
   </div>
   <div class='ocr_carea' id='block_1_8' title="bbox 1885 2242 1934 2279">
    <p class='ocr_par' dir='ltr' id='par_1_32' title="bbox 1885 2242 1934 2279">
     <span class='ocr_line' id='line_1_47' title="bbox 1885 2242 1934 2279; baseline 0 0"><span class='ocrx_word' id='word_1_453' title='bbox 1885 2242 1934 2279; x_wconf 88' lang='lat'>25</span> 
     </span>
    </p>
   </div>
  </div>
 </body>
</html>
