<?xml version="1.0" encoding="UTF-8"?>
<!DOCTYPE html PUBLIC "-//W3C//DTD XHTML 1.0 Transitional//EN"
    "http://www.w3.org/TR/xhtml1/DTD/xhtml1-transitional.dtd">
<html xmlns="http://www.w3.org/1999/xhtml" xml:lang="en" lang="en">
 <head>
  <title>
</title>
<meta http-equiv="Content-Type" content="text/html;charset=utf-8" />
  <meta name='ocr-system' content='tesseract 3.04.00' />
  <meta name='ocr-capabilities' content='ocr_page ocr_carea ocr_par ocr_line ocrx_word'/>
</head>
<body>
  <div class='ocr_page' id='page_1' title='image "./operacyrilli04cyriuoft/operacyrilli04cyriuoft_0055.png"; bbox 0 0 1971 3272; ppageno 0'>
   <div class='ocr_carea' id='block_1_1' title="bbox 75 148 1659 193">
    <p class='ocr_par' dir='ltr' id='par_1_1' title="bbox 75 148 1659 193">
     <span class='ocr_line' id='line_1_1' title="bbox 75 148 1659 193; baseline -0.003 -3"><span class='ocrx_word' id='word_1_1' title='bbox 75 150 161 191; x_wconf 89' lang='lat' dir='ltr'>viii.</span> <span class='ocrx_word' id='word_1_2' title='bbox 183 150 247 193; x_wconf 82' lang='lat'>28.</span> <span class='ocrx_word' id='word_1_3' title='bbox 333 150 404 190; x_wconf 85' lang='lat' dir='ltr'>IN</span> <span class='ocrx_word' id='word_1_4' title='bbox 449 150 491 190; x_wconf 90' lang='lat' dir='ltr'>S.</span> <span class='ocrx_word' id='word_1_5' title='bbox 525 149 860 190; x_wconf 78' lang='lat' dir='ltr'>JOANNEM.</span> <span class='ocrx_word' id='word_1_6' title='bbox 925 149 1049 188; x_wconf 79' lang='lat' dir='ltr'>LIB.</span> <span class='ocrx_word' id='word_1_7' title='bbox 1078 149 1124 188; x_wconf 76' lang='lat' dir='ltr'>V.</span> <span class='ocrx_word' id='word_1_8' title='bbox 1188 148 1322 187; x_wconf 76' lang='lat' dir='ltr'>CAP.</span> <span class='ocrx_word' id='word_1_9' title='bbox 1351 149 1399 187; x_wconf 89' lang='lat' dir='ltr'>V.</span> <span class='ocrx_word' id='word_1_10' title='bbox 1605 149 1659 186; x_wconf 62' lang='lat'>43</span> 
     </span>
    </p>
   </div>
   <div class='ocr_carea' id='block_1_2' title="bbox 5 257 1716 2903">
    <p class='ocr_par' dir='ltr' id='par_1_2' title="bbox 75 257 1662 572">
     <span class='ocr_line' id='line_1_2' title="bbox 76 257 1660 329; baseline -0.003 -18"><span class='ocrx_word' id='word_1_11' title='bbox 76 259 220 327; x_wconf 83' lang='grc' dir='ltr'>τυχὸν</span> <span class='ocrx_word' id='word_1_12' title='bbox 245 259 392 325; x_wconf 71' lang='grc' dir='ltr'>ἤγουν</span> <span class='ocrx_word' id='word_1_13' title='bbox 419 259 662 329; x_wconf 75' lang='grc' dir='ltr'>διαχρύσῳ</span> <span class='ocrx_word' id='word_1_14' title='bbox 693 259 916 310; x_wconf 83' lang='grc' dir='ltr'>παίεσθαι</span> <span class='ocrx_word' id='word_1_15' title='bbox 947 257 1142 327; x_wconf 80' lang='grc' dir='ltr'>ῥάβδῳ;</span> <span class='ocrx_word' id='word_1_16' title='bbox 1186 258 1238 308; x_wconf 79' lang='grc' dir='ltr'>οὐ</span> <span class='ocrx_word' id='word_1_17' title='bbox 1265 257 1357 323; x_wconf 76' lang='grc' dir='ltr'>γὰρ</span> <span class='ocrx_word' id='word_1_18' title='bbox 1383 257 1437 308; x_wconf 79' lang='grc' dir='ltr'>τὸ</span> <span class='ocrx_word' id='word_1_19' title='bbox 1463 261 1660 307; x_wconf 81' lang='grc' dir='ltr'>τοιῶσδε</span> 
     </span>
     <span class='ocr_line' id='line_1_3' title="bbox 75 339 1662 405; baseline -0.003 -13"><span class='ocrx_word' id='word_1_20' title='bbox 75 345 254 404; x_wconf 63' lang='grc' dir='ltr'>παθεῖν,</span> <span class='ocrx_word' id='word_1_21' title='bbox 300 340 432 392; x_wconf 74' lang='grc' dir='ltr'>ἀλλὰ</span> <span class='ocrx_word' id='word_1_22' title='bbox 481 341 535 392; x_wconf 85' lang='grc' dir='ltr'>τὸ</span> <span class='ocrx_word' id='word_1_23' title='bbox 586 344 812 404; x_wconf 81' lang='grc' dir='ltr'>μηδαμῶς</span> <span class='ocrx_word' id='word_1_24' title='bbox 861 345 1030 391; x_wconf 82' lang='grc' dir='ltr'>παθεῖν</span> <span class='ocrx_word' id='word_1_25' title='bbox 1081 339 1279 404; x_wconf 85' lang='grc' dir='ltr'>ἀγαθόν.</span> <span class='ocrx_word' id='word_1_26' title='bbox 1347 339 1662 405; x_wconf 71' lang='grc' dir='ltr'>ἐλεγχομένων</span> 
     </span>
     <span class='ocr_line' id='line_1_4' title="bbox 77 419 1662 488; baseline -0.003 -15"><span class='ocrx_word' id='word_1_27' title='bbox 77 428 328 488; x_wconf 83' lang='grc' dir='ltr'>τοιγαροῦν</span> <span class='ocrx_word' id='word_1_28' title='bbox 353 429 435 474; x_wconf 84' lang='grc' dir='ltr'>τοῦ</span> <span class='ocrx_word' id='word_1_29' title='bbox 462 427 594 485; x_wconf 80' lang='grc' dir='ltr'>Υὶοῦ,</span> <span class='ocrx_word' id='word_1_30' title='bbox 622 421 859 485; x_wconf 85' lang='grc' dir='ltr'>δυνάμεώς</span> <span class='ocrx_word' id='word_1_31' title='bbox 895 445 943 472; x_wconf 87' lang='grc' dir='ltr'>τε</span> <span class='ocrx_word' id='word_1_32' title='bbox 979 424 1054 472; x_wconf 77' lang='grc' dir='ltr'>καὶ</span> <span class='ocrx_word' id='word_1_33' title='bbox 1090 421 1267 488; x_wconf 81' lang='grc' dir='ltr'>σοφίας</span> <span class='ocrx_word' id='word_1_34' title='bbox 1303 423 1521 480; x_wconf 85' lang='grc' dir='ltr'>ἐπιδεοῦς,</span> <span class='ocrx_word' id='word_1_35' title='bbox 1549 419 1662 469; x_wconf 75' lang='grc' dir='ltr'>ὅταν</span> 
     </span>
     <span class='ocr_line' id='line_1_5' title="bbox 78 501 1662 572; baseline -0.003 -17"><span class='ocrx_word' id='word_1_36' title='bbox 78 504 303 572; x_wconf 82' lang='grc' dir='ltr'>φαίνηταί</span> <span class='ocrx_word' id='word_1_37' title='bbox 349 527 394 555; x_wconf 91' lang='grc' dir='ltr'>τι</span> <span class='ocrx_word' id='word_1_38' title='bbox 443 504 553 569; x_wconf 86' lang='grc' dir='ltr'>παρ’</span> <span class='ocrx_word' id='word_1_39' title='bbox 599 506 742 555; x_wconf 83' lang='grc' dir='ltr'>αὑτοῦ</span> <span class='ocrx_word' id='word_1_40' title='bbox 790 502 972 564; x_wconf 78' lang='grc' dir='ltr'>λαβὼν,</span> <span class='ocrx_word' id='word_1_41' title='bbox 1021 505 1095 553; x_wconf 72' lang='grc' dir='ltr'>καὶ</span> <span class='ocrx_word' id='word_1_42' title='bbox 1145 505 1193 553; x_wconf 84' lang='grc' dir='ltr'>ἐν</span> <span class='ocrx_word' id='word_1_43' title='bbox 1237 502 1419 554; x_wconf 81' lang='grc' dir='ltr'>τούτοις</span> <span class='ocrx_word' id='word_1_44' title='bbox 1463 501 1662 563; x_wconf 86' lang='grc' dir='ltr'>σύμπαν</span> 
     </span>
    </p>

    <p class='ocr_par' dir='ltr' id='par_1_3' title="bbox 33 581 1703 980">
     <span class='ocr_line' id='line_1_6' title="bbox 33 581 1662 652; baseline -0.004 -12"><span class='ocrx_word' id='word_1_45' title='bbox 33 601 56 640; x_wconf 91' lang='grc'><strong>5</strong></span> <span class='ocrx_word' id='word_1_46' title='bbox 78 585 266 652; x_wconf 72' lang='grc' dir='ltr'>ε”χοντος</span> <span class='ocrx_word' id='word_1_47' title='bbox 298 586 386 650; x_wconf 73' lang='grc' dir='ltr'>ἤδη</span> <span class='ocrx_word' id='word_1_48' title='bbox 421 585 474 637; x_wconf 80' lang='grc' dir='ltr'>τὸ</span> <span class='ocrx_word' id='word_1_49' title='bbox 511 586 830 652; x_wconf 88' lang='grc' dir='ltr'>κατηγόρημα,</span> <span class='ocrx_word' id='word_1_50' title='bbox 855 590 956 638; x_wconf 81' lang='grc' dir='ltr'>πῶς</span> <span class='ocrx_word' id='word_1_51' title='bbox 993 586 1075 635; x_wconf 83' lang='grc' dir='ltr'>οὐκ</span> <span class='ocrx_word' id='word_1_52' title='bbox 1106 586 1263 647; x_wconf 81' lang='grc' dir='ltr'>εὔηθες</span> <span class='ocrx_word' id='word_1_53' title='bbox 1299 586 1466 649; x_wconf 81' lang='grc' dir='ltr'>κομιδῇ</span> <span class='ocrx_word' id='word_1_54' title='bbox 1502 581 1662 647; x_wconf 89' lang='grc' dir='ltr'>λόγοις</span> 
     </span>
     <span class='ocr_line' id='line_1_7' title="bbox 77 663 1703 733; baseline -0.002 -16"><span class='ocrx_word' id='word_1_55' title='bbox 77 667 198 730; x_wconf 83' lang='grc' dir='ltr'>ἡμᾶς</span> <span class='ocrx_word' id='word_1_56' title='bbox 249 667 410 721; x_wconf 81' lang='grc' dir='ltr'>ἑώλοις</span> <span class='ocrx_word' id='word_1_57' title='bbox 461 672 762 733; x_wconf 88' lang='grc' dir='ltr'>κατακροτεῖν</span> <span class='ocrx_word' id='word_1_58' title='bbox 805 666 911 719; x_wconf 81' lang='grc' dir='ltr'>τοὺς</span> <span class='ocrx_word' id='word_1_59' title='bbox 963 666 1297 732; x_wconf 73' lang='grc' dir='ltr'>ἀκροωμένους,</span> <span class='ocrx_word' id='word_1_60' title='bbox 1343 667 1418 715; x_wconf 81' lang='grc' dir='ltr'>καὶ</span> <span class='ocrx_word' id='word_1_61' title='bbox 1469 669 1564 717; x_wconf 84' lang='grc' dir='ltr'>τοῖς</span> <span class='ocrx_word' id='word_1_62' title='bbox 1610 663 1667 732; x_wconf 75' lang='grc' dir='ltr'>ἐξ</span> <span class='ocrx_word' id='word_1_63' title='bbox 1682 686 1703 713; x_wconf 81' lang='lat' dir='ltr'>c</span> 
     </span>
     <span class='ocr_line' id='line_1_8' title="bbox 78 746 1665 815; baseline -0.002 -17"><span class='ocrx_word' id='word_1_64' title='bbox 78 748 260 813; x_wconf 82' lang='grc' dir='ltr'>ἀπάτης</span> <span class='ocrx_word' id='word_1_65' title='bbox 302 748 533 815; x_wconf 84' lang='grc' dir='ltr'>εὑρήμασι</span> <span class='ocrx_word' id='word_1_66' title='bbox 577 748 910 815; x_wconf 86' lang='grc' dir='ltr'>περιπλάττειν</span> <span class='ocrx_word' id='word_1_67' title='bbox 954 746 1009 798; x_wconf 79' lang='grc' dir='ltr'>τὸ</span> <span class='ocrx_word' id='word_1_68' title='bbox 1056 748 1275 813; x_wconf 71' lang='grc' dir='ltr'>ε”γκλημα</span> <span class='ocrx_word' id='word_1_69' title='bbox 1318 746 1393 797; x_wconf 78' lang='grc' dir='ltr'>διὰ</span> <span class='ocrx_word' id='word_1_70' title='bbox 1437 751 1520 796; x_wconf 91' lang='grc' dir='ltr'>τοῦ</span> <span class='ocrx_word' id='word_1_71' title='bbox 1570 749 1665 796; x_wconf 83' lang='grc' dir='ltr'>δεῖν</span> 
     </span>
     <span class='ocr_line' id='line_1_9' title="bbox 78 828 1666 894; baseline -0.003 -14"><span class='ocrx_word' id='word_1_72' title='bbox 78 829 260 881; x_wconf 74' lang='grc' dir='ltr'>οἴεσθαι</span> <span class='ocrx_word' id='word_1_73' title='bbox 293 835 387 881; x_wconf 82' lang='grc' dir='ltr'>τῶν</span> <span class='ocrx_word' id='word_1_74' title='bbox 412 831 497 894; x_wconf 76' lang='grc' dir='ltr'>μὲν</span> <span class='ocrx_word' id='word_1_75' title='bbox 523 832 690 882; x_wconf 75' lang='grc' dir='ltr'>ἄλλων</span> <span class='ocrx_word' id='word_1_76' title='bbox 716 830 893 892; x_wconf 81' lang='grc' dir='ltr'>οὐδένα,</span> <span class='ocrx_word' id='word_1_77' title='bbox 920 830 1064 894; x_wconf 90' lang='grc' dir='ltr'>μόνον</span> <span class='ocrx_word' id='word_1_78' title='bbox 1097 829 1144 880; x_wconf 77' lang='grc' dir='ltr'>δὲ</span> <span class='ocrx_word' id='word_1_79' title='bbox 1181 829 1264 879; x_wconf 85' lang='grc' dir='ltr'>τὸν</span> <span class='ocrx_word' id='word_1_80' title='bbox 1293 828 1486 894; x_wconf 84' lang='grc' dir='ltr'>Πατέρα</span> <span class='ocrx_word' id='word_1_81' title='bbox 1524 850 1666 877; x_wconf 90' lang='grc' dir='ltr'>κατα-</span> 
     </span>
     <span class='ocr_line' id='line_1_10' title="bbox 79 907 1667 980; baseline -0.002 -19"><span class='ocrx_word' id='word_1_82' title='bbox 79 913 300 979; x_wconf 85' lang='grc' dir='ltr'>δέχεσθαι</span> <span class='ocrx_word' id='word_1_83' title='bbox 326 913 564 980; x_wconf 83' lang='grc' dir='ltr'>χορηγόν;</span> <span class='ocrx_word' id='word_1_84' title='bbox 609 912 827 978; x_wconf 75' lang='grc' dir='ltr'>θαυμάζω</span> <span class='ocrx_word' id='word_1_85' title='bbox 854 912 901 962; x_wconf 75' lang='grc' dir='ltr'>δὲ</span> <span class='ocrx_word' id='word_1_86' title='bbox 930 912 1070 974; x_wconf 80' lang='grc' dir='ltr'>ὅπως,</span> <span class='ocrx_word' id='word_1_87' title='bbox 1094 913 1243 962; x_wconf 87' lang='grc' dir='ltr'>καίτοι</span> <span class='ocrx_word' id='word_1_88' title='bbox 1270 913 1523 963; x_wconf 84' lang='grc' dir='ltr'>δοκοῦντας</span> <span class='ocrx_word' id='word_1_89' title='bbox 1552 907 1667 959; x_wconf 75' lang='grc' dir='ltr'>εἶναι</span> 
     </span>
    </p>

    <p class='ocr_par' dir='ltr' id='par_1_4' title="bbox 5 992 1716 1388">
     <span class='ocr_line' id='line_1_11' title="bbox 5 992 1668 1063; baseline 0 -19"><span class='ocrx_word' id='word_1_90' title='bbox 5 1006 59 1040; x_wconf 75' lang='grc' dir='ltr'>Ἰο</span> <span class='ocrx_word' id='word_1_91' title='bbox 79 994 277 1063; x_wconf 76' lang='grc' dir='ltr'>σοφοὺς,</span> <span class='ocrx_word' id='word_1_92' title='bbox 317 998 391 1046; x_wconf 81' lang='grc' dir='ltr'>καὶ</span> <span class='ocrx_word' id='word_1_93' title='bbox 435 995 598 1060; x_wconf 84' lang='grc' dir='ltr'>λόγοις</span> <span class='ocrx_word' id='word_1_94' title='bbox 638 1000 733 1048; x_wconf 89' lang='grc' dir='ltr'>τοῖς</span> <span class='ocrx_word' id='word_1_95' title='bbox 774 995 948 1063; x_wconf 74' lang='grc' dir='ltr'>ἔξωθεν</span> <span class='ocrx_word' id='word_1_96' title='bbox 987 995 1041 1044; x_wconf 82' lang='grc' dir='ltr'>οὐ</span> <span class='ocrx_word' id='word_1_97' title='bbox 1085 993 1280 1059; x_wconf 81' lang='grc' dir='ltr'>μετρίως</span> <span class='ocrx_word' id='word_1_98' title='bbox 1322 992 1668 1061; x_wconf 77' lang='grc' dir='ltr'>ἐξησκημένους</span> 
     </span>
     <span class='ocr_line' id='line_1_12' title="bbox 79 1073 1669 1142; baseline -0.002 -16"><span class='ocrx_word' id='word_1_99' title='bbox 79 1075 198 1140; x_wconf 80' lang='grc' dir='ltr'>πρὸς</span> <span class='ocrx_word' id='word_1_100' title='bbox 223 1076 277 1127; x_wconf 84' lang='grc' dir='ltr'>τὸ</span> <span class='ocrx_word' id='word_1_101' title='bbox 305 1078 537 1128; x_wconf 86' lang='grc' dir='ltr'>δύνασθαι</span> <span class='ocrx_word' id='word_1_102' title='bbox 565 1080 910 1140; x_wconf 87' lang='grc' dir='ltr'>διενθυμεῖσθαι</span> <span class='ocrx_word' id='word_1_103' title='bbox 940 1075 1098 1142; x_wconf 70' lang='grc' dir='ltr'>πικροὶ,</span> <span class='ocrx_word' id='word_1_104' title='bbox 1126 1077 1309 1125; x_wconf 76' lang='grc' dir='ltr'>κάκεῖνο</span> <span class='ocrx_word' id='word_1_105' title='bbox 1336 1073 1568 1135; x_wconf 82' lang='grc' dir='ltr'>διέλαθεν,</span> <span class='ocrx_word' id='word_1_106' title='bbox 1599 1073 1669 1123; x_wconf 79' lang='grc' dir='ltr'>ὅτι</span> 
     </span>
     <span class='ocr_line' id='line_1_13' title="bbox 80 1157 1666 1225; baseline -0.003 -17"><span class='ocrx_word' id='word_1_107' title='bbox 80 1157 164 1208; x_wconf 80' lang='grc' dir='ltr'>τὸν</span> <span class='ocrx_word' id='word_1_108' title='bbox 207 1165 289 1209; x_wconf 88' lang='grc' dir='ltr'>τοῦ</span> <span class='ocrx_word' id='word_1_109' title='bbox 334 1162 459 1209; x_wconf 90' lang='grc' dir='ltr'>Θεοῦ</span> <span class='ocrx_word' id='word_1_110' title='bbox 509 1161 585 1210; x_wconf 77' lang='grc' dir='ltr'>καὶ</span> <span class='ocrx_word' id='word_1_111' title='bbox 630 1158 822 1225; x_wconf 81' lang='grc' dir='ltr'>Πατρὸς</span> <span class='ocrx_word' id='word_1_112' title='bbox 864 1157 1320 1222; x_wconf 88' lang='grc' dir='ltr'>κατασμικρύνοντες</span> <span class='ocrx_word' id='word_1_113' title='bbox 1369 1158 1666 1222; x_wconf 79' lang='grc' dir='ltr'>χαρακτῆρα,</span> 
     </span>
     <span class='ocr_line' id='line_1_14' title="bbox 81 1237 1667 1303; baseline -0.003 -13"><span class='ocrx_word' id='word_1_114' title='bbox 81 1240 311 1303; x_wconf 77' lang='grc' dir='ltr'>τουτέστι,</span> <span class='ocrx_word' id='word_1_115' title='bbox 337 1239 421 1291; x_wconf 84' lang='grc' dir='ltr'>τὸν</span> <span class='ocrx_word' id='word_1_116' title='bbox 446 1240 577 1303; x_wconf 82' lang='grc' dir='ltr'>Υὶὸν,</span> <span class='ocrx_word' id='word_1_117' title='bbox 604 1242 687 1291; x_wconf 83' lang='grc' dir='ltr'>οὐκ</span> <span class='ocrx_word' id='word_1_118' title='bbox 722 1242 863 1291; x_wconf 82' lang='grc' dir='ltr'>αὑτοῦ</span> <span class='ocrx_word' id='word_1_119' title='bbox 893 1245 1140 1302; x_wconf 91' lang='grc' dir='ltr'>τοσοῦτον,</span> <span class='ocrx_word' id='word_1_120' title='bbox 1173 1239 1291 1289; x_wconf 79' lang='grc' dir='ltr'>ὅσον</span> <span class='ocrx_word' id='word_1_121' title='bbox 1317 1237 1489 1288; x_wconf 84' lang='grc' dir='ltr'>ἐκείνου</span> <span class='ocrx_word' id='word_1_122' title='bbox 1525 1260 1667 1301; x_wconf 90' lang='grc' dir='ltr'>κατη-</span> 
     </span>
     <span class='ocr_line' id='line_1_15' title="bbox 81 1318 1716 1388; baseline -0.002 -16"><span class='ocrx_word' id='word_1_123' title='bbox 81 1327 238 1387; x_wconf 87' lang='grc' dir='ltr'>γορεῖν</span> <span class='ocrx_word' id='word_1_124' title='bbox 281 1323 527 1388; x_wconf 80' lang='grc' dir='ltr'>ἐγνώκατε,</span> <span class='ocrx_word' id='word_1_125' title='bbox 573 1323 627 1373; x_wconf 79' lang='grc' dir='ltr'>οὗ</span> <span class='ocrx_word' id='word_1_126' title='bbox 678 1326 756 1373; x_wconf 88' lang='grc' dir='ltr'>καὶ</span> <span class='ocrx_word' id='word_1_127' title='bbox 806 1322 910 1372; x_wconf 69' lang='grc' dir='ltr'>ε”στι</span> <span class='ocrx_word' id='word_1_128' title='bbox 959 1320 1216 1388; x_wconf 86' lang='grc' dir='ltr'>χαρακτὴρ,</span> <span class='ocrx_word' id='word_1_129' title='bbox 1262 1321 1409 1373; x_wconf 79' lang='grc' dir='ltr'>οὕτως</span> <span class='ocrx_word' id='word_1_130' title='bbox 1453 1319 1573 1386; x_wconf 71' lang='grc' dir='ltr'>ε”χειν</span> <span class='ocrx_word' id='word_1_131' title='bbox 1617 1318 1674 1387; x_wconf 79' lang='grc' dir='ltr'>ἐξ</span> <span class='ocrx_word' id='word_1_132' title='bbox 1689 1328 1716 1369; x_wconf 83' lang='grc'>(1</span> 
     </span>
    </p>

    <p class='ocr_par' dir='ltr' id='par_1_5' title="bbox 15 1403 1311 1473">
     <span class='ocr_line' id='line_1_16' title="bbox 15 1403 1311 1473; baseline -0.002 -16"><span class='ocrx_word' id='word_1_133' title='bbox 15 1418 61 1457; x_wconf 88' lang='lat'>15</span> <span class='ocrx_word' id='word_1_134' title='bbox 83 1403 291 1469; x_wconf 79' lang='grc' dir='ltr'>ἀνάγκης</span> <span class='ocrx_word' id='word_1_135' title='bbox 317 1405 592 1472; x_wconf 82' lang='grc' dir='ltr'>ὀφείλοντος</span> <span class='ocrx_word' id='word_1_136' title='bbox 618 1407 680 1458; x_wconf 83' lang='grc' dir='ltr'>ὡς</span> <span class='ocrx_word' id='word_1_137' title='bbox 707 1404 765 1455; x_wconf 78' lang='grc' dir='ltr'>ἂν</span> <span class='ocrx_word' id='word_1_138' title='bbox 791 1406 839 1454; x_wconf 87' lang='grc' dir='ltr'>ἐν</span> <span class='ocrx_word' id='word_1_139' title='bbox 866 1407 967 1473; x_wconf 74' lang='grc' dir='ltr'>Υἱῲ</span> <span class='ocrx_word' id='word_1_140' title='bbox 995 1404 1311 1470; x_wconf 87' lang='grc' dir='ltr'>διαφαίνηται.</span> 
     </span>
    </p>

    <p class='ocr_par' dir='ltr' id='par_1_6' title="bbox 83 1480 1674 1799">
     <span class='ocr_line' id='line_1_17' title="bbox 157 1480 1672 1555; baseline -0.004 -18"><span class='ocrx_word' id='word_1_141' title='bbox 157 1526 184 1549; x_wconf 88' lang='grc'>,,</span> <span class='ocrx_word' id='word_1_142' title='bbox 210 1485 353 1536; x_wconf 86' lang='grc' dir='ltr'>Ἀλλ’</span> <span class='ocrx_word' id='word_1_143' title='bbox 381 1487 657 1545; x_wconf 81' lang='grc' dir='ltr'>ἐκβιάσεταί</span> <span class='ocrx_word' id='word_1_144' title='bbox 682 1509 753 1549; x_wconf 89' lang='grc' dir='ltr'>σε,</span> <span class='ocrx_word' id='word_1_145' title='bbox 782 1487 948 1555; x_wconf 77' lang='grc' dir='ltr'>φησὶν,</span> <span class='ocrx_word' id='word_1_146' title='bbox 972 1485 1000 1548; x_wconf 87' lang='grc' dir='ltr'>ἡ</span> <span class='ocrx_word' id='word_1_147' title='bbox 1037 1490 1120 1536; x_wconf 88' lang='grc' dir='ltr'>τοῦ</span> <span class='ocrx_word' id='word_1_148' title='bbox 1146 1488 1264 1534; x_wconf 79' lang='grc' dir='ltr'>Υὶοῦ</span> <span class='ocrx_word' id='word_1_149' title='bbox 1296 1481 1448 1552; x_wconf 86' lang='grc' dir='ltr'>φωνὴ,</span> <span class='ocrx_word' id='word_1_150' title='bbox 1473 1481 1592 1548; x_wconf 80' lang='grc' dir='ltr'>πρὸς</span> <span class='ocrx_word' id='word_1_151' title='bbox 1618 1480 1672 1532; x_wconf 82' lang='grc' dir='ltr'>τὸ</span> 
     </span>
     <span class='ocr_line' id='line_1_18' title="bbox 85 1562 1674 1635; baseline -0.001 -17"><span class='ocrx_word' id='word_1_152' title='bbox 85 1607 111 1631; x_wconf 85' lang='grc'>,,</span> <span class='ocrx_word' id='word_1_153' title='bbox 140 1569 214 1618; x_wconf 76' lang='grc' dir='ltr'>καὶ</span> <span class='ocrx_word' id='word_1_154' title='bbox 240 1569 325 1635; x_wconf 82' lang='grc' dir='ltr'>οὐχ</span> <span class='ocrx_word' id='word_1_155' title='bbox 354 1567 520 1619; x_wconf 88' lang='grc' dir='ltr'>ἑκόντα</span> <span class='ocrx_word' id='word_1_156' title='bbox 554 1573 789 1619; x_wconf 87' lang='grc' dir='ltr'>συναινεῖν</span> <span class='ocrx_word' id='word_1_157' title='bbox 815 1567 883 1621; x_wconf 75' lang='grc' dir='ltr'>οἷς</span> <span class='ocrx_word' id='word_1_158' title='bbox 909 1572 1051 1618; x_wconf 81' lang='grc' dir='ltr'>εἰπεῖν</span> <span class='ocrx_word' id='word_1_159' title='bbox 1077 1567 1160 1617; x_wconf 84' lang='grc' dir='ltr'>οὐκ</span> <span class='ocrx_word' id='word_1_160' title='bbox 1185 1565 1478 1634; x_wconf 74' lang='grc' dir='ltr'>ἀπηξίωσεν.</span> <span class='ocrx_word' id='word_1_161' title='bbox 1534 1562 1674 1617; x_wconf 82' lang='grc' dir='ltr'>αὐτὸς</span> 
     </span>
     <span class='ocr_line' id='line_1_19' title="bbox 83 1643 1674 1720; baseline -0.003 -20"><span class='ocrx_word' id='word_1_162' title='bbox 83 1690 109 1713; x_wconf 86' lang='grc'>,,</span> <span class='ocrx_word' id='word_1_163' title='bbox 136 1650 228 1716; x_wconf 80' lang='grc' dir='ltr'>γὰρ</span> <span class='ocrx_word' id='word_1_164' title='bbox 255 1649 387 1701; x_wconf 75' lang='grc' dir='ltr'>οὐδὲν</span> <span class='ocrx_word' id='word_1_165' title='bbox 412 1651 469 1720; x_wconf 76' lang='grc' dir='ltr'>ἐξ</span> <span class='ocrx_word' id='word_1_166' title='bbox 497 1652 661 1702; x_wconf 82' lang='grc' dir='ltr'>ἑαυτοῦ</span> <span class='ocrx_word' id='word_1_167' title='bbox 685 1655 834 1702; x_wconf 85' lang='grc' dir='ltr'>ποιεῖν</span> <span class='ocrx_word' id='word_1_168' title='bbox 861 1649 1182 1715; x_wconf 86' lang='grc' dir='ltr'>ὡμολόγηκεν,</span> <span class='ocrx_word' id='word_1_169' title='bbox 1210 1646 1343 1698; x_wconf 77' lang='grc' dir='ltr'>ἀλλὰ</span> <span class='ocrx_word' id='word_1_170' title='bbox 1369 1648 1444 1698; x_wconf 82' lang='grc' dir='ltr'>καὶ</span> <span class='ocrx_word' id='word_1_171' title='bbox 1471 1644 1591 1711; x_wconf 80' lang='grc' dir='ltr'>ἅπερ</span> <span class='ocrx_word' id='word_1_172' title='bbox 1617 1643 1674 1695; x_wconf 75' lang='grc' dir='ltr'>ἂν</span> 
     </span>
     <span class='ocr_line' id='line_1_20' title="bbox 84 1727 1578 1799; baseline -0.003 -17"><span class='ocrx_word' id='word_1_173' title='bbox 84 1772 110 1795; x_wconf 81' lang='grc'>,,</span> <span class='ocrx_word' id='word_1_174' title='bbox 139 1732 410 1784; x_wconf 87' lang='grc' dir='ltr'>διδάσκοιτο</span> <span class='ocrx_word' id='word_1_175' title='bbox 435 1733 564 1799; x_wconf 80' lang='grc' dir='ltr'>παρὰ</span> <span class='ocrx_word' id='word_1_176' title='bbox 590 1738 673 1784; x_wconf 89' lang='grc' dir='ltr'>τοῦ</span> <span class='ocrx_word' id='word_1_177' title='bbox 701 1736 827 1783; x_wconf 91' lang='grc' dir='ltr'>Θεοῦ</span> <span class='ocrx_word' id='word_1_178' title='bbox 853 1734 929 1783; x_wconf 75' lang='grc' dir='ltr'>καὶ</span> <span class='ocrx_word' id='word_1_179' title='bbox 958 1731 1163 1798; x_wconf 81' lang='grc' dir='ltr'>Πατρὸς,</span> <span class='ocrx_word' id='word_1_180' title='bbox 1191 1735 1340 1781; x_wconf 90' lang='grc' dir='ltr'>ταῦτα</span> <span class='ocrx_word' id='word_1_181' title='bbox 1367 1727 1578 1779; x_wconf 88' lang='grc' dir='ltr'>λαλεῖν.”</span> 
     </span>
    </p>

    <p class='ocr_par' dir='ltr' id='par_1_7' title="bbox 17 1809 1716 2208">
     <span class='ocr_line' id='line_1_21' title="bbox 17 1809 1669 1880; baseline -0.005 -14"><span class='ocrx_word' id='word_1_182' title='bbox 17 1831 67 1856; x_wconf 86' lang='lat'>20</span> <span class='ocrx_word' id='word_1_183' title='bbox 157 1813 321 1865; x_wconf 80' lang='grc' dir='ltr'>Ἀλλὰ</span> <span class='ocrx_word' id='word_1_184' title='bbox 359 1817 438 1865; x_wconf 79' lang='grc' dir='ltr'>σοὶ</span> <span class='ocrx_word' id='word_1_185' title='bbox 477 1815 574 1879; x_wconf 78' lang='grc' dir='ltr'>μὲν,</span> <span class='ocrx_word' id='word_1_186' title='bbox 615 1812 651 1865; x_wconf 76' lang='grc' dir='ltr'><em>ὦ</em></span> <span class='ocrx_word' id='word_1_187' title='bbox 689 1818 884 1880; x_wconf 89' lang='grc' dir='ltr'>γενναῖε,</span> <span class='ocrx_word' id='word_1_188' title='bbox 924 1816 999 1864; x_wconf 77' lang='grc' dir='ltr'>καὶ</span> <span class='ocrx_word' id='word_1_189' title='bbox 1038 1811 1098 1864; x_wconf 77' lang='grc' dir='ltr'>τὰ</span> <span class='ocrx_word' id='word_1_190' title='bbox 1136 1816 1294 1864; x_wconf 81' lang='grc' dir='ltr'>καλῶς</span> <span class='ocrx_word' id='word_1_191' title='bbox 1333 1810 1550 1876; x_wconf 78' lang='grc' dir='ltr'>εἰρημένα</span> <span class='ocrx_word' id='word_1_192' title='bbox 1589 1809 1669 1858; x_wconf 88' lang='grc' dir='ltr'>δο-</span> 
     </span>
     <span class='ocr_line' id='line_1_22' title="bbox 86 1889 1674 1964; baseline -0.004 -18"><span class='ocrx_word' id='word_1_193' title='bbox 86 1895 292 1947; x_wconf 87' lang='grc' dir='ltr'>κούντων</span> <span class='ocrx_word' id='word_1_194' title='bbox 323 1896 444 1964; x_wconf 79' lang='grc' dir='ltr'>ε”χειν</span> <span class='ocrx_word' id='word_1_195' title='bbox 470 1898 552 1948; x_wconf 86' lang='grc' dir='ltr'>οὐκ</span> <span class='ocrx_word' id='word_1_196' title='bbox 588 1898 759 1962; x_wconf 78' lang='grc' dir='ltr'>ὀρθῶς,</span> <span class='ocrx_word' id='word_1_197' title='bbox 790 1895 977 1962; x_wconf 84' lang='grc' dir='ltr'>ἐπείπερ</span> <span class='ocrx_word' id='word_1_198' title='bbox 1014 1893 1209 1960; x_wconf 84' lang='grc' dir='ltr'>ἠρνήσω</span> <span class='ocrx_word' id='word_1_199' title='bbox 1244 1896 1326 1957; x_wconf 82' lang='grc' dir='ltr'>τῆς</span> <span class='ocrx_word' id='word_1_200' title='bbox 1361 1892 1582 1956; x_wconf 84' lang='grc' dir='ltr'>ἀληθείας</span> <span class='ocrx_word' id='word_1_201' title='bbox 1620 1889 1674 1941; x_wconf 85' lang='grc' dir='ltr'>τὸ</span> 
     </span>
     <span class='ocr_line' id='line_1_23' title="bbox 87 1971 1676 2048; baseline -0.005 -19"><span class='ocrx_word' id='word_1_202' title='bbox 87 1983 203 2048; x_wconf 84' lang='grc' dir='ltr'>φῶς·</span> <span class='ocrx_word' id='word_1_203' title='bbox 243 1979 374 2043; x_wconf 82' lang='grc' dir='ltr'>ἡμεῖς</span> <span class='ocrx_word' id='word_1_204' title='bbox 411 1978 460 2029; x_wconf 75' lang='grc' dir='ltr'>δὲ</span> <span class='ocrx_word' id='word_1_205' title='bbox 495 1977 644 2030; x_wconf 88' lang='grc' dir='ltr'>πάλιν</span> <span class='ocrx_word' id='word_1_206' title='bbox 676 1977 762 2042; x_wconf 87' lang='grc' dir='ltr'>τὴν</span> <span class='ocrx_word' id='word_1_207' title='bbox 800 1978 978 2028; x_wconf 81' lang='grc' dir='ltr'>ἑαυτῶν</span> <span class='ocrx_word' id='word_1_208' title='bbox 1011 1976 1302 2038; x_wconf 81' lang='grc' dir='ltr'>βαδιούμεθα</span> <span class='ocrx_word' id='word_1_209' title='bbox 1340 1973 1470 2036; x_wconf 81' lang='grc' dir='ltr'>ὁδὸν,</span> <span class='ocrx_word' id='word_1_210' title='bbox 1500 1973 1578 2023; x_wconf 82' lang='grc' dir='ltr'>καὶ</span> <span class='ocrx_word' id='word_1_211' title='bbox 1615 1971 1676 2022; x_wconf 81' lang='grc' dir='ltr'>τὰ</span> 
     </span>
     <span class='ocr_line' id='line_1_24' title="bbox 86 2052 1716 2129; baseline -0.003 -18"><span class='ocrx_word' id='word_1_212' title='bbox 86 2060 269 2125; x_wconf 87' lang='grc' dir='ltr'>συνήθη</span> <span class='ocrx_word' id='word_1_213' title='bbox 296 2063 370 2111; x_wconf 79' lang='grc' dir='ltr'>καὶ</span> <span class='ocrx_word' id='word_1_214' title='bbox 397 2059 519 2128; x_wconf 80' lang='grc' dir='ltr'>φιλᾶ</span> <span class='ocrx_word' id='word_1_215' title='bbox 546 2058 852 2129; x_wconf 87' lang='grc' dir='ltr'>φρονήσομεν</span> <span class='ocrx_word' id='word_1_216' title='bbox 877 2060 983 2124; x_wconf 72' lang='grc' dir='ltr'>περὶ</span> <span class='ocrx_word' id='word_1_217' title='bbox 1009 2063 1092 2108; x_wconf 88' lang='grc' dir='ltr'>τοῦ</span> <span class='ocrx_word' id='word_1_218' title='bbox 1121 2061 1426 2123; x_wconf 86' lang='grc' dir='ltr'>Μονογενοῦς</span> <span class='ocrx_word' id='word_1_219' title='bbox 1451 2052 1570 2118; x_wconf 80' lang='grc' dir='ltr'>μετὰ</span> <span class='ocrx_word' id='word_1_220' title='bbox 1593 2057 1675 2117; x_wconf 86' lang='grc' dir='ltr'>τῆς</span> <span class='ocrx_word' id='word_1_221' title='bbox 1694 2078 1716 2105; x_wconf 85' lang='lat' dir='ltr'>e</span> 
     </span>
     <span class='ocr_line' id='line_1_25' title="bbox 87 2135 1671 2208; baseline -0.006 -14"><span class='ocrx_word' id='word_1_222' title='bbox 87 2142 363 2208; x_wconf 85' lang='grc' dir='ltr'>πρεπούσης</span> <span class='ocrx_word' id='word_1_223' title='bbox 388 2142 499 2206; x_wconf 86' lang='grc' dir='ltr'>ἡμῖν</span> <span class='ocrx_word' id='word_1_224' title='bbox 524 2142 765 2202; x_wconf 77' lang='grc' dir='ltr'>εὐσεβείας</span> <span class='ocrx_word' id='word_1_225' title='bbox 790 2145 887 2194; x_wconf 89' lang='grc' dir='ltr'>τοῖς</span> <span class='ocrx_word' id='word_1_226' title='bbox 912 2139 1230 2206; x_wconf 87' lang='grc' dir='ltr'>προκειμένοις</span> <span class='ocrx_word' id='word_1_227' title='bbox 1252 2135 1671 2204; x_wconf 80' lang='grc' dir='ltr'>προσβάλλοντες.</span> 
     </span>
    </p>

    <p class='ocr_par' dir='ltr' id='par_1_8' title="bbox 21 2217 1680 2618">
     <span class='ocr_line' id='line_1_26' title="bbox 21 2217 1677 2291; baseline -0.005 -16"><span class='ocrx_word' id='word_1_228' title='bbox 21 2239 71 2280; x_wconf 86' lang='lat'>25</span> <span class='ocrx_word' id='word_1_229' title='bbox 89 2228 126 2274; x_wconf 82' lang='grc' dir='ltr'>εἶ</span> <span class='ocrx_word' id='word_1_230' title='bbox 165 2223 250 2287; x_wconf 78' lang='grc' dir='ltr'>μὲν</span> <span class='ocrx_word' id='word_1_231' title='bbox 285 2223 379 2291; x_wconf 78' lang='grc' dir='ltr'>γὰρ</span> <span class='ocrx_word' id='word_1_232' title='bbox 417 2223 595 2290; x_wconf 78' lang='grc' dir='ltr'>εἴρηκεν</span> <span class='ocrx_word' id='word_1_233' title='bbox 633 2225 658 2274; x_wconf 85' lang='grc' dir='ltr'>ὁ</span> <span class='ocrx_word' id='word_1_234' title='bbox 697 2221 978 2287; x_wconf 87' lang='grc' dir='ltr'>Μονογενής</span> <span class='ocrx_word' id='word_1_235' title='bbox 1015 2218 1154 2273; x_wconf 53' lang='grc' dir='ltr'>Οὐδὲν</span> <span class='ocrx_word' id='word_1_236' title='bbox 1193 2223 1275 2272; x_wconf 64' lang='grc' dir='ltr'>ἀπ’</span> <span class='ocrx_word' id='word_1_237' title='bbox 1316 2219 1508 2288; x_wconf 69' lang='grc' dir='ltr'>ἐμαυτοῦ</span> <span class='ocrx_word' id='word_1_238' title='bbox 1551 2217 1677 2279; x_wconf 71' lang='grc' dir='ltr'>ποιῶ,</span> 
     </span>
     <span class='ocr_line' id='line_1_27' title="bbox 91 2298 1679 2370; baseline -0.006 -13"><span class='ocrx_word' id='word_1_239' title='bbox 91 2305 354 2369; x_wconf 76' lang='grc' dir='ltr'>λαμβάνων</span> <span class='ocrx_word' id='word_1_240' title='bbox 380 2305 428 2356; x_wconf 81' lang='grc' dir='ltr'>δὲ</span> <span class='ocrx_word' id='word_1_241' title='bbox 463 2304 518 2356; x_wconf 80' lang='grc' dir='ltr'>τὸ</span> <span class='ocrx_word' id='word_1_242' title='bbox 557 2305 790 2356; x_wconf 84' lang='grc' dir='ltr'>δύνασθαι</span> <span class='ocrx_word' id='word_1_243' title='bbox 822 2302 954 2370; x_wconf 80' lang='grc' dir='ltr'>παρὰ</span> <span class='ocrx_word' id='word_1_244' title='bbox 987 2309 1070 2354; x_wconf 86' lang='grc' dir='ltr'>τοῦ</span> <span class='ocrx_word' id='word_1_245' title='bbox 1105 2305 1231 2353; x_wconf 86' lang='grc' dir='ltr'>Θεοῦ</span> <span class='ocrx_word' id='word_1_246' title='bbox 1265 2303 1339 2352; x_wconf 78' lang='grc' dir='ltr'>καὶ</span> <span class='ocrx_word' id='word_1_247' title='bbox 1370 2298 1575 2366; x_wconf 76' lang='grc' dir='ltr'>Πατρὸς,</span> <span class='ocrx_word' id='word_1_248' title='bbox 1603 2301 1679 2350; x_wconf 82' lang='grc' dir='ltr'>καὶ</span> 
     </span>
     <span class='ocr_line' id='line_1_28' title="bbox 89 2380 1680 2453; baseline -0.002 -15"><span class='ocrx_word' id='word_1_249' title='bbox 89 2391 387 2453; x_wconf 84' lang='grc' dir='ltr'>τερατουργῶ</span> <span class='ocrx_word' id='word_1_250' title='bbox 433 2388 508 2437; x_wconf 78' lang='grc' dir='ltr'>καὶ</span> <span class='ocrx_word' id='word_1_251' title='bbox 553 2385 860 2452; x_wconf 76' lang='grc' dir='ltr'>θαυμάζομαι,</span> <span class='ocrx_word' id='word_1_252' title='bbox 907 2383 964 2449; x_wconf 83' lang='grc' dir='ltr'>ἧν</span> <span class='ocrx_word' id='word_1_253' title='bbox 1001 2384 1085 2448; x_wconf 87' lang='grc' dir='ltr'>μέν</span> <span class='ocrx_word' id='word_1_254' title='bbox 1123 2406 1191 2438; x_wconf 90' lang='grc' dir='ltr'>τις</span> <span class='ocrx_word' id='word_1_255' title='bbox 1239 2385 1314 2433; x_wconf 77' lang='grc' dir='ltr'>καὶ</span> <span class='ocrx_word' id='word_1_256' title='bbox 1359 2383 1480 2432; x_wconf 74' lang='grc' dir='ltr'>οὕτω</span> <span class='ocrx_word' id='word_1_257' title='bbox 1532 2380 1680 2445; x_wconf 86' lang='grc' dir='ltr'>λόγος</span> 
     </span>
     <span class='ocr_line' id='line_1_29' title="bbox 91 2463 1680 2536; baseline -0.004 -17"><span class='ocrx_word' id='word_1_258' title='bbox 91 2468 225 2519; x_wconf 79' lang='grc' dir='ltr'>οὐδὲν</span> <span class='ocrx_word' id='word_1_259' title='bbox 269 2469 392 2523; x_wconf 80' lang='grc' dir='ltr'>ὅλως</span> <span class='ocrx_word' id='word_1_260' title='bbox 440 2469 696 2536; x_wconf 85' lang='grc' dir='ltr'>ὀφείλοντα</span> <span class='ocrx_word' id='word_1_261' title='bbox 747 2466 822 2517; x_wconf 79' lang='grc' dir='ltr'>διὰ</span> <span class='ocrx_word' id='word_1_262' title='bbox 867 2472 1005 2517; x_wconf 86' lang='grc' dir='ltr'>τοῦτο</span> <span class='ocrx_word' id='word_1_263' title='bbox 1049 2467 1415 2530; x_wconf 87' lang='grc' dir='ltr'>κατηγορεῖσθαι</span> <span class='ocrx_word' id='word_1_264' title='bbox 1461 2463 1680 2514; x_wconf 88' lang='grc' dir='ltr'>δεικνύων</span> 
     </span>
     <span class='ocr_line' id='line_1_30' title="bbox 93 2543 1677 2618; baseline -0.005 -18"><span class='ocrx_word' id='word_1_265' title='bbox 93 2550 249 2614; x_wconf 82' lang='grc' dir='ltr'>αὐτὸν,</span> <span class='ocrx_word' id='word_1_266' title='bbox 275 2550 405 2615; x_wconf 88' lang='grc' dir='ltr'>πλὴν</span> <span class='ocrx_word' id='word_1_267' title='bbox 436 2550 574 2618; x_wconf 73' lang='grc' dir='ltr'>ἔδοξέ</span> <span class='ocrx_word' id='word_1_268' title='bbox 604 2572 705 2603; x_wconf 90' lang='grc' dir='ltr'>πως</span> <span class='ocrx_word' id='word_1_269' title='bbox 742 2547 802 2599; x_wconf 73' lang='grc' dir='ltr'>ἂν</span> <span class='ocrx_word' id='word_1_270' title='bbox 836 2546 1260 2614; x_wconf 80' lang='grc' dir='ltr'>εὐπροσωπότερον</span> <span class='ocrx_word' id='word_1_271' title='bbox 1286 2546 1396 2609; x_wconf 84' lang='grc' dir='ltr'>ἡμῖν</span> <span class='ocrx_word' id='word_1_272' title='bbox 1422 2543 1677 2609; x_wconf 83' lang='grc' dir='ltr'>ἀντιπράτ-</span> 
     </span>
    </p>

    <p class='ocr_par' dir='ltr' id='par_1_9' title="bbox 94 2663 1681 2903">
     <span class='ocr_line' id='line_1_31' title="bbox 142 2663 1678 2716; baseline -0.006 -10"><span class='ocrx_word' id='word_1_273' title='bbox 142 2683 175 2706; x_wconf 87' lang='lat'>2.</span> <span class='ocrx_word' id='word_1_274' title='bbox 200 2671 274 2716; x_wconf 82' lang='grc' dir='ltr'>μηδ’</span> <span class='ocrx_word' id='word_1_275' title='bbox 294 2671 383 2707; x_wconf 85' lang='grc' dir='ltr'>ὅλως</span> <span class='ocrx_word' id='word_1_276' title='bbox 399 2683 430 2706; x_wconf 86' lang='lat' dir='ltr'>a.</span> <span class='ocrx_word' id='word_1_277' title='bbox 450 2671 528 2706; x_wconf 79' lang='lat' dir='ltr'>Cat.</span> <span class='ocrx_word' id='word_1_278' title='bbox 549 2672 649 2705; x_wconf 84' lang='lat' dir='ltr'>Harl.</span> <span class='ocrx_word' id='word_1_279' title='bbox 772 2669 824 2704; x_wconf 89' lang='lat'>16.</span> <span class='ocrx_word' id='word_1_280' title='bbox 852 2684 893 2704; x_wconf 85' lang='grc' dir='ltr'>σε</span> <span class='ocrx_word' id='word_1_281' title='bbox 912 2674 1135 2713; x_wconf 82' lang='lat' dir='ltr'><strong>assumptum</strong></span> <span class='ocrx_word' id='word_1_282' title='bbox 1154 2679 1194 2701; x_wconf 85' lang='lat' dir='ltr'>ex</span> <span class='ocrx_word' id='word_1_283' title='bbox 1216 2667 1258 2700; x_wconf 91' lang='lat' dir='ltr'>B.</span> <span class='ocrx_word' id='word_1_284' title='bbox 1381 2666 1434 2699; x_wconf 88' lang='lat'>18.</span> <span class='ocrx_word' id='word_1_285' title='bbox 1461 2666 1581 2698; x_wconf 85' lang='grc' dir='ltr'>ἑαυτοῦ</span> <span class='ocrx_word' id='word_1_286' title='bbox 1600 2663 1678 2698; x_wconf 89' lang='lat' dir='ltr'>B.a.</span> 
     </span>
     <span class='ocr_line' id='line_1_32' title="bbox 94 2710 1681 2762; baseline -0.006 -9"><span class='ocrx_word' id='word_1_287' title='bbox 94 2719 197 2753; x_wconf 74' lang='grc' dir='ltr'>αὐτοῦ</span> <span class='ocrx_word' id='word_1_288' title='bbox 218 2718 335 2752; x_wconf 85' lang='lat' dir='ltr'>Holst.</span> <span class='ocrx_word' id='word_1_289' title='bbox 355 2718 422 2752; x_wconf 89' lang='lat' dir='ltr'>Ed.</span> <span class='ocrx_word' id='word_1_290' title='bbox 502 2718 725 2762; x_wconf 84' lang='grc' dir='ltr'>ὡμολόγησεν</span> <span class='ocrx_word' id='word_1_291' title='bbox 742 2728 772 2750; x_wconf 84' lang='lat' dir='ltr'>a.</span> <span class='ocrx_word' id='word_1_292' title='bbox 941 2726 996 2749; x_wconf 87' lang='lat'>20.</span> <span class='ocrx_word' id='word_1_293' title='bbox 1023 2715 1080 2748; x_wconf 83' lang='grc' dir='ltr'>σοὶ</span> <span class='ocrx_word' id='word_1_294' title='bbox 1097 2726 1127 2747; x_wconf 84' lang='lat' dir='ltr'>a.</span> <span class='ocrx_word' id='word_1_295' title='bbox 1147 2713 1224 2747; x_wconf 86' lang='lat' dir='ltr'>Cat.</span> <span class='ocrx_word' id='word_1_296' title='bbox 1246 2713 1346 2746; x_wconf 83' lang='lat' dir='ltr'>Harl.</span> <span class='ocrx_word' id='word_1_297' title='bbox 1364 2720 1397 2745; x_wconf 85' lang='lat' dir='ltr'>et</span> <span class='ocrx_word' id='word_1_298' title='bbox 1415 2712 1464 2745; x_wconf 80' lang='lat' dir='ltr'>sic</span> <span class='ocrx_word' id='word_1_299' title='bbox 1481 2710 1681 2744; x_wconf 82' lang='lat' dir='ltr'>emendavit</span> 
     </span>
     <span class='ocr_line' id='line_1_33' title="bbox 96 2757 1680 2811; baseline -0.006 -11"><span class='ocrx_word' id='word_1_300' title='bbox 96 2766 228 2811; x_wconf 87' lang='lat' dir='ltr'>Heyse.</span> <span class='ocrx_word' id='word_1_301' title='bbox 255 2765 299 2799; x_wconf 79' lang='grc' dir='ltr'>σὺ</span> <span class='ocrx_word' id='word_1_302' title='bbox 326 2764 368 2798; x_wconf 87' lang='grc' dir='ltr'>Β.</span> <span class='ocrx_word' id='word_1_303' title='bbox 395 2764 462 2798; x_wconf 85' lang='lat' dir='ltr'>Ed.</span> <span class='ocrx_word' id='word_1_304' title='bbox 543 2763 729 2797; x_wconf 85' lang='grc' dir='ltr'>δοκούντων</span> <span class='ocrx_word' id='word_1_305' title='bbox 756 2762 798 2796; x_wconf 90' lang='grc' dir='ltr'>Β.</span> <span class='ocrx_word' id='word_1_306' title='bbox 821 2761 1027 2795; x_wconf 85' lang='grc' dir='ltr'>δοκείτωσαν</span> <span class='ocrx_word' id='word_1_307' title='bbox 1052 2772 1081 2794; x_wconf 91' lang='lat' dir='ltr'>a.</span> <span class='ocrx_word' id='word_1_308' title='bbox 1107 2759 1184 2793; x_wconf 83' lang='lat' dir='ltr'>Cat.</span> <span class='ocrx_word' id='word_1_309' title='bbox 1212 2759 1311 2793; x_wconf 83' lang='lat' dir='ltr'>Harl.</span> <span class='ocrx_word' id='word_1_310' title='bbox 1336 2759 1497 2792; x_wconf 84' lang='grc' dir='ltr'>δοκοῦντα</span> <span class='ocrx_word' id='word_1_311' title='bbox 1525 2758 1588 2792; x_wconf 81' lang='lat' dir='ltr'>Ht.</span> <span class='ocrx_word' id='word_1_312' title='bbox 1613 2757 1680 2791; x_wconf 86' lang='lat' dir='ltr'>Ed.</span> 
     </span>
     <span class='ocr_line' id='line_1_34' title="bbox 97 2803 1680 2857; baseline -0.006 -11"><span class='ocrx_word' id='word_1_313' title='bbox 97 2823 153 2856; x_wconf 87' lang='lat'>23.</span> <span class='ocrx_word' id='word_1_314' title='bbox 178 2812 268 2857; x_wconf 84' lang='grc' dir='ltr'>φίλα</span> <span class='ocrx_word' id='word_1_315' title='bbox 292 2809 513 2856; x_wconf 83' lang='grc' dir='ltr'>φρονήσομεν</span> <span class='ocrx_word' id='word_1_316' title='bbox 537 2810 578 2843; x_wconf 87' lang='grc' dir='ltr'>Β.</span> <span class='ocrx_word' id='word_1_317' title='bbox 603 2807 912 2854; x_wconf 82' lang='grc' dir='ltr'>φιλοφρονήσομεν</span> <span class='ocrx_word' id='word_1_318' title='bbox 932 2807 998 2840; x_wconf 85' lang='lat' dir='ltr'>Ed.</span> <span class='ocrx_word' id='word_1_319' title='bbox 1066 2807 1192 2840; x_wconf 78' lang='lat' dir='ltr'>Statim</span> <span class='ocrx_word' id='word_1_320' title='bbox 1217 2806 1294 2850; x_wconf 88' lang='grc' dir='ltr'>περὶ</span> <span class='ocrx_word' id='word_1_321' title='bbox 1319 2810 1541 2849; x_wconf 82' lang='lat' dir='ltr'><strong>assumptum</strong></span> <span class='ocrx_word' id='word_1_322' title='bbox 1568 2816 1608 2837; x_wconf 84' lang='lat' dir='ltr'>ex</span> <span class='ocrx_word' id='word_1_323' title='bbox 1638 2803 1680 2837; x_wconf 89' lang='grc' dir='ltr'>Β.</span> 
     </span>
     <span class='ocr_line' id='line_1_35' title="bbox 98 2851 1679 2903; baseline -0.006 -10"><span class='ocrx_word' id='word_1_324' title='bbox 98 2869 154 2901; x_wconf 88' lang='grc'>24.</span> <span class='ocrx_word' id='word_1_325' title='bbox 180 2855 394 2903; x_wconf 82' lang='grc' dir='ltr'>πρεπούσης]</span> <span class='ocrx_word' id='word_1_326' title='bbox 414 2855 657 2901; x_wconf 80' lang='grc' dir='ltr'>προσηκούσης</span> <span class='ocrx_word' id='word_1_327' title='bbox 675 2855 731 2895; x_wconf 89' lang='grc' dir='ltr'>Β.,</span> <span class='ocrx_word' id='word_1_328' title='bbox 750 2854 810 2888; x_wconf 83' lang='lat' dir='ltr'>Sed</span> <span class='ocrx_word' id='word_1_329' title='bbox 827 2853 1027 2897; x_wconf 80' lang='grc' dir='ltr'>πρεπούσης</span> <span class='ocrx_word' id='word_1_330' title='bbox 1046 2853 1075 2887; x_wconf 87' lang='grc' dir='ltr'>Β</span> <span class='ocrx_word' id='word_1_331' title='bbox 1094 2865 1166 2897; x_wconf 88' lang='lat' dir='ltr'>mg.</span> <span class='ocrx_word' id='word_1_332' title='bbox 1319 2851 1375 2885; x_wconf 89' lang='lat'>26.</span> <span class='ocrx_word' id='word_1_333' title='bbox 1401 2851 1437 2884; x_wconf 82' lang='grc' dir='ltr'>δέ</span> <span class='ocrx_word' id='word_1_334' title='bbox 1455 2857 1679 2895; x_wconf 81' lang='lat' dir='ltr'><strong>assumptum</strong></span> 
     </span>
    </p>
   </div>
   <div class='ocr_carea' id='block_1_3' title="bbox 97 2897 1680 2986">
    <p class='ocr_par' dir='ltr' id='par_1_10' title="bbox 97 2897 1680 2986">
     <span class='ocr_line' id='line_1_36' title="bbox 97 2897 1680 2944; baseline -0.005 -6"><span class='ocrx_word' id='word_1_335' title='bbox 97 2916 141 2938; x_wconf 83' lang='lat' dir='ltr'>ex</span> <span class='ocrx_word' id='word_1_336' title='bbox 158 2917 188 2939; x_wconf 88' lang='lat' dir='ltr'>a.</span> <span class='ocrx_word' id='word_1_337' title='bbox 206 2906 245 2938; x_wconf 89' lang='grc' dir='ltr'>τὸ</span> <span class='ocrx_word' id='word_1_338' title='bbox 266 2903 469 2939; x_wconf 80' lang='grc' dir='ltr'>δεδὺνασθαι</span> <span class='ocrx_word' id='word_1_339' title='bbox 490 2903 531 2937; x_wconf 92' lang='grc' dir='ltr'>Β.</span> <span class='ocrx_word' id='word_1_340' title='bbox 550 2901 746 2937; x_wconf 83' lang='lat' dir='ltr'>emendavit</span> <span class='ocrx_word' id='word_1_341' title='bbox 764 2900 803 2935; x_wconf 87' lang='grc' dir='ltr'>τὸ</span> <span class='ocrx_word' id='word_1_342' title='bbox 823 2899 988 2934; x_wconf 79' lang='grc' dir='ltr'>δύνασθαι</span> <span class='ocrx_word' id='word_1_343' title='bbox 1008 2899 1084 2940; x_wconf 77' lang='grc' dir='ltr'>Ηῐ.,</span> <span class='ocrx_word' id='word_1_344' title='bbox 1104 2898 1164 2933; x_wconf 83' lang='lat' dir='ltr'>sed</span> <span class='ocrx_word' id='word_1_345' title='bbox 1183 2898 1320 2944; x_wconf 85' lang='lat' dir='ltr'>conjicit</span> <span class='ocrx_word' id='word_1_346' title='bbox 1341 2898 1479 2943; x_wconf 87' lang='lat' dir='ltr'>Heyse:</span> <span class='ocrx_word' id='word_1_347' title='bbox 1508 2901 1530 2915; x_wconf 89' lang='lat'><strong>“</strong></span> <span class='ocrx_word' id='word_1_348' title='bbox 1543 2897 1624 2931; x_wconf 85' lang='lat' dir='ltr'>fort.</span> <span class='ocrx_word' id='word_1_349' title='bbox 1643 2897 1680 2931; x_wconf 83' lang='grc' dir='ltr'>δέ</span> 
     </span>
     <span class='ocr_line' id='line_1_37' title="bbox 98 2951 358 2986; baseline -0.004 -1"><span class='ocrx_word' id='word_1_350' title='bbox 98 2952 137 2985; x_wconf 86' lang='grc' dir='ltr'>τὸ</span> <span class='ocrx_word' id='word_1_351' title='bbox 155 2951 358 2986; x_wconf 79' lang='grc' dir='ltr'>δύνασθαι.”</span> 
     </span>
    </p>
   </div>
   <div class='ocr_carea' id='block_1_4' title="bbox 856 3014 929 3043">
    <p class='ocr_par' dir='ltr' id='par_1_11' title="bbox 856 3014 929 3043">
     <span class='ocr_line' id='line_1_38' title="bbox 856 3014 929 3043; baseline 0.027 -2"><span class='ocrx_word' id='word_1_352' title='bbox 856 3014 929 3043; x_wconf 77' lang='lat' dir='ltr'>G2</span> 
     </span>
    </p>
   </div>
  </div>
 </body>
</html>
