2037 3266
294 126 377 165 382
697 126 748 167 B.
781 125 1062 167 CYRILLI
1100 126 1484 167 ALEXANDR.
1708 122 1880 175 xiii.33·

71 277 157 313 '748
171 276 221 312 Α·
255 281 511 324 ἃΖΗτήσετὲ
543 299 608 335 με,
636 284 705 325 καὶ
744 284 888 325 καθὼς
924 280 1044 326 εἷπον
1077 281 1166 325 τοῖς
1193 283 1434 335 Ἰουδαίοις,
1460 284 1568 325 ὅπου
1602 281 1689 329 &sch
1721 281 1882 330 finds-u),

512 365 630 416 ὑμεῖς
669 368 716 408 οὐ
755 366 939 409 δύνασθε
977 364 1131 419 ἐλθεῖν,
1170 366 1239 408 καὶ
1277 364 1371 415 ὑμῖν
1409 367 1505 423 ἄρτι
1543 366 1670 412 λέΓω.

371 476 476 526 Οὐκ
503 474 698 541 ἀζήμιον
723 479 972 529 παντελῶς
1000 475 1199 526 ε”σεσθαι
1227 481 1322 529 τοῖς
1350 477 1516 526 ἑαυτοῦ
1543 477 1772 537 μαθηταῖς
1799 471 1885 536 τὴν

295 559 562 622 ἀποδημίαν
609 559 746 625 φησὶ,
792 556 878 621 τὴν
921 559 1087 608 ἑαυτοῦ
1133 557 1368 621 δηλονότι.
1438 561 1628 623 πρῶτον
1673 554 1770 619 μὲν,
1814 553 1885 604 ὅτι

295 640 426 708 λύπῃ
461 643 520 707 τῇ
556 641 629 690 ἐπὶ
664 638 816 708 τούτῷ
857 639 1282 703 κατατακήσονται,
1315 640 1391 690 καὶ
1429 638 1689 689 δύσοιστον
1721 637 1926 705 ἕξουσι5

294 725 377 785 τῆς
405 723 618 771 ἐντεῦθεν
643 721 831 787 πικρίας
859 718 914 771 τὸ
939 719 1105 786 βάρος.
1161 726 1371 772 συνεῖναι
1407 719 1500 787 γὰρ
1535 720 1591 784 δὴ
1627 722 1702 771 καὶ
1737 717 1887 770 πάλιν

295 805 421 872 αὐτῷ
476 802 717 870 διψήσειν,
770 804 853 853 οὐκ
907 804 1201 871 ἀμφίβολον,
1253 805 1329 854 καὶ
1386 806 1751 854 συνδιαιτᾶσθαι
1811 799 1886 851 διὰ

294 885 471 940 παντὸς
516 885 695 937 ἐθέλειν
743 883 924 947 αὐτοὺς,
972 885 1184 952 καθάπερ
1227 885 1390 948 ἀμέλει
1436 886 1512 936 καὶ
1561 887 1586 935 ὁ
1632 884 1887 936 θεσπέσιος

177 1036 182 1042 .
250 978 276 1018 b
300 973 510 1031 Παῦλος,
539 970 615 1019 καὶ
653 969 795 1031 αὐτῆς
834 971 1071 1033 προτιθεὶς
1108 972 1192 1032 τῆς
1230 967 1390 1019 ἐνθάδε
1430 968 1546 1034 ζωῆς
1585 965 1639 1018 τὸ
1678 970 1887 1017 συνεῖναι

72 1036 195 1119 ξὲῖ11”ι’
297 1054 512 1119 Χριστῷ,
557 1056 766 1116 κρεῖττον
811 1050 1022 1117 ἔφασκεν
1068 1048 1184 1101 εἶναι
1226 1049 1327 1101 “rb
1379 1052 1618 1100 ἀναλῦσαι
1669 1050 1745 1099 καὶ
1795 1047 1888 1098 σὺν
1910 1073 1959 1097 10

745 1131 755 1147 ἱ

296 1140 324 1162 “
351 1137 553 1202 Χριστῷ
593 1131 740 1183 duaa?
807 1138 958 1183 ταῦτα
999 1132 1310 1199 συνεωρακὼς
1352 1134 1376 1183 ὁ
1419 1131 1646 1198 Χριστὸς,
1686 1133 1763 1182 καὶ
1805 1130 1889 1185 τὰς

296 1219 392 1265 τῶν
441 1214 738 1280 ἀγαπώντων
790 1214 934 1265 αὐτὸν
987 1216 1070 1265 οὐκ
1121 1214 1367 1280 ἀγνοήσας
1418 1215 1623 1281 καρδίας,
1675 1215 1729 1264 οὐ
1780 1216 1889 1280 δίχα

297 1296 452 1361 λύπης
480 1297 678 1348 ἔσεσθαι
713 1302 810 1350 τοῖς
847 1301 1078 1361 μαθηταῖς
1114 1296 1204 1365 ἔφη
1241 1296 1327 1361 τὴν
1353 1298 1519 1348 ἑαυτοῦ
1549 1297 1732 1346 ἄνοδον·
1775 1297 1887 1346 ἀλλ’

298 1378 356 1443 ἧν
407 1403 474 1433 τις
526 1381 601 1430 ἐπὶ
649 1378 802 1448 τούτῳ
862 1381 939 1429 καὶ
995 1379 1130 1445 ἑτέρα
1188 1378 1436 1448 πρόφασις
1491 1378 1688 1443 ἀληθὴς,
1740 1377 1891 1443 ζητεῖν

298 1460 632 1528 ἀναγκάζουσα
683 1460 737 1512 τὸ
789 1466 996 1513 συνεῖναι
1042 1465 1245 1531 Χριστῷ
1298 1459 1406 1515 τοὺς
1452 1461 1613 1526 ἁγίους
1656 1460 1883 1524 μαθητάς.
1913 1481 1960 1517 15

299 1544 549 1608 ὁμιλήσειν
599 1544 685 1608 μὲν
734 1543 828 1610 γὰρ
886 1544 1004 1594 ὅσον
1060 1544 1242 1594 οὐδέπω
1301 1543 1527 1597 κινδύνοις
1584 1545 1788 1607 ἔμελλον
1836 1543 1891 1593 οὐ

260 1647 281 1673 c
299 1631 493 1692 μικροῖς,
522 1629 597 1678 καὶ
631 1632 731 1680 ταῖς
757 1627 1000 1677 Ἰουδαίων
1027 1627 1301 1679 ἀκαθέκτοις
1337 1627 1577 1679 ἀπονοίαις
1612 1628 1885 1692 κατασφεν-

300 1712 531 1760 δονᾶσθαι
570 1713 775 1777 συχνῶς,
801 1708 934 1759 ἀλλὰ
972 1710 1048 1759 καὶ
1086 1713 1188 1762 ταῖς
1226 1708 1283 1777 ἐξ
1318 1708 1485 1775 ἑτέρων
1520 1713 1659 1759 τινῶν
1692 1730 1888 1773 περιπε-

300 1796 494 1842 σεῖσθαι
532 1793 733 1855 μανίαις,
763 1790 883 1855 ὅλην
914 1791 1208 1856 περιθέοντες
1246 1789 1332 1854 τὴν
1364 1790 1647 1855 οἰκουμένην,
1681 1791 1757 1840 καὶ
1796 1794 1893 1842 τοῖς

301 1874 366 1924 ε”τι
392 1874 718 1938 πλανωμένοις
745 1872 828 1925 τὸν
855 1879 937 1925 τοῦ
962 1876 1185 1939 Σωτῆρος
1223 1873 1607 1940 διακηρύττοντες
1644 1871 1803 1937 λόγον,
1830 1873 1892 1924 ὡς
1913 1897 1963 1921 20

303 1956 640 2022 δεσμωτηρίων
665 1960 935 2022 πειρᾶσθαι,
964 1955 1143 2021 ὕβρεώς
1169 1978 1218 2006 τε
1250 1957 1325 2006 καὶ
1359 1955 1507 2008 αἰκίας
1542 1956 1624 2005 οὐκ
1660 1956 1888 2020 ἀμοιρεῖν,

304 2041 379 2089 καὶ
425 2039 594 2105 ἑτέρων
639 2037 771 2089 οὐδὲν
814 2038 957 2102 ἧττον
998 2037 1356 2103 στρεβλώσεων
1399 2041 1462 2090 εἷς
1511 2042 1677 2102 πεῖραν
1721 2038 1889 2087 ἐλθεῖν·

304 2122 452 2171 καίτοι
491 2124 587 2171 τῶν
625 2120 850 2172 τοιούτων
889 2119 1074 2173 οὐδενὸς
1112 2119 1444 2186 πεπειραμένοι
1482 2118 1712 2185 πρότερον
1744 2120 1793 2170 ἐν
1827 2122 1894 2186 τῷ

305 2208 513 2253 συνεῖναι
558 2206 776 2271 Χριστῷ.
852 2204 1065 2272 {mdo-ere,
1114 2203 1250 2268 φησι,
1296 2200 1401 2252 τότε
1451 2202 1606 2252 τοίνυν
1648 2201 1734 2264 τὴν
1779 2198 1894 2264 ἐμὴν

305 2284 524 2347 μάλιστα
573 2285 850 2343 συνουσίαν,
897 2283 1011 2334 ὅταν
1056 2285 1174 2346 ὑμᾶς
1217 2282 1277 2333 τὰ
1319 2282 1603 2349 πολύτροπα
1647 2287 1742 2333 τῶν
1786 2305 1890 2333 πει-
1914 2306 1964 2343 25

261 2370 507 2431 ᾶρασμῶν
538 2365 797 2434 ἐκταράττῃ
836 2364 1037 2429 κύματα.
1098 2370 1239 2416 τοῦτο
1278 2364 1327 2415 δὲ
1366 2364 1437 2429 ἧν,
1469 2366 1523 2415 οὐ
1560 2364 1679 2430 πρὸς
1718 2365 1896 2415 δειλίαν

307 2448 519 2513 ἄγοντος,
549 2447 578 2512 ἢ
617 2451 1045 2514 προκατακλῶντος
1082 2450 1148 2515 τῷ
1185 2447 1325 2516 φόβῳ
1359 2445 1466 2501 τοὺς
1501 2444 1730 2511 μαθητάς·
1775 2448 1890 2497 ἐπα-

308 2529 556 2598 λείφοντος
582 2527 629 2580 δὲ
654 2534 846 2593 μᾶλλον
872 2534 934 2583 εἰς
966 2530 1172 2582 εὐτονίας
1208 2527 1469 2598 ἀνάληψιν,
1497 2531 1572 2580 καὶ
1608 2530 1744 2579 οἱονεὶ
1777 2527 1896 2594 πρὸς

307 2611 393 2675 τὴν
442 2616 537 2663 τῶν
588 2612 786 2663 ἔσεσθαι
842 2611 1249 2678 προσδοκωμένων
1301 2609 1541 2675 ὑπομονὴν
1590 2633 1893 2677 προευτρεπι-

309 2696 483 2757 σθῆναι
520 2693 843 2748 διδάσκοντος.
899 2694 953 2744 οὐ
987 2693 1082 2759 γὰρ
1117 2692 1380 2761 εὑρήσομεν
1404 2691 1603 2760 ἀκερδὲς,
1628 2697 1819 2756 μᾶλλον
1848 2690 1897 2743 δὲ
1916 2710 1967 2745 30

360 2844 390 2866 2.
417 2833 470 2866 καὶ
488 2834 565 2877 ὑμῖν
581 2833 657 2878 ἶίρτι
674 2834 766 2879 λέγω
783 2846 854 2868 om.
873 2833 914 2868 Ε.
934 2833 994 2868 sed
1014 2833 1058 2868 cf,
1076 2833 1166 2868 infra
1184 2842 1250 2878 749
1261 2833 1295 2867 b.
1413 2841 1444 2877 7.
1470 2833 1578 2867 αὐτῶν
1596 2831 1638 2866 Ε.
1703 2831 1757 2864 διὰ
1774 2831 1900 2866 παντὸς

312 2879 355 2912 Ε.
374 2879 428 2913 διὰ
444 2881 553 2914 πάντα
572 2880 638 2914 Ed.
785 2891 840 2923 24.
867 2882 942 2915 τότε
961 2881 1072 2916 τοίνυν
1090 2880 1157 2916 hoc
1175 2879 1298 2914 ordine
1316 2879 1358 2914 Ε.
1515 2888 1571 2923 27.
1596 2878 1898 2923 προκατακλῶντος

313 2926 354 2959 E.
371 2928 698 2970 προσκατακλῶντος
718 2926 783 2961 Ed.
