2037 3266
141 226 228 261 966
248 226 298 261 Α.
323 236 343 260 a

937 646 1256 695 ΚΕΦΑΛΗ
1312 647 1379 695 Η.

359 823 451 865 ’Ότι
484 825 550 865 οὐκ
587 826 658 876 ἔξω
693 828 862 868 κείσεται
898 831 963 880 τῆς
993 832 1163 880 Χριστοῦ
1198 831 1421 880 βασιλείας,
1456 829 1526 870 κᾶν
1560 831 1596 870 εἴ
1625 846 1661 870 τι
1695 829 1850 883 λέγοιτο
1885 832 1951 869 τοῦ

628 907 795 958 Πατρός·
838 907 917 958 ἅμα
949 909 1021 960 γὰρ
1052 908 1178 949 αὐτῶν
1207 909 1230 960 ἡ
1262 911 1356 949 κατὰ
1388 909 1544 950 πάντων
1575 909 1687 962 ἀρχή.

321 1079 476 1128 9ἸΞΓὼ
519 1081 614 1139 Περὶ
663 1082 804 1125 αὐτῶν
847 1085 1014 1141 ἐρωτῶ·
1071 1087 1118 1127 οὐ
1162 1088 1258 1143 Περὶ
1308 1090 1381 1128 τοῦ
1428 1087 1587 1136 κόσμου
1629 1086 1797 1143 ἐρωτῶ,
1840 1081 1951 1126 ἀλλὰ

298 1175 345 1255 110
432 1165 529 1221 Περὶ
571 1163 632 1207 ὧν
672 1167 867 1209 δεδωκάς
909 1184 993 1220 μοι,
1031 1170 1096 1211 ὅτι
1140 1169 1205 1211 σοί
1249 1168 1342 1222 εἶσι,
1385 1170 1453 1211 καὶ
1495 1171 1546 1212 τὰ
1589 1170 1669 1219 ἐμὰ
1714 1170 1852 1211 Πάντα
1898 1165 1995 1211 σά5

328 1231 343 1256 J

297 1286 339 1310 ΙΙ
430 1248 532 1299 ἐστι,
572 1250 641 1290 καὶ
677 1251 728 1292 τὰ
766 1251 817 1293 σὰ
856 1252 950 1303 ἐμὰ,
987 1253 1054 1293 καὶ
1093 1252 1354 1302 δεδόξασμαι
1390 1254 1435 1296 ἐν
1474 1251 1631 1304 αὐτοῖς,
1671 1255 1738 1294 καὶ
1776 1254 1851 1294 οὐκ
1888 1253 1951 1294 ἔτι

431 1330 515 1380 εἰμί
557 1332 602 1374 ἐν
640 1337 702 1388 τῷ
737 1335 890 1390 κόσμῳ,
930 1335 998 1376 καὶ
1038 1333 1156 1378 οὗτοι
1192 1336 1236 1377 ἐν
1274 1341 1336 1391 τῷ
1370 1338 1518 1392 κόσμῳ
1552 1334 1645 1388 εἰσί,
1685 1336 1802 1384 κάΓὼ
1842 1338 1949 1393 Πρός

434 1431 479 1456 σε
516 1415 709 1473 ἔρχομαι.

143 1563 290 1646 ἑΤῑῐῃᾸῑ·
444 1561 821 1611 ΜΕΣΙΤΕΥΕΙ
861 1562 1009 1612 πάλιν
1041 1564 1104 1616 ὡς
1142 1562 1401 1628 ἅνθρωπος,
1440 1563 1464 1613 ὁ
1501 1566 1626 1613 Θεοῦ
1663 1584 1713 1612 τε
1751 1563 1826 1612 καὶ
1864 1561 1947 1610 ἀν-

365 1640 570 1706 θρώπων
608 1643 898 1707 διαλλακτὴς
944 1645 1019 1694 καὶ
1064 1644 1272 1708 μεσίτης,
1313 1646 1387 1694 καὶ
1430 1645 1455 1695 6
1499 1645 1645 1710 με’γας
1686 1642 1832 1697 ὅντως
1876 1644 1951 1693 καὶ
1976 1666 2024 1691 10

364 1722 596 1788 πανάγιος
633 1725 765 1788 ἡμῶν
799 1725 1050 1792 ἀρχιερεὺς,
1080 1731 1180 1779 ταῖς
1217 1727 1326 1792 παρ’
1357 1727 1523 1777 ἑαυτοῦ
1560 1730 1713 1780 λιταῖς
1751 1724 1838 1789 τὴν
1867 1729 1950 1775 τοῦ

367 1805 484 1855 ἰδίου
521 1804 798 1872 γεννήτορος
837 1808 1186 1871 ἐκμειλίσσεται
1225 1807 1430 1873 γνώμην,
1466 1806 1630 1859 ἑαυτὸν
1666 1807 1780 1873 ὑπὲρ
1818 1808 1950 1871 ἡμῶν

366 1889 634 1953 ἱερουργῶν.
697 1888 836 1942 αὐτὸς
876 1889 970 1955 γὰρ
1008 1888 1061 1941 τὸ
1101 1894 1226 1953 θῦμα
1265 1892 1341 1940 καὶ
1376 1888 1515 1944 αὐτὸς
1553 1889 1709 1955 ἱερεὺς,
1748 1889 1886 1943 αὐτὸς
1925 1890 1950 1939 6

327 1969 574 2033 ομεσίτης,
607 1970 745 2024 αὐτὸς
783 1971 837 2022 τὸ
875 1970 1169 2036 πανάμωμον
1208 1975 1382 2038 ἱερεῖον,
1415 1973 1440 2023 6
1479 1971 1624 2034 ἀμνὸς
1664 1973 1689 2022 ὁ
1728 1971 1950 2036 ἀληθινὸς

145 2054 288 2139 {Symi-
365 2058 394 2080 ‘⁶
420 2052 445 2101 6
482 2052 626 2118 αἴρων
663 2052 749 2117 τὴν
787 2054 1019 2120 ἁμαρτίαν
1056 2060 1139 2105 τοῦ
1178 2052 1403 2117 κόσμου.”
1462 2053 1519 2118 ἧν
1557 2055 1638 2105 οὖν
1676 2055 1768 2120 ἄρα
1805 2053 1950 2107 τύπος
1975 2076 2022 2115 15

366 2132 528 2200 ὥσπερ
578 2157 653 2188 τις
697 2157 773 2186 και
824 2136 939 2186 σκιὰ
990 2134 1220 2205 διαφανὴς
1270 2139 1354 2200 τῆς
1405 2137 1453 2186 ἐν
1502 2135 1723 2203 ἐσχάτοις
1775 2140 1950 2201 καιροῖς

365 2216 747 2281 ἀναδεδειγμενης
780 2222 864 2267 τοῦ
900 2221 1117 2283 Χριστοῦ
1151 2218 1401 2280 μεσιτείας,
1436 2218 1464 2281 ἡ
1501 2217 1653 2268 πάλαι
1692 2216 1768 2268 διὰ
1801 2221 1948 2267 Μωυ-

363 2319 497 2360 σεως,
524 2320 600 2348 και
635 2299 659 2347 6
695 2297 813 2348 κατὰ
848 2297 992 2361 νόμον
1018 2297 1255 2366 ἀρχιερεὺς
1285 2297 1368 2349 τὸν
1395 2298 1509 2365 ὑπὲρ
1536 2299 1680 2361 νόμον
1706 2298 1947 2365 ἱερουργὸν

362 2379 412 2429 ἐν
438 2379 535 2429 ἶδιω
571 2379 779 2448 γεγραφε
815 2397 1040 2446 σχηματι·
1089 2402 1220 2430 σκιαι
1256 2378 1348 2446 γὰρ
1384 2383 1467 2444 τῆς
1502 2380 1723 2444 ἀληθειας
1758 2383 1850 2431 εἶσὶ
1887 2381 1947 2431 τὰ

365 2460 546 2523 νομικά.
606 2464 823 2525 Μωυσῆς
849 2461 942 2528 γὰρ
969 2462 994 2511 ὁ
1021 2461 1275 2515 θεσπέσιος
1300 2464 1376 2512 καὶ
1400 2461 1495 2526 μὴν
1521 2462 1612 2513 σὺν
1637 2463 1792 2532 ἐκείνῳ
1819 2465 1894 2514 καὶ
1921 2465 1946 2514 ὁ
1969 2486 2018 2511 20

363 2543 680 2609 περίβλεπτος
704 2543 894 2610 Ἀαρὼν
918 2544 1067 2608 μέσον
1094 2542 1171 2595 διὰ
1196 2542 1372 2597 παντὸς
1403 2544 1608 2611 ἐχώρουν
1636 2547 1760 2594 Θεοῦ
1791 2567 1840 2595 τε
1872 2547 1946 2595 καὶ

320 2630 347 2670 d
363 2627 446 2688 τῆς
480 2628 778 2691 συναγωγῆς,
810 2624 915 2691 ἄρτι
949 2624 1035 2689 μὲν
1069 2624 1155 2689 τὴν
1185 2626 1260 2676 ἐπὶ
1298 2630 1393 2679 τοῖς
1432 2624 1816 2689 πλημμελήμασι
1853 2630 1949 2677 τῶν

362 2706 420 2774 ἐξ
447 2706 649 2773 Ἰσραὴλ
688 2709 1016 2761 δυσωποῦντες
1055 2705 1215 2773 ὀργὴν,
1249 2708 1325 2757 καὶ
1362 2705 1449 2770 τὴν
1483 2706 1661 2757 ἄνωθεν
1696 2712 1948 2760 καλοῦντες

363 2789 438 2839 ἐπὶ
471 2793 567 2842 τοῖς
602 2789 854 2840 ἀτονοῦσιν
882 2787 1127 2853 εὐμένειαν·
1169 2787 1275 2855 ἄρτι
1311 2787 1360 2839 δὲ
1393 2787 1541 2840 πάλιν
1566 2789 1868 2856 ἐπευχόμενοί
1896 2811 1945 2838 τε

1065 2949 1128 2984 1-3
1146 2950 1215 2974 om.
1234 2938 1275 2973 E.
