2016 3246
71 252 177 292 Supra

70 306 137 327 ver.
155 306 208 335 44.

306 908 315 920 τ
434 912 453 921 Α
610 906 620 919 Ι
736 906 748 920 X
878 904 891 919 Χ
957 906 977 921 (Ι
1138 906 1149 921 Ι

69 917 156 951 566
173 916 223 950 A·
256 926 277 949 a
294 930 472 960 εαυτοις
496 929 677 972 πατερα
703 929 785 957 τον
803 910 928 956 Θεον
955 929 1067 956 οταν
1089 912 1298 970 λεγωσιν

70 967 178 1006 Supra

50 1018 53 1019 ⁷
67 1021 135 1041 ver.
153 1019 204 1048 41.

70 1071 176 1110 Supra

68 1124 111 1144 lv.
135 1123 182 1152 24.

297 144 380 183 104
692 145 740 185 B.
776 144 1050 185 CYRILLI
1092 145 1476 186 ALEXANDR.
1711 144 1795 185 viii.
1813 143 1883 195 46.

403 254 417 270 X

294 256 431 318 φησι,
460 259 486 280 “
512 257 657 304 λαλεῖ
686 251 741 304 τὸ
776 255 967 322 ψεῦδος,
994 255 1043 303 ἐκ
1069 257 1164 304 τῶν
1192 254 1319 304 ἰδίων
1343 258 1498 304 λαλεῖ*
1542 253 1760 321 ψεύστης
1791 251 1885 318 γάρ

293 340 320 361 “
348 335 450 384 ἐστι
490 333 644 388 καθὼς
685 337 761 385 καὶ
800 336 824 385 ὁ
863 333 1023 400 πατὴρ
1061 335 1250 385 αὐτοῦ·”
1295 340 1337 386 τί
1374 339 1470 389 τοῖς
1509 335 1763 401 εἰρημένοις
1801 335 1885 385 οὐκ

293 415 483 482 ἀδελφὰ
521 415 819 482 λογιζόμενοί
853 439 902 467 τε
944 418 1017 467 καὶ
1056 416 1357 481 πράττοντες,
1392 419 1531 480 κάμοὶ
1570 417 1759 482 λε’γοντι
1799 415 1885 480 τὴν

291 497 496 558 ἀλήθειαν
537 501 579 548 οὐ
619 497 857 559 πιστεύετε,
896 497 967 547 ὅτι
1006 497 1136 563 παρὰ
1175 496 1401 561 ἀλήθειαν
1432 497 1509 548 διὰ
1546 504 1685 549 τοῦτο
1721 503 1880 559 λαλῶ,

292 580 479 643 ἐπείπερ
505 581 596 640 εἰμὶ
624 581 699 629 καὶ
726 580 871 632 οὕτως
899 578 1082 643 ἀληθὴς
1109 578 1322 644 καθάπερ
1355 581 1429 630 καὶ
1465 580 1489 630 ὁ
1519 578 1721 644 Πατήρς
1765 578 1885 632 εἰκὸς
1904 594 1926 631 5

292 661 340 711 δὲ
367 660 517 724 δήπου
545 660 802 727 διελέγχειν
829 660 971 710 αὐτὸν
1000 661 1252 714 Ἰουδαίους
1284 661 1602 714 ἀσθενοῦντας
1637 660 1712 710 διὰ
1747 667 1885 711 τοῦτο

291 742 410 807 πρὸς
436 743 490 793 τὸ
515 742 580 807 μὴ
609 740 841 792 δύνασθαι
868 741 975 794 τοὺς
1000 742 1056 810 ἐξ
1084 743 1306 806 ἀληθείας
1338 743 1651 809 χωρήσαντας
1687 742 1880 808 λόγους,

294 824 482 891 ἐπείπερ
509 826 591 875 οὐκ
617 827 707 875 εἶσὶ
743 827 826 887 τῆς
865 826 1089 887 ἀληθείας
1125 827 1226 875 υἱοί.
1284 825 1618 892 ἐπιψεύδονται
1653 822 1699 874 δὲ
1732 824 1885 889 μάτην

1321 913 1348 935 “
1366 905 1491 956 ’Ένα
1515 906 1694 972 πατέρα
1719 906 1885 974 ἔχομεν

295 996 320 1018 “
347 987 429 1039 τὸν
464 988 628 1040 Θεὸν.”
690 989 714 1038 ὁ
752 989 837 1051 μὲν
875 987 969 1054 γὰρ
1010 987 1145 1049 Θεὸς,
1186 990 1351 1055 φησὶν,
1393 987 1518 1041 ὅλως
1563 986 1627 1038 ὧν
1665 988 1879 1052 ἀλήθεια,

862 1077 890 1099 “
917 1072 991 1119 καὶ
1029 1068 1137 1122 τοὺς
1191 1075 1577 1134 προσκυνοῦντας
1631 1069 1785 1133 αὑτὸν,
1836 1073 1885 1121 ἐν

291 1072 442 1137 χαίρει
496 1074 554 1138 τῇ
608 1071 819 1138 ἀληθείᾳ,

293 1159 318 1180 “
347 1152 544 1220 ἀληθείᾳ
585 1153 661 1202 καὶ
700 1151 960 1214 πνεύματι”
998 1151 1223 1211 βούλεται
1261 1156 1560 1216 προσκυνεῖν.
1615 1150 1674 1201 τὰ
1714 1151 1761 1202 δὲ
1802 1155 1885 1216 τῆς

291 1234 514 1297 ἀληθείας
556 1236 694 1284 τέκνα
735 1235 915 1300 δέχεται
961 1233 1216 1297 προθύμως
1261 1231 1315 1282 τὸ
1361 1232 1603 1298 συγγενὲς,
1645 1233 1880 1296 τουτέστι,

290 1314 376 1378 τὴν
408 1314 649 1380 ἀλήθειαν.
706 1318 827 1382 ὑμεῖς
862 1315 909 1365 δὲ
942 1313 1017 1364 διὰ
1051 1320 1189 1365 τοῦτο
1226 1315 1420 1380 λε’γοντί
1450 1337 1528 1377 μοι
1562 1314 1647 1378 τὴν
1682 1314 1884 1375 ἀλήθειαν

294 1401 337 1448 οὐ
363 1396 606 1455 πιστεύετε,
635 1396 822 1461 ἐπείπερ
850 1397 932 1446 οὐκ
959 1395 1067 1446 ἐστὲ
1094 1399 1177 1459 τῆς
1204 1397 1425 1460 ἀληθείας
1453 1397 1553 1448 υἱοί.
1605 1396 1815 1447 τοιοῦτόν
1841 1420 1883 1447 τι

291 1501 370 1542 μοι
397 1481 525 1529 δοκεῖ
546 1478 701 1543 λέγειν
725 1478 844 1545 πρὸς
871 1479 1124 1532 Ἰουδαίους
1151 1480 1175 1528 ὁ
1207 1478 1394 1545 Κύριος,
1421 1477 1582 1529 ὁποῖόν
1607 1500 1696 1544 περ
1732 1478 1790 1528 ἄν
1816 1501 1884 1532 τις

293 1562 369 1610 καὶ
402 1562 473 1628 ἐφ’
502 1561 659 1626 ἑτέρου
693 1561 1001 1628 σχηματίσας
1037 1561 1215 1611 κατίδοι
1251 1565 1420 1613 καλῶς.
1475 1561 1652 1625 λεγέτω
1688 1559 1781 1625 γάρ
1816 1582 1885 1613 τις

250 1649 278 1689 b
297 1642 440 1709 τυχὸν
467 1647 561 1692 τῶν
586 1647 855 1710 σωφρονεῖν
890 1642 1119 1692 εἰωθότων
1152 1641 1271 1708 πρὸς
1305 1643 1579 1693 ἀκόλαστον
1614 1642 1711 1693 υἱὸν
1737 1641 1885 1706 ἤγουν

297 1724 478 1788 οἰκέτην
507 1723 534 1788 ἢ
573 1726 759 1789 γείτονα
794 1728 851 1774 Εἰ
891 1729 1160 1791 σωφρονεῖν
1191 1747 1271 1774 σοι
1311 1726 1432 1774 δοκῶ
1473 1725 1691 1788 πορνείαν
1717 1747 1885 1790 παραι-

295 1805 530 1868 τούμενος,
558 1808 633 1856 καὶ
672 1805 757 1869 τὴν
795 1808 1002 1856 ἐντεῦθεν
1037 1806 1283 1874 ὑπόληψιν
1314 1809 1396 1870 τῆς
1432 1808 1633 1870 ἐμαυτοῦ
1673 1809 1884 1874 κεφαλῆς

296 1890 357 1941 ὡς
411 1887 700 1954 ποῤῥωτάτω
752 1889 903 1949 τιθεὶς,
949 1886 1023 1937 διὰ
1074 1888 1123 1938 τί
1170 1889 1369 1941 ἀπειθεῖς
1421 1890 1497 1938 καὶ
1547 1889 1600 1938 οὐ
1650 1886 1885 1942 πιστεύεις

294 1968 482 2034 λε’γοντι
522 1974 711 2038 φαῦλον
747 1969 817 2020 ὅτι
856 1971 932 2019 καὶ
971 1968 1188 2034 μυσαρὸν
1213 1969 1266 2020 τὸ
1302 1969 1503 2035 πρᾶγμά
1536 1971 1673 2031 ἐστι;
1718 1972 1791 2020 καὶ
1831 1971 1884 2020 οὐ

294 2051 445 2115 δήπου
499 2050 687 2105 πάντως
744 2055 801 2119 τῇ
857 2051 1022 2102 πεύσει
1080 2050 1166 2115 τὴν
1217 2052 1483 2117 ἀπολογίαν
1535 2050 1883 2116 ἀντεπάγεσθαι

295 2132 443 2198 ζητῶν
493 2132 553 2183 τὰ
602 2138 794 2183 τοιαῦτα
847 2131 1044 2199 φήσειεν
1095 2131 1166 2194 ἂν,
1219 2134 1328 2182 ἀλλ’
1382 2132 1439 2200 ἐξ
1487 2131 1551 2183 ὧν
1602 2135 1884 2183 ἀπειθοῦντα

295 2213 487 2264 δεικνύει
525 2218 697 2282 σαφῶς
735 2212 1013 2282 ἐξελέγχων,
1050 2213 1119 2263 ὅτι
1158 2213 1335 2280 χαίρων
1374 2218 1474 2267 ταῖς
1512 2215 1791 2267 ἀκολασίαις
1830 2215 1883 2264 οὐ

295 2301 441 2363 χωρεῖ
462 2294 544 2346 τὸν
571 2294 930 2362 σωφρονίζοντα
957 2293 1118 2360 λόγον.

371 2377 539 2430 Οὕτως
565 2377 646 2426 οὖν
673 2376 764 2442 ἄρα
791 2377 866 2426 καὶ
893 2377 967 2426 ἐπὶ
992 2380 1086 2426 τῶν
1104 2375 1347 2426 Ἰουδαίων
1372 2374 1618 2440 νοήσωμεν,
1641 2375 1753 2426 ὅταν
1779 2374 1884 2444 ε’ίπῃ

347 2496 376 2520 Ι.
401 2486 503 2518 λαλεῖ
520 2485 617 2529 prius
638 2485 679 2519 B.
698 2486 787 2528 λαλῇ
809 2484 928 2518 Holst.
948 2483 1016 2518 Ed.
1153 2495 1185 2518 2.
1212 2483 1245 2518 τί
1264 2483 1307 2518 Β.
1324 2484 1364 2517 τὰ
1385 2483 1447 2518 Ht.
1468 2483 1535 2518 Ed.
1664 2497 1698 2525 4.
1724 2484 1774 2518 ὅτι
1792 2486 1883 2530 παρὰ

293 2531 455 2575 ἀλήθειαν
469 2532 607 2565 restitui
624 2543 665 2565 ex
683 2531 735 2571 B„
751 2543 861 2576 quum
881 2531 1094 2574 surrepsisse
1112 2542 1184 2564 non
1198 2530 1362 2564 videntur
1379 2542 1419 2564 ex
1440 2531 1571 2564 scribae
1588 2531 1654 2564 ἅνω
1671 2545 1707 2564 τε
1724 2532 1777 2564 καὶ
1796 2533 1883 2565 κάτω

294 2585 431 2612 errante
455 2579 579 2612 oculo:
615 2577 675 2611 sed
703 2578 819 2611 omisit
844 2584 883 2611 ut
909 2577 992 2617 vid„
1019 2581 1162 2621 propter
1188 2577 1431 2610 difficultatem
1459 2577 1521 2611 Ht.
1574 2577 1686 2611 Verba
1711 2577 1883 2623 quaedam

294 2624 413 2658 deesse
433 2625 608 2664 videntur,
628 2636 704 2667 αξξ.
727 2625 872 2665 οἰόμενοι
899 2624 950 2657 ὅτι
973 2624 1064 2668 παρὰ
1090 2638 1118 2657 κ.
1131 2626 1209 2657 τ.λ.
1261 2624 1509 2657 Delendumne
1535 2624 1586 2657 διὰ
1614 2625 1713 2657 τοῦτο
1739 2636 1757 2657 e
1781 2624 1841 2657 lin.
1861 2624 1883 2657 6

293 2671 385 2705 infra
402 2672 491 2705 forte
510 2671 566 2705 hic
585 2683 604 2704 a
625 2671 736 2705 scriba
754 2670 938 2704 additum?
1092 2680 1123 2715 7.
1149 2672 1275 2714 λόγους
1293 2674 1518 2714 assumptum
1536 2682 1576 2703 ex
1600 2670 1639 2704 B.
1659 2670 1807 2704 συνιέναι
1826 2670 1883 2704 hic

295 2717 414 2751 deesse
437 2718 552 2762 Heyse
571 2718 698 2752 visum.
836 2729 868 2761 9.
896 2718 952 2751 ἕνα
972 2717 1013 2750 B.
1031 2716 1086 2750 ἵνα
1106 2717 1280 2750 Holstenii
1299 2716 1542 2761 apographum
1561 2728 1632 2750 non
1650 2718 1769 2760 legens
1788 2717 1881 2750 Aul).

293 2764 423 2808 ἔχωμεν
443 2764 508 2797 Ed.
577 2765 703 2798 Statim
720 2765 779 2798 τὸν
797 2766 882 2797 Θεὸν
900 2770 1123 2807 assumptum
1143 2776 1183 2797 ex
1205 2763 1246 2797 B.
1414 2775 1466 2798 12.
1491 2763 1631 2807 ἀληθείᾳ
1651 2763 1704 2796 καὶ
1721 2761 1882 2806 πνεύματι

294 2809 360 2843 hoc
378 2809 499 2843 ordine
520 2811 561 2844 B.
686 2810 808 2852 14—16.
834 2810 893 2853 τὴν
911 2811 1076 2854 δὶα-*μοι
1103 2815 1283 2854 assumpta
1301 2821 1341 2842 ex
1363 2809 1404 2843 B.
1428 2809 1502 2849 He,
1522 2821 1540 2842 a
1556 2824 1613 2852 μοι
1632 2808 1674 2842 ad
1692 2823 1749 2852 μοι
1767 2816 1881 2842 trans-

294 2855 411 2889 iliente
431 2862 469 2889 ut
487 2857 556 2890 vid.
578 2857 724 2891 Auberti
742 2857 866 2891 scriba.
1042 2867 1096 2898 24.
1122 2856 1326 2890 ἀπειθοῦντα
1347 2856 1387 2890 Β.
1410 2855 1472 2889 Ht.
1491 2855 1676 2889 ἀπειθεῖται
1694 2855 1801 2894 Aub.,
1821 2856 1882 2900 qui

293 2901 438 2935 adnotat
455 2903 697 2946 apographum
717 2915 820 2937 suum
839 2903 1055 2937 ἁπειθοῦνται
1073 2904 1198 2947 legere.
1417 2911 1472 2946 25.
1498 2901 1699 2936 ἀκολασίαις
1717 2902 1880 2936 emendat

295 2947 428 2992 Migne.
448 2948 653 2984 ἀπολασίαις
672 2950 765 2983 Aub.

1908 1008 1955 1032 10

1905 1825 1955 1849 20
