2037 3266
319 147 404 186 500
720 147 770 187 B.
804 146 1083 188 CYRILLI
1126 145 1506 187 ALEXANDR.
1737 143 1821 183 xiv.
1842 154 1908 193 24.

320 257 393 304 καὶ
421 260 536 319 γοῦν
562 256 587 305 ὁ
613 255 867 310 θεσπέσιος
895 260 1105 318 Παῦλος,
1133 257 1236 323 οὐχὶ
1263 256 1345 306 δύο
1372 259 1491 306 θεῶν
1518 252 1763 317 ὠνόμασεν
1791 251 1911 314 ἡμᾶς

97 330 202 403 ilia}
321 335 471 398 ναοὺς,
499 338 608 387 ἀλλ’
637 335 738 390 ἑνος
777 336 998 434 δηλονότι
1037 359 1112 388 και
1152 339 1309 388 αὑτοῦ·
1354 343 1380 366 “
1402 337 1508 387 Οὐκ
1547 334 1713 397 οἴδατε,
1742 334 1908 401 φησὶν,

281 424 348 466 e“
374 417 445 468 ότι
489 440 598 472 ναος
641 422 767 469 Θεοῦ
811 420 918 469 ἐστε
964 420 1040 468 καὶ
1081 418 1136 469 τὸ
1177 421 1374 482 Πνεῦμα
1418 422 1500 468 τοῦ
1543 421 1668 468 Θεοῦ
1711 420 1826 466 οἰκεῖ
1864 417 1913 464 ἐν

338 502 513 564 ίὑμῖν;
518 500 542 516 ”
584 501 698 568 ὁρᾷς
733 500 804 551 ότι
839 500 1214 565 συνεισενεγκὼν
1240 503 1303 553 εἷς
1337 500 1501 553 οὐσίας
1536 497 1798 562 ταυτότητά
1830 495 1914 547 τὸν

324 583 517 648 Πατέρα
555 583 632 633 καὶ
671 581 753 632 τὸν
785 581 917 644 Υἱὸν,
958 581 1095 635 ναοὺς
1134 583 1257 646 ἡμᾶς
1295 581 1627 649 ἀποδεδεῖχθαί
1658 588 1823 649 φησιν,
1861 579 1955 629 ού5

322 669 441 715 θεῶν
471 669 674 727 μᾶλλον,
701 664 831 714 ἀλλὰ
865 668 1007 715 Θεοῦ.
1066 665 1115 715 τί
1149 664 1304 715 τοίνυν
1335 665 1519 718 εἷκαίοις
1557 662 1914 730 παρακρούεσθε

322 751 578 811 λογισμοῖς
604 749 686 810 τῆς
713 747 937 810 ἀληθείας
962 745 1048 810 τὴν
1077 747 1285 809 δύναμιν,
1313 749 1389 798 καὶ
1416 749 1498 810 τῆς
1530 748 1704 797 ἑαυτῶν
1731 747 1909 795 δυσσε-

322 830 453 890 βείας
491 828 575 879 τὸν
613 827 683 880 ἱὸν
722 828 1015 894 ἐπισπείρετε
1054 834 1149 882 τοῖς
1188 829 1489 895 ἀλογώτερον
1528 827 1718 879 εἰωθόσι
1756 849 1913 893 προσ-

323 910 527 971 βάλλειν
553 915 649 964 τοῖς
676 914 814 977 ἱεροῖς
839 933 888 961 τε
916 913 990 962 καὶ
1019 909 1156 964 θείοις
1183 909 1462 978 γράμμασιν
1484 932 1496 972 ;

258 1088 305 1122 24
537 1077 592 1118 ‘O
630 1078 686 1126 μή
727 1078 906 1125 ἀπαιτῶν
944 1093 996 1126 με
1033 1077 1133 1119 τοὺς
1171 1078 1324 1125 >xm-oue
1361 1091 1441 1126 μου
1480 1077 1527 1118 οὐ
1566 1073 1701 1133 τΗρεῖ.
1941 1087 1988 1111 10

403 1190 762 1259 Προαποδείξας
799 1192 849 1241 εὖ
880 1191 1015 1255 μάλα
1050 1194 1125 1242 καὶ
1161 1190 1485 1258 διορισάμενος
1521 1192 1686 1257 ὀρθῶς,
1713 1189 1832 1242 τίνες
1861 1187 1920 1239 ἂν

103 1286 188 1322 833
202 1285 255 1324 Α.
285 1270 414 1323 θεῖεν
451 1275 493 1323 οἱ
533 1273 809 1338 ἀγαπῶντες
849 1272 1005 1336 αὐτὸν,
1037 1273 1276 1342 μεθέξωσι
1315 1273 1363 1325 δὲ
1403 1276 1477 1325 καὶ
1516 1274 1665 1324 ποίων
1703 1274 1915 1338 ἀγαθῶν,

324 1353 533 1417 μέτεισιν
558 1354 691 1408 εὐθὺς
726 1355 798 1424 ἐφ’
827 1356 1010 1422 ἑτέρους
1044 1354 1152 1410 τοῦς
1189 1357 1318 1407 οὔπω
1358 1360 1515 1425 φιλεῖν
1544 1354 1808 1419 ἑλομένους.
1864 1353 1920 1405 οὐ

324 1435 420 1502 γὰρ
456 1436 647 1487 ἔσονται
682 1437 907 1505 φύλακες,
935 1440 1072 1506 φησὶ,
1098 1437 1322 1504 ῥημάτων
1348 1442 1442 1489 τῶν
1468 1439 1608 1500 ἐμῶν·
1652 1443 1791 1488 τοῦτο
1826 1435 1920 1501 γάρ

325 1519 430 1568 ἐστι
462 1518 517 1569 τό
545 1523 614 1570 Οὐ
645 1519 823 1588 τηρήσει
858 1521 925 1571 τὶν
951 1522 1084 1586 λόγον
1115 1545 1214 1587 μου,
1241 1523 1304 1574 ὡς
1338 1521 1446 1571 καθ’
1476 1520 1576 1574 ἑνὸς
1614 1518 1643 1583 ἢ
1679 1522 1785 1585 περὶ
1820 1518 1919 1572 ἑνὸς
1942 1533 1991 1572 15

326 1599 599 1666 λεγόμενον,
626 1605 663 1651 εἱ
701 1605 776 1652 καὶ
810 1600 1043 1652 πλατεῖάν
1069 1625 1170 1655 πως
1205 1602 1298 1670 ἔχει
1332 1604 1405 1653 καὶ
1433 1600 1620 1667 γενικὴν
1645 1600 1732 1665 τὴν
1758 1599 1916 1665 δήλω-

327 1705 424 1733 σιν.
479 1682 752 1737 ἀκολούθως
791 1682 839 1734 δὲ
878 1683 1073 1752 σφόδρα
1112 1685 1187 1734 καὶ
1227 1684 1366 1735 τοῦτό
1409 1690 1576 1752 φησιν.
1632 1687 1670 1734 εἰ
1708 1681 1801 1749 γὰρ
1840 1685 1923 1746 τῆς

328 1768 389 1818 εἰς
428 1764 570 1815 αὐτὸν
608 1763 798 1830 ἀγάπης
837 1765 1073 1834 ἀπόδειξις
1112 1766 1247 1816 ἔσται
1285 1765 1450 1835 σαφὴς
1494 1766 1548 1817 τὸ
1594 1768 1799 1832 τηρῆσαι
1839 1763 1923 1818 τὰς

330 1846 539 1908 ἐντολὰς,
571 1846 673 1910 ἤτοι
712 1846 796 1897 τὸν
827 1848 937 1913 παρ’
970 1849 1113 1898 αὐτοῦ
1154 1847 1316 1913 λόγον,
1348 1848 1415 1911 εἴη
1455 1847 1606 1913 δήπου
1644 1846 1831 1900 πάντως
1869 1844 1924 1897 ὃν
2036 1908 2037 1911 ¹

285 1928 504 1992 ὒάληθὲς
543 1931 619 1979 καὶ
653 1928 707 1978 τὸ
742 1929 964 1980 ἐναντίον.
1018 1932 1185 1995 δεῖγμα
1220 1930 1314 1996 γὰρ
1348 1930 1483 1981 ε”σται
1512 1935 1596 1981 τοῦ
1628 1929 1693 1993 μὴ
1728 1929 1923 1979 ἑλέσθαι
1943 1949 1994 1974 20
2036 1919 2037 1923 Ἰ

331 2014 503 2079 φιλεῖν,
535 2009 591 2061 τὸ
630 2012 685 2060 δι’
716 2010 902 2065 οὐδενὸς
936 2016 1174 2063 ποιεῖσθαι
1210 2011 1362 2078 λόγου
1397 2011 1483 2076 τὴν
1515 2011 1727 2075 ἐντολὴν,
1758 2034 1920 2077 παρω-

332 2096 516 2144 θεῖσθαι
555 2092 604 2143 δὲ
642 2091 696 2143 τὸ
736 2094 1116 2157 κεκελευσμένον,
1156 2095 1368 2161 καθάπερ
1406 2117 1450 2145 τι
1487 2099 1583 2145 τῶν
1616 2096 1789 2145 ἀδικεῖν
1825 2097 1922 2144 εἰω-

331 2173 500 2224 θότων.
578 2175 688 2225 ἀλλ’
735 2174 898 2240 ὥσπερ
950 2180 1046 2229 τοῖς
1098 2175 1428 2245 νομοφύλαξιν
1472 2176 1714 2226 ἐνοικίσειν
1759 2174 1924 2226 ἑαυτὸν

333 2257 451 2317 ὁμοῦ
486 2259 552 2324 τῷ
584 2260 692 2324 Θεῷ
730 2258 806 2306 καὶ
838 2259 993 2320 Πατρὶ
1033 2257 1467 2322 κατεπηγγέλλετο·
1511 2256 1630 2308 κατὰ
1664 2257 1746 2308 τὸν
1782 2255 1924 2307 αὑτὸν

334 2335 462 2400 οἶμαι
500 2337 651 2401 λόγον
685 2342 780 2387 τῶν
809 2336 874 2400 μὴ
914 2338 1138 2389 τοιούτων
1176 2337 1568 2403 ἀπαναστήσεται
1606 2340 1682 2390 καὶ
1720 2340 1923 2407 ἀποφοι-
1943 2361 1961 2385 2

113 2441 189 2481 Sap.
208 2440 229 2472 i.
244 2449 275 2481 4.
336 2418 472 2483 τήσει
509 2423 768 2472 παντελῶς.
822 2419 1078 2483 ἀληθεύσει
1116 2419 1209 2486 γὰρ
1248 2421 1403 2487 λε’γων
1440 2422 1465 2472 ὁ
1506 2420 1738 2484 Σολομών
1763 2419 1924 2471 ““On

338 2507 365 2530 ‘⁶
391 2504 454 2554 εἷς
492 2499 774 2568 κακότεχνον
809 2500 976 2569 ψυχὴν
1010 2502 1162 2570 σοφία
1201 2503 1283 2553 οὐκ
1322 2502 1657 2565 εἰσελεύσεται,
1692 2501 1795 2553 οὐδὲ
1833 2525 1915 2553 κα-

338 2588 536 2634 “τοικεῖ
569 2584 617 2634 ἐν
655 2583 844 2647 σώματι
881 2582 1125 2681 κατάχρεω
1165 2586 1426 2650 ἁμαρτιαςῖ
1416 2585 1440 2601 ”
1494 2608 1569 2636 και
1608 2583 1701 2650 γάρ
1738 2607 1809 2636 τοι
1847 2607 1923 2635 και

297 2607 409 2732 Οέφ’
435 2665 569 2728 ἡμῶν
595 2666 741 2718 οὕτως
768 2664 975 2732 ε”χουσαν
1001 2664 1211 2732 εὑρήσεις
1235 2671 1319 2717 τοῦ
1344 2665 1623 2732 πράγματος
1648 2665 1733 2730 τὴν
1758 2665 1920 2734 φύσιν·

337 2744 366 2809 ἢ
337 2745 503 2812 ηγάρ
550 2747 653 2813 οὐχι
703 2752 799 2800 τοῖς
850 2747 1091 2815 ὁμόφροσι
1141 2771 1216 2799 και
1268 2749 1545 2814 ὁμοτροπεῖν
1587 2748 1823 2812 ἑλομενοις
1867 2771 1921 2799 το
1941 2768 1990 2804 30
2026 2770 2031 2794 1¹

2028 2808 2037 2878 ³!

1970 2357 1991 2395 Cn

386 2904 415 2927 Ι.
442 2894 618 2938 ὠνόμασεν
634 2895 718 2939 ἡμᾶς
735 2895 803 2930 hoc
821 2896 943 2931 ordine
962 2896 1040 2941 E.p.
1157 2897 1190 2931 6.
1216 2897 1492 2943 παρακρούεσθε]
1513 2898 1566 2932 καὶ
1583 2898 1860 2943 παρακρούεσθαι
1878 2898 1920 2933 Ε.

341 2951 394 2973 12.
419 2941 471 2974 καὶ
489 2948 714 2986 assumptum
731 2954 772 2976 ex
793 2942 834 2976 E.
980 2955 1035 2977 21.
1061 2944 1289 2988 παραθεῖσθαι
1308 2945 1350 2979 Ε.
1495 2954 1550 2990 27.
1576 2945 1675 2990 ψυχὴ
1695 2946 1736 2980 Ε.
