1971 3272
97 105 150 146 ix.
174 108 239 149 26.
346 107 422 147 IN
465 106 506 148 S.
541 106 880 146 JOANNEM.
943 106 1171 146 L1ss.vl.
1234 107 1369 148 CAP.
1405 107 1439 146 Ι.
1610 106 1687 145 181

102 264 231 310 Εἶπον
271 267 343 310 οὖν
383 270 500 323 αὐτῷ
534 270 662 310 Πάλιν
700 268 750 309 Τί
787 268 964 310 ὲΠοίΗσὲ
1003 284 1096 321 σοι,
1146 268 1239 309 Πῶς
1277 268 1440 322 ἀνέῳξε
1480 282 1554 309 σου
1592 266 1689 307 τοὺς
1715 264 1762 298 26

753 352 1004 408 ὀφθαλμούς
1023 373 1032 404 3

173 465 563 512 Φιλοπευστοῦσι
598 460 746 512 πάλιν
777 463 852 511 καὶ
889 460 970 511 τὸν
1004 463 1087 524 τῆς
1126 460 1385 523 θεοσημίας
1425 460 1694 524 διερευνῶσι

98 542 289 610 τρόπον,
317 545 400 594 οὐκ
428 545 477 593 ἐκ
502 543 674 611 φρενὸς
705 545 888 609 ἀγαθῆς
925 541 952 607 ὴ
988 541 1370 609 χρηστομαθείας
1407 539 1461 590 τὸ
1495 545 1694 606 πρᾶγμα

57 644 78 682 5
98 626 378 688 ποιούμενοι,
405 625 537 676 ἀλλὰ
564 627 713 676 καίτοι
740 625 902 692 ζημίας
931 625 1122 688 ἀπάσης
1150 625 1387 692 αἰσχίονα,
1414 623 1489 673 καὶ
1516 620 1694 675 παντὸς

98 714 242 759 κακοῦ
287 709 496 759 ἐπέκεινα
542 709 744 762 τιθέντες
789 710 864 759 καὶ
910 706 1204 773 λογιζόμενοι
1243 706 1297 756 τὸ
1337 704 1427 756 ὑπό
1472 727 1556 755 του
1600 707 1735 754 τῶνθ

99 791 249 842 ὄντων
287 791 602 860 εὐφημεῖσθαι
641 790 873 857 Χριστὸν,
914 796 1062 840 ταῦτα
1100 788 1257 840 πάντα
1295 786 1444 839 πάλιν
1483 789 1695 837 ἀνασκα-

99 873 337 935 λεύουσιν,
365 872 571 937 οἰόμενοί
597 896 697 927 πως
732 872 815 923 τὸν
843 873 1094 938 ἄνθρωπον
1121 872 1175 922 οὐ
1201 869 1578 936 ταυτολογήσειν
1604 869 1692 931 ἔτι,

100 957 342 1006 διαπεσεῖν
369 956 424 1006 δέ
443 979 543 1009 πως
578 957 684 1020 περὶ
719 960 803 1005 τοῦ
837 954 1119 1021 πράγματος
1153 953 1399 1022 ἐξήγησιν,
1427 952 1508 1002 καί
1530 974 1574 1002 τι
1599 955 1697 1004 τοῖς·

35 1062 84 1087 10
100 1036 330 1104 πρότερον
363 1038 580 1091 ἐναντίως
614 1037 723 1105 ε”χον
757 1039 888 1103 ἐρεῖν,
914 1037 990 1087 ἵνα
1022 1040 1105 1100 τῆς
1141 1035 1398 1103 διαφωνίας
1435 1031 1690 1103 ἐπιδραξά-

100 1142 245 1184 μενοι,
284 1120 629 1183 πεπλασμένον
669 1119 774 1170 τινὰ
820 1122 893 1170 καὶ
938 1119 1160 1188 ψεύστην
1199 1117 1342 1168 αὐτὸν
1381 1116 1690 1186 ἀποφήνειαν.

102 1202 415 1269 διελογίζοντο
449 1201 544 1269 γὰρ
578 1206 620 1253 οὶ
655 1204 728 1254 ἐπὶ
764 1205 929 1269 πολλῇ
957 1201 1152 1270 σφόδρα
1179 1200 1371 1251 συνέσει
1398 1203 1693 1268 κατωφρυω-

101 1285 230 1349 με’νοι
269 1287 318 1336 ε’ν
349 1287 520 1353 ψιλαῖς
558 1290 642 1335 τοῦ
681 1284 932 1351 ἀνθρώπου
968 1288 1147 1352 φωναῖς
1181 1282 1268 1347 τὴν
1301 1288 1383 1333 τοῦ
1422 1281 1698 1350 παραδόξου

102 1366 341 1432 σώζεσθαι
381 1366 590 1431 δύναμιν,
616 1369 691 1417 καὶ
732 1368 835 1434 οὐχὶ
869 1371 1060 1430 μᾶλλον
1095 1368 1142 1416 ἐν
1172 1370 1239 1435 τῷ
1278 1365 1551 1432 πεπράχθαι
1590 1367 1691 1414 δια-

38 1466 84 1504 15
105 1450 376 1518 φαίνεσθαι.
433 1447 562 1513 οἶμαι
588 1449 642 1499 δέ
662 1471 706 1500 τι
733 1451 809 1499 καὶ
835 1453 1047 1499 τοιοῦτον
1073 1447 1240 1502 αὐτοὺς
1273 1449 1517 1511 ὑπομεῖναι
1548 1446 1697 1498 πάλιν
1715 1470 1738 1495 a
1775 1461 1853 1496 619
1869 1459 1919 1494 Α.

105 1534 147 1582 οἱ
185 1536 342 1595 μισεῖν
375 1533 544 1585 ἀδίκως
580 1532 633 1582 οὐ
667 1531 1049 1597 καταναρκῶντές
1084 1553 1228 1592 τινας,
1257 1529 1371 1581 ὅταν
1407 1529 1701 1581 ἐκπύθωνταί

104 1636 150 1664 τι
175 1618 270 1664 τῶν
298 1615 454 1668 αὐτοῖς
480 1613 787 1680 δεδραμένων,
817 1611 915 1664 εἶτα
941 1619 1081 1664 τοῦτο
1107 1612 1172 1677 μὴ
1205 1613 1391 1666 δικαίως
1426 1611 1698 1679 πεπράχθαι

106 1699 234 1764 δοκῇ,
262 1697 349 1764 οὐχ
375 1694 511 1765 ἅπαξ
534 1695 665 1747 ἀλλά
692 1698 768 1746 καὶ
793 1695 1030 1749 πολλάκις
1058 1695 1173 1746 αὐτὸ
1208 1693 1339 1762 παρὰ
1373 1699 1468 1746 τῶν
1495 1694 1693 1762 ἐξηγου-

105 1777 258 1842 μένων
303 1778 478 1830 ἐπαΐειν
529 1778 790 1841 ἐθὲλουσιν,
835 1779 1092 1832 ἀκονῶντες
1144 1777 1307 1844 ὥσπερ
1359 1780 1422 1830 εἷς
1472 1776 1700 1845 ὀξυτέραν

39 1881 88 1906 20
107 1861 292 1924 κίνησιν
333 1859 631 1927 βραδύνοντά
677 1884 778 1914 πως
821 1860 904 1911 τὸν
943 1861 1011 1912 ἐπ’
1053 1861 1208 1930 ἐκείνῳ
1251 1858 1414 1923 θυμόν.
1490 1862 1706 1910 δυσωπεῖ

107 1943 200 2009 γὰρ
235 1945 304 1993 ἀεὶ
340 1943 395 1993 τὸ
431 1944 644 1997 συνειδὸς
678 1943 932 2011 ἐξελέγχοι)
963 1941 1023 1994 τὰ
1059 1945 1107 1993 ἐν
1140 1943 1263 2006 ἡμῖν,
1291 1943 1367 1992 καὶ
1401 1943 1483 2004 τῆς
1522 1941 1701 1994 ἀδικίας

109 2029 386 2091 κατηγορῶν
425 2025 479 2075 οὐ
516 2023 729 2087 παύεται,
772 2023 859 2075 κᾶν
897 2025 946 2074 ἐκ
984 2024 1312 2091 προσπαθειάς
1352 2022 1438 2088 ἡδὺ
1477 2023 1705 2091 φαίνηταί

109 2130 210 2161 πως
248 2106 302 2157 τὸ
343 2108 530 2157 ἀδικεῖν.
587 2108 861 2157 ἀνακινοῦσι
898 2105 1068 2169 τοίνυν,
1099 2107 1174 2156 καὶ
1213 2106 1301 2173 οὐχ
1339 2104 1504 2156 ἑκόντα
1542 2127 1693 2170 παρο-
1716 2111 1743 2153 b

110 2187 362 2253 τρύνουσιν
394 2192 455 2242 εἰς
492 2188 545 2240 τὸ
582 2190 658 2239 καὶ
697 2192 905 2242 εἰσαῦθις
944 2190 1300 2238 ἀνακυκλοῦντα
1339 2186 1481 2238 αὐτὸν
1512 2188 1588 2237 καὶ
1624 2185 1700 2237 διὰ

43 2293 90 2330 25
110 2275 204 2321 τῶν
244 2271 397 2321 αὐτῶν
435 2271 661 2338 ἔρχεσθαι
699 2269 859 2336 λόγων
894 2269 976 2321 τὸν
1013 2268 1418 2336 τεθεραπευμένον,
1449 2271 1700 2336 μονονουχὶ

111 2351 396 2406 διανεύοντες
435 2351 671 2417 ἀλλήλοις
713 2355 789 2403 καὶ
828 2353 938 2402 λίαν
978 2353 1211 2417 ἐπιτηρεῖν
1250 2351 1622 2415 διακελευόμενοι
1662 2355 1699 2401 εἰ

162 2509 192 2532 1.
217 2497 342 2544 ἀνέῳξε
368 2497 531 2532 emendat
558 2497 638 2543 Hey
642 2509 688 2532 se.
716 2498 760 2531 cf.
783 2509 890 2542 supra
912 2498 980 2541 613
1000 2497 1034 2531 d.
1056 2497 1106 2542 [et
1132 2497 1179 2531 ita
1205 2496 1255 2542 a.]
1276 2495 1417 2540 ἠνὲωζεν
1436 2496 1478 2530 Β.
1496 2496 1610 2540 ἠ’νοιξέ
1633 2495 1700 2530 Ed.

113 2556 145 2589 3.
172 2559 225 2578 και
245 2534 364 2578 deest
357 2557 394 2578 ln
415 2545 455 2578 B.
476 2544 580 2578 habet
597 2556 627 2578 a.
709 2544 907 2584 θεοσεβείας
926 2545 1007 2587 (SIC)
1025 2556 1056 2578 a.
1262 2554 1294 2586 5.
1322 2544 1482 2587 αἶσχίονα
1503 2544 1543 2576 Β.
1562 2543 1700 2587 αἷσχίον

116 2591 248 2632 ΗοΙεῖ.,
267 2591 467 2625 ut·1dnotat
485 2591 665 2625 Aubertus
683 2594 717 2625 et
735 2591 783 2625 ita
800 2603 821 2624 v
813 2591 876 2624 ult
897 2591 975 2635 He)
979 2602 1026 2625 se.
1078 2590 1257 2624 Lacunam
1278 2590 1323 2624 ob
1345 2589 1585 2623 difficultatem
1604 2589 1699 2622 Aub.

116 2637 213 2672 Haec
231 2650 302 2672 om.
322 2638 407 2671 Nik.
543 2649 576 2682 9.
601 2637 696 2682 περὶ]
722 2642 758 2677 -Ι-
779 2637 839 2680 τὴν
856 2648 886 2670 a.
953 2637 1006 2670 καί
1022 2651 1054 2670 τι
1072 2639 1142 2672 τοῖς
1157 2639 1325 2680 πρότερον
1343 2636 1496 2670 ἐναντίως
1513 2636 1594 2679 ἕχον
1612 2635 1701 2680 ερεῖν

114 2684 159 2720 Β.
176 2685 232 2718 καί
252 2699 284 2718 τι
308 2686 378 2719 τοῖς
400 2684 579 2729 προτέροις
603 2684 751 2718 ἐναντίον
768 2683 856 2727 ἐρεῖν
872 2695 902 2716 a.
921 2684 1028 2716 καίτοι
1046 2685 1116 2717 τοῖς
1132 2685 1300 2726 πρότερον
1317 2684 1406 2727 ἔχων
1423 2682 1578 2716 ἐναντίως
1595 2681 1700 2716 εἰπεῖν

115 2731 180 2765 Ht.
200 2730 268 2766 Ed.
392 2742 444 2772 14.
470 2731 548 2775 οὐχὶ
565 2742 595 2764 a.
614 2746 652 2764 ου
671 2730 737 2764 Ed.
861 2740 913 2773 17.
941 2728 1168 2774 δεδραμενων]
1188 2743 1432 2774 πεπραγμενων
1449 2740 1479 2762 8..
1501 2727 1578 2762 Cat.
1599 2729 1699 2763 Harl.

118 2778 173 2812 18.
198 2778 279 2821 δοκῃ
305 2789 336 2811 a.
355 2783 388 2811 et
413 2778 460 2811 ita
485 2776 648 2810 emendat
675 2777 754 2820 Hey
758 2787 805 2809 se.
824 2776 915 2809 δοκεῖ
938 2776 1005 2809 Ed.
1072 2776 1199 2810 Stmm
1224 2775 1420 2820 πεπρᾶχθαι
1444 2775 1643 2819 transponit
1668 2787 1700 2810 a.

117 2835 172 2858 20.
200 2824 250 2858 ἐπ’
269 2824 382 2870 ἐκείνω
403 2824 444 2858 Β.
449 2836 479 2857 a.
500 2823 575 2857 Cat.
596 2824 696 2857 Harl.
715 2821 765 2857 ἐπ’
785 2823 910 2856 ἐκεῖνον
929 2822 994 2856 Ht.
1015 2822 1082 2857 Ed.
1251 2833 1306 2856 21.
1334 2821 1468 2857 συνιδές
1486 2821 1528 2855 Β.
1547 2822 1700 2857 συνειδὲς

118 2870 181 2905 Ht.
199 2871 353 2905 συνειδὸς
365 2859 568 2904 emendant
586 2870 680 2904 Aub.
837 2879 892 2903 22.
919 2871 1128 2913 κατηγοροῦν
1145 2869 1308 2903 emendat
1328 2868 1406 2913 Hey
1409 2880 1456 2902 se.
1537 2868 1700 2913 φαίνηταί

115 2931 186 2953 πως
202 2917 269 2952 hoc
288 2917 409 2952 ordine
429 2917 471 2951 B.
536 2918 692 2962 φαίνεται
712 2916 754 2950 Β.
773 2915 971 2950 emendavit
991 2916 1055 2950 Ht.
