2022 3272
96 145 266 201 xiii.38.
483 147 551 187 IN
595 147 636 187 S.
672 147 1009 187 JOANNEM.
1079 148 1196 187 [1113.
1235 149 1308 187 lx.
1600 150 1683 189 397

95 255 316 320 κρείττων
340 255 428 323 ἔσῃ
463 260 558 305 τῶν
588 256 828 318 ἐσομένων
857 255 1245 317 ὑπολαμβάνεις;
1292 255 1424 305 ἀλλὰ
1459 261 1542 306 τοῦ
1578 279 1680 307 πει*

94 342 286 402 ρασμοῦ
311 336 365 388 τὸ
391 337 540 403 βάρος
568 339 651 387 οὐκ
678 338 954 389 ἐπίστασαι·
997 339 1050 387 οὐ
1086 337 1180 404 γάρ
1215 338 1456 404 ἀραρότως
1489 339 1681 404 προκεί-

95 441 232 469 σεται
273 418 328 470 Tb
369 424 549 482 παθεῖν,
594 422 674 470 σοὶ
719 418 767 470 δὲ
813 419 867 470 τὸ
909 423 1276 488 μικροψυχῆσαι
1322 421 1432 471 λίαν
1478 422 1551 470 καὶ
1598 421 1685 487 οὐχ

95 499 244 551 ἑκόντι
283 500 602 566 συμβήσεται,
639 503 714 551 καὶ
754 503 905 575 ἀρνήσῃ
945 525 1004 569 με
1043 507 1142 570 τρὶς,
1174 504 1251 552 καὶ
1290 504 1337 552 ἐν
1377 504 1506 552 νυκτὶ
1546 507 1684 552 τοῦτο
1704 510 1729 548 b

54 582 209 633 5αὐτὸ
258 588 358 652 μιᾷ.
437 584 575 634 ταυτί
626 607 727 637 πως
784 583 967 634 οἴεσθαι
1025 584 1180 649 λέγειν
1232 583 1553 648 ὑποτοπητεόν
1603 584 1686 634 τὸν

94 665 301 729 Ἰησοῦν·
348 665 593 729 θαυμάσαι
629 665 779 731 γεμὴν
805 667 893 716 κάν
919 666 1072 736 τούτῳ
1108 665 1164 730 δὴ
1199 666 1348 717 πάλιν
1374 666 1460 730 τὴν
1486 667 1687 716 ἐνοῦσαν

95 747 220 816 αὐτῷ
260 748 623 816 φιλανθρωπίαν
662 748 812 816 ἄξιον·
867 748 1156 814 προειρηκὼς
1201 749 1307 814 γὰρ,
1347 748 1418 799 ὅτι
1460 753 1526 817 τῷ
1566 748 1687 818 τόνῳ

93 831 177 892 τῆς
227 829 425 894 ἐνούσης
475 831 601 899 αὐτῷ
643 831 909 896 προθυμίας
958 831 985 893 ἡ
1035 834 1117 895 τῆς
1166 834 1329 899 ψυχῆς
1382 832 1469 898 οὐχ
1522 831 1688 898 ἕψεται

95 911 302 975 δύναμις,
338 911 538 962 ὀκλάσει
574 910 725 977 γεμὴν
760 914 835 963 καὶ
871 912 1131 963 ὑπενδώσει
1167 919 1413 973 τοσοῦτον,
1452 911 1577 963 ὥστε
1613 916 1689 963 καὶ

29 1015 77 1041 10
94 992 214 1059 πρὸς
247 993 395 1057 μόνον
421 996 632 1045 ἀπειπεῖν
658 993 741 1045 τὸν
767 1000 851 1045 τοῦ
885 995 1100 1046 κινδύνου
1134 995 1306 1064 φόβον,
1334 995 1466 1046 οὐδὲν
1492 997 1684 1060 ἐπηπεί-

94 1085 233 1139 λησε,
273 1075 348 1126 διὰ
389 1081 529 1127 τοῦτο
572 1075 730 1143 τυχὸν,
771 1079 834 1130 ὡς
881 1077 979 1127 οὐδ’
1023 1076 1112 1127 ὑπὸ
1155 1078 1283 1128 θείαν
1322 1078 1457 1128 ἔσται
1503 1079 1690 1143 κίνησιν

94 1157 238 1222 λε’γει·
300 1160 376 1208 καὶ
422 1157 498 1208 διὰ
539 1159 681 1209 ποίαν
726 1159 878 1210 αἰτίαν
907 1200 1683 1212 ................................

94 1239 296 1291 παθόντι
328 1241 384 1291 δέ
412 1263 455 1292 τι
482 1245 577 1291 τῶν
603 1241 915 1307 ἀνθρωπίνων
939 1242 1022 1292 οὐκ
1049 1243 1335 1293 ἐπανατείνει
1358 1243 1444 1308 τὴν
1470 1243 1687 1295 κόλασιν.
1709 1265 1730 1291 c

95 1321 193 1389 ᾔδει
243 1323 338 1388 γὰρ
385 1325 691 1374 ἀσθενοῦσαν
736 1322 800 1374 ἔτι
852 1323 938 1387 τὴν
984 1324 1149 1392 φύσιν,
1195 1327 1271 1376 καὶ
1323 1326 1377 1375 οὐ
1429 1327 1691 1391 δυναμένην

30 1425 77 1462 15
97 1406 300 1470 ἐνεγκεῖν
328 1411 410 1456 τοῦ
437 1404 644 1456 θανάτου
670 1403 756 1468 τὴν
782 1405 999 1469 ἀπειλήν.
1054 1407 1185 1458 οὔπω
1221 1405 1315 1473 γάρ
1348 1409 1477 1459 οὔπω
1511 1432 1685 1475 κατηρ-

95 1487 298 1553 γημένος
338 1486 413 1538 διὰ
451 1490 534 1551 τῆς
572 1486 883 1541 ἀναστάσεως
923 1489 1079 1551 αὐτοῦ,
1107 1492 1190 1552 τῆς
1229 1490 1453 1541 ἁπάντων
1487 1493 1691 1545 διανοίας

97 1569 488 1636 κατεθρασύνετο,
516 1571 591 1620 καὶ
628 1569 784 1623 ἱκανὸς
818 1568 877 1634 ἦν
908 1570 974 1621 ε”τι
1009 1573 1084 1621 καὶ
1119 1570 1249 1641 μόνῳ
1285 1575 1585 1639 συνθραῦσαι
1624 1582 1690 1643 τῷ

99 1652 278 1714 δείματι
317 1653 392 1702 καὶ
426 1651 510 1703 τὸν
545 1651 742 1720 σφόδρα
778 1651 990 1703 νεανικὸν
1026 1655 1103 1703 καὶ
1137 1653 1287 1705 δεινὸν
1319 1659 1381 1708 εἷς
1416 1656 1686 1718 εὐτολμίαν.

98 1739 324 1786 παθοῦσα
349 1733 443 1800 γὰρ
469 1732 599 1800 παρὰ
632 1734 782 1803 φύσιν
808 1735 835 1798 ἡ
873 1734 1021 1804 φύσις
1056 1735 1139 1786 τὸν
1166 1736 1383 1800 θάνατον,
1411 1740 1474 1792 ὡς
1506 1761 1685 1802 νενικη-

30 1841 80 1866 20
99 1816 199 1868 κότι
235 1821 524 1884 παραχωρεῖ,
562 1821 754 1879 μᾶλλον
793 1817 842 1868 δὲ
879 1818 1143 1885 παρεχώρει
1183 1817 1303 1870 τότε·
1353 1819 1692 1888 διαῤῥήξαντος

99 1898 149 1950 δὲ
193 1904 276 1950 τοῦ
319 1901 541 1965 Σωτῆρος
586 1898 720 1961 ἡμῶν
764 1898 823 1950 τὰ
867 1900 1039 1950 ἐκείνου
1083 1900 1253 1964 δεσμὰ,
1298 1901 1475 1967 γλυκὺς
1519 1903 1736 1956 ἀναπέ-(Ῑ

100 1985 275 2048 φανται
326 1984 421 2033 τοῖς
473 1981 701 2045 ἀγαπῶσι
752 1979 986 2047 Χριστὸν,
1034 1985 1072 2032 εἷ
1123 1985 1198 2033 καὶ
1250 1985 1442 2049 προσίοι
1492 1988 1688 2050 πικρῶς·

100 2062 439 2125 ἀντεισβέβηκε
486 2061 580 2128 γὰρ
625 2062 652 2125 ἡ
698 2063 881 2116 αἰώνιος
925 2063 1033 2130 ζωὴ,
1080 2063 1134 2114 τὸ
1180 2067 1263 2128 τῆς
1307 2069 1492 2133 φθορᾶς
1538 2088 1691 2132 παρα-

99 2144 289 2195 λύουσα
320 2142 504 2210 κράτος.
561 2143 733 2195 οἰέσθω
769 2142 817 2194 δὲ
852 2143 1001 2196 πάλιν
1027 2147 1227 2197 ἐνταῦθα
1259 2149 1419 2211 μηδεὶς
1456 2148 1697 2214 ἠρνῆσθαί

33 2248 80 2286 25
100 2248 151 2277 τε
177 2228 252 2277 καὶ
279 2228 510 2290 ἀτονῆσαι
535 2225 619 2276 τὸν
647 2227 847 2293 Πέτρον,
877 2227 953 2278 διὰ
987 2228 1041 2279 τὸ
1075 2230 1203 2295 ῥῆμα
1228 2232 1464 2296 Χριστοῦ·
1512 2231 1566 2280 οὐ
1597 2229 1691 2296 γὰρ

101 2307 312 2374 ἀνάγκην
337 2309 567 2370 ἐπιτιθεὶς,
594 2309 706 2359 ἀλλ’
735 2309 841 2360 οὐδὲ
877 2311 927 2360 ἐκ
956 2311 1065 2371 βίας
1093 2310 1246 2361 ἕλκων
1272 2314 1335 2365 εἰς
1361 2311 1415 2362 τὸ
1441 2315 1607 2363 παθεῖν
1633 2310 1694 2362 τὰ

102 2389 293 2442 τοιαῦτά
319 2394 484 2458 φησιν·
526 2391 637 2440 ἀλλ’
667 2390 781 2457 ὅπερ
809 2389 943 2455 οἶδεν,
972 2394 1034 2446 ὡς
1061 2391 1197 2456 Θεὸς,
1224 2391 1414 2447 πάντως
1441 2395 1517 2444 καὶ
1544 2395 1693 2457 ἀναμ-

103 2471 320 2542 φιλόγως
346 2471 573 2535 ἐσόμενον
599 2473 825 2538 προλέγει
851 2478 918 2543 τῷ
942 2478 1146 2542 μαθητῇ.

194 2553 388 2616 Ἐπειδὴ
439 2551 488 2603 δὲ
543 2553 603 2604 τὰ
651 2559 748 2606 τοῖς
805 2556 1124 2622 ἀρχαιοτεροις
1176 2557 1521 2621 συμβεβηκότα
1572 2557 1692 2622 πρὸς
1758 2565 1861 2639 {0105-

35 2656 84 2692 30
105 2635 355 2685 νουθεσίαν
393 2638 488 2685 τῶν
525 2636 623 2697 μετ’
661 2633 828 2688 αὐτοὺς
866 2636 1234 2703 ἀναγέγραπται,
1275 2639 1388 2705 φέρε
1427 2637 1483 2702 δή
1523 2661 1567 2688 τι
1607 2639 1688 2688 λε’·
1712 2667 1733 2694 e
1755 2620 1786 2641 a.
1847 2631 1856 2641 ι

103 2738 261 2782 γωμεν
286 2719 381 2766 τῶν
408 2715 677 2780 ἀναγκαίων
709 2720 772 2770 εἷς
807 2717 974 2782 ὄνησιν
1001 2719 1051 2768 ἐκ
1087 2724 1170 2769 τοῦ
1208 2720 1473 2787 κεφαλαίου
1508 2742 1689 2784 κεκινη-

103 2798 246 2862 μένοι,
301 2797 354 2847 οὐ
392 2796 484 2864 γὰρ
526 2795 653 2861 οἶμαι
692 2801 787 2849 δεῖν
819 2796 1214 2865 ἐπαγγέλλεσθαί
1248 2823 1292 2851 τι
1330 2801 1592 2868 προχείρως
1629 2806 1696 2871 τῷ

250 2960 303 2984 12.
331 2950 396 2984 Est
414 2961 566 2985 vacuum
584 2956 617 2984 et
635 2951 672 2984 in
691 2950 733 2985 E.
1199 2963 1255 2988 21.
1281 2952 1493 2998 ἀναπέφιιται
1513 2953 1555 2988 Ε.
