2022 3272
83 159 165 200 xvi.
193 172 339 214 12,13.
388 160 454 200 IN
499 160 540 199 S.
575 157 914 199 JOANNEM.
980 156 1102 196 LIB.
1140 157 1188 195 Χ.
1253 155 1384 195 (¹Al'.
1423 155 1481 193 11.
1587 154 1667 190 (3537

83 272 403 320 καταθεᾶσθαι
443 267 622 322 κάλλος
660 268 891 334 ἐντιθείσῃ
930 266 1225 330 θεωρήματα.
1283 264 1352 314 ὅτι
1385 263 1431 313 δὲ
1465 262 1557 327 πρὸ
1587 261 1670 323 μὲν

84 353 166 413 τῆς
193 352 242 400 ἐκ
269 355 443 417 νεκρῶν
469 351 780 402 ἀναστάσεως
811 353 894 399 τοῦ
922 350 1142 413 Σωτῆρος
1168 347 1298 410 ἡμῶν
1328 350 1562 410 Χριστοῦ,
1596 346 1668 392 καὶ

83 434 195 498 πρὶν
241 433 290 482 ἐν
334 432 517 501 μεθέξει
562 432 781 498 γενέσθαι
831 436 914 481 τοῦ
967 429 1254 492 Πνεύματος,
1298 425 1670 489 Ἰουδαϊκώτερόν

83 537 185 567 πως
217 513 373 581 διέζων
399 518 441 565 οἱ
476 516 696 578 μαθηταὶ,
725 515 799 564 καὶ
827 515 909 576 τῆς
936 511 1055 562 κατὰ
1084 510 1226 574 νόμον
1252 510 1490 562 πολιτείας
1517 508 1667 557 ἀντεί-

44 613 242 663 5χοντο,
282 600 318 647 εἰ
358 598 432 647 καὶ
470 596 624 662 μεῖζον
663 598 868 661 ἀκριβῶς
919 593 973 645 τὸ
1025 595 1098 644 ἐπὶ
1145 596 1345 661 Χριστῷ
1397 589 1672 656 μυστήριον,

86 676 323 745 θεωρήσαι
362 702 430 733 τις
469 676 541 741 ἀν,
580 680 654 728 καὶ
694 679 803 728 λίαν
842 675 1059 729 εὐκόλως.
1121 677 1196 726 καὶ
1236 680 1351 741 γοῦν
1390 676 1415 724 ὁ
1448 672 1674 737 μακάριος

92 759 287 825 Πέτρος,
315 762 463 812 καίτοι
501 765 595 812 τῶν
635 761 781 826 ἁγίων
814 759 1167 825 προεκκείμενος
1201 761 1439 820 μαθητῶν,
1481 758 1671 820 διηγου-
1695 767 1721 806 d

88 840 210 911 μένῳ
247 842 360 893 ποτὲ
398 847 465 912 τῷ
505 845 690 908 Σωτῆρι
730 841 783 893 τὸ
822 843 895 892 ἐπὶ
933 845 1000 909 τῷ
1038 844 1232 908 σταυρῷ
1273 838 1437 900 πάθος,
1485 839 1560 887 καὶ
1607 835 1677 885 ὅτι

91 925 183 976 δέοι
207 930 304 979 τοῖς
329 924 598 978 Ἰουδαϊκοῖς
636 927 1022 990 ἐμπαροινεῖσθαι
1047 921 1354 986 τολμήμασιν
1381 918 1677 989 ἐξηγουμένῳ

1741 1000 1901 1033 ὃῶῐτιὶὶίι,

24 1037 72 1062 10
90 1009 351 1075 χρησίμως,
392 1006 706 1076 ἀντανεφώνει
746 1007 901 1072 λέγων
940 1012 967 1034 ‘⁴
985 1003 1153 1058 Ἵλεώς
1193 1027 1273 1054 σοι
1311 1002 1473 1069 Κύριε,
1520 1002 1573 1052 οὐ
1614 999 1678 1064 μὴ
1742 1047 1797 1077 xvi
1823 1054 1858 1075 22

92 1097 120 1120 ‘⁶
145 1089 281 1141 ἔσται
319 1112 399 1141 σοι
438 1090 623 1141 τοῦτο·”
683 1090 832 1140 καίτοι
871 1086 1123 1155 διαῤῥήδην
1161 1084 1548 1152 ἀνακεκραγότων
1587 1087 1681 1134 τῶν

93 1172 240 1238 ἁγίων
281 1176 556 1240 προφητῶν,
594 1172 681 1239 οὐχ
717 1170 787 1222 ὅτι
825 1170 1039 1222 πείσεται
1076 1167 1240 1233 μόνον,
1286 1167 1418 1219 ἀλλὰ
1458 1167 1561 1219 τίνα
1606 1170 1682 1216 καὶ

94 1252 255 1306 ὁπόσα
287 1256 519 1318 ὑπομενεῖ.
570 1256 645 1304 καὶ
679 1253 772 1318 μὴν
800 1254 983 1304 κάκεῖνο
1016 1252 1136 1318 πρὸς
1171 1250 1322 1320 τούτῳ
1355 1247 1678 1301 διασκεπτέον.

96 1339 158 1390 ὡς
197 1335 290 1403 γάρ
315 1338 363 1387 ἐν
389 1341 488 1390 ταῖς
525 1336 734 1405 πράξεσι
772 1339 866 1386 τῶν
892 1334 1183 1386 ἀποστόλων
1217 1333 1485 1400 γέγραπταί
1519 1354 1567 1382 τε
1606 1335 1682 1381 καὶ

29 1437 76 1476 15
96 1419 441 1484 ἀνεγνώκαμεν,
477 1418 764 1485 πρόσπεινος
803 1416 860 1482 ἧν
897 1441 1011 1469 ποτε
1051 1419 1126 1468 καὶ
1163 1417 1371 1481 ἠθέλησε
1411 1414 1682 1481 γεύσασθαι
1745 1421 1902 1497 IRCJQJ'S'

98 1503 123 1552 ὁ
152 1501 348 1568 Πέτρος,
375 1498 474 1552 εἶτα
508 1500 776 1567 τέσσαρσιν
803 1502 968 1568 ἀρχαῖς
993 1498 1265 1564 καθιεμένην
1291 1498 1347 1568 ἐξ
1370 1499 1568 1564 οὐρανοῦ
1596 1495 1681 1559 τὴν
1700 1512 1722 1539 Θ
1754 1477 1813 1541 ιεξ]
1831 1488 1862 1494 Η

98 1582 269 1648 ὀθόνην
308 1583 436 1646 ἰδὼν,
477 1585 525 1634 ἐν
564 1581 593 1651 ᾗ
630 1582 786 1634 πάντα
824 1582 1088 1649 ἐγέγραπτο
1133 1580 1227 1650 ζῷά
1271 1603 1320 1631 τε
1362 1583 1564 1648 χερσαῖα
1609 1580 1686 1629 καὶ

101 1664 247 1731 νηκτὰ
285 1667 361 1717 καὶ
393 1665 540 1733 ἀέρια,
566 1667 642 1716 καὶ
675 1668 836 1734 φωνῆς
875 1665 1143 1732 ἐνεχθείσης
1175 1663 1354 1714 ἄνωθεν
1392 1669 1419 1691 “
1445 1659 1688 1713 Ἀναστὰς
1750 1673 1866 1710 11)-13·

767 1748 777 1764 9

102 1754 129 1777 ‘⁶
157 1748 308 1814 Πέτρε
335 1751 485 1799 θῦσον
511 1749 585 1798 καὶ
612 1747 763 1816 φάγε,’
806 1747 1176 1813 ἀνταπεκρίνατο
1205 1745 1360 1811 λέγων
1392 1752 1418 1774 “
1443 1746 1691 1807 Μηδαμῶς
1752 1750 1802 1780 1¹)-
1821 1756 1868 1787 14-

34 1854 83 1880 20
102 1833 129 1858 “
161 1829 318 1897 Κύριε,
360 1830 431 1881 ὅτι
478 1831 698 1881 οὐδέποτε
742 1830 925 1898 ἔφαγον
966 1833 1062 1880 πᾶν
1108 1827 1263 1879 κοινὸν
1306 1826 1335 1890 ἢ
1379 1824 1689 1892 ἀκάθαρτον.”

104 1910 179 1963 διά
204 1935 276 1963 τοι
303 1918 441 1964 τοῦτο
467 1912 652 1966 δικαίως
686 1912 918 1978 ἠλέγχετο
954 1909 1102 1962 πάλιν
1138 1910 1321 1960 ἀκούων
1361 1906 1474 1959 (ΝΑ
1508 1910 1532 1959 ὁ
1570 1906 1694 1961 Θεὸς
1756 1923 1804 1954 lb.
1825 1931 1872 1961 15.

105 2001 132 2024 ‘⁶
158 1993 407 2060 ἐκαθάρισε
429 1993 493 2044 σὺ
517 1993 582 2057 μὴ
607 1994 806 2044 κοίνου.”
855 1992 1003 2043 καίτοι
1026 1994 1146 2060 χρῆν
1172 1990 1323 2055 δήπου
1349 1992 1694 2053 διαμεμνῆσθαι

1756 2059 1917 2091 δῶΙὶῑῐῖῙΙ,

1758 2115 1811 2135 XV.
1830 2112 1843 2133 I
1852 2112 1864 2132 I
1872 2127 1879 2133 .

105 2075 342 2130 πολλάκις
371 2081 455 2126 τοῦ
477 2078 699 2141 Σωτῆρος
726 2076 860 2139 ἡμῶν
885 2075 1119 2141 εἰρηκότος
1145 2073 1264 2140 πρὸς
1290 2072 1544 2124 Ἰουδαίους
1571 2078 1597 2100 “
1619 2071 1695 2121 Οὐ

108 2165 134 2188 “
161 2156 216 2209 τὸ
242 2157 568 2226 εἰσερχόμενον
594 2161 656 2211 εἰς
689 2157 741 2209 τὸ
777 2157 938 2220 στόμα
977 2160 1126 2207 κοινοῖ
1153 2155 1237 2207 τὸν
1264 2152 1559 2221 ἄνθρωπον,”
1610 2152 1698 2218 ὅρα
1715 2171 1738 2195 a
1765 2161 1851 2196 925
1867 2158 1919 2192 A·

42 2264 90 2303 25
110 2245 226 2307 γοῦν
259 2239 386 2294 ὅπως
422 2241 547 2310 αὐτῷ
578 2243 661 2304 τῆς
695 2238 770 2290 διὰ
809 2244 892 2289 τοῦ
922 2239 1198 2303 Πνεύματος
1237 2238 1325 2288 ἔδει
1365 2237 1696 2305 φωταγωγίας.

112 2323 222 2390 ὁρᾷς
261 2321 387 2376 ὅπως
421 2323 564 2390 ἐχρῆν
589 2327 651 2377 εὶς
681 2321 843 2387 ἑτέραν
871 2321 968 2390 ἕξιν
993 2320 1427 2389 μεταχαλκεύεσθαι
1454 2321 1536 2382 τῆς
1565 2317 1694 2369 ἐνού-

115 2426 206 2468 σης
233 2404 474 2458 Ἰουδαίοις
500 2403 586 2468 τὴν
612 2404 783 2468 ἀμείνω
816 2406 891 2454 καὶ
917 2403 1232 2472 σοφωτέρανς
1273 2404 1348 2453 καὶ
1374 2406 1490 2467 γοῦν
1517 2400 1591 2451 ὅτε
1616 2397 1701 2463 τὴν

115 2485 294 2536 ἄνωθεν
332 2488 407 2535 καὶ
444 2486 501 2554 ἐξ
536 2486 733 2551 οὐρανοῦ
766 2484 1126 2550 πλουτήσαντες
1152 2484 1290 2552 χάριν
1315 2483 1554 2551 ἤλλαξαν,
1583 2481 1701 2532 κατὰ
1764 2483 1817 2565 {31⁵
1832 2483 1875 2512 ΧΙ-

116 2567 170 2619 τὸ
210 2567 550 2633 γεγραμμένον,
582 2565 736 2634 ἰσχὺν,
776 2569 849 2617 καὶ
889 2567 1102 2630 ἀμείνους
1133 2566 1161 2631 ὴ
1192 2566 1422 2633 πρότερον
1460 2563 1579 2614 κατὰ
1617 2562 1703 2626 τὴν

49 2673 100 2708 30
119 2653 300 2716 γνῶσιν
338 2647 581 2714 γεγόνασι,
608 2647 712 2699 τότε
745 2647 801 2711 δὴ
835 2648 951 2711 μετὰ
988 2649 1257 2714 παῤῥησίας
1296 2645 1535 2711 λεγόντων
1562 2644 1700 2708 ἠκού-

171 2839 205 2873 3.
230 2828 310 2873 πρὶν
328 2839 398 2862 om.
418 2827 551 2872 Bligne.
770 2839 802 2871 9.
831 2824 918 2870 δέοι]
937 2825 1060 2868 μέλλοι
1080 2825 1121 2859 Ε.
1348 2824 1399 2859 16.
1425 2824 1647 2868 καθιργμένην
1666 2823 1707 2858 Ε.

128 2887 184 2918 24.
212 2875 507 2920 τὸ“ει’σερχόμενον
525 2874 570 2910 εἷς
588 2874 624 2907 τὸ
645 2874 685 2907 Ε.
712 2874 748 2907 τὸ
768 2875 805 2907 τὸ
825 2873 1065 2916 εἰσερχόμενον
1084 2872 1130 2908 εἷς
1153 2873 1254 2917 (preli
1272 2871 1481 2916 sphalmate)
1500 2870 1595 2904 Aub.
1614 2870 1708 2904 unde

125 2923 163 2956 τὸ
181 2922 421 2967 εἰσερχόμενον
439 2921 484 2956 εἷς
503 2921 637 2965 Migne.
908 2930 950 2961 24
977 2930 1089 2964 usque
1112 2919 1155 2953 ad
1173 2919 1232 2953 fin.
1251 2918 1329 2952 libri
1348 2918 1430 2953 citat
1446 2930 1480 2962 p.
1562 2916 1611 2951 ἰ’σ.
1630 2917 1710 2961 ὀρῖις

128 2968 194 3003 Ed.
213 2981 286 3014 mg.
305 2967 364 3003 sed
384 2967 446 3013 ὅρα
464 2968 629 3002 exhibent
649 2967 722 3011 F.p.
991 2976 1045 3010 25.
1073 2967 1161 3011 αὐτῷ
1180 2978 1214 3011 p.
1233 2966 1340 3000 αὐτῶν
1358 2965 1398 2999 Ε.
1419 2965 1530 2999 αὐτοῖς
1548 2963 1614 2998 Ed.

860 3033 978 3071 4L2
