2037 3266
341 165 424 205 730
742 165 792 205 B.
825 164 1100 205 CYRILLI
1142 164 1525 204 ALEXANDR.
1647 164 1746 204 xvii.
1769 177 1833 212 20,
1855 176 1920 205 21.

337 270 477 334 με’λη.
534 274 608 322 καὶ
647 278 762 336 γοῦν
788 274 856 323 ἐπ’
886 272 1004 323 αὐτὰ
1041 271 1126 336 τὴν
1160 272 1235 323 διὰ
1273 279 1355 323 τοῦ
1390 271 1663 335 Πνεύματος
1703 272 1924 336 εὐλογίαν

339 354 413 402 καὶ
440 352 681 417 ἁγιασμὸν
708 355 1101 416 καταπέμπεσθαι
1126 353 1256 420 παρὰ
1283 360 1365 405 τοῦ
1394 354 1510 405 ἰδίου
1537 353 1728 419 Πατρὸς
1755 354 1921 421 ἐρωτᾷ,

339 434 393 484 δι’
421 436 585 486 ἑαυτοῦ
613 434 660 487 δὲ
685 435 888 489 πάντως·
931 437 983 486 οὐ
1010 435 1103 502 γὰρ
1129 434 1185 499 ἧν
1212 435 1389 501 ἑτέρως,
1416 437 1602 501 ἐπείπερ
1630 437 1762 485 ἐστὶν
1787 432 1924 488 αὐτὸς

339 515 366 578 ἡ
418 516 549 582 ζῶσά
600 541 649 568 τε
694 521 768 568 καὶ
813 517 994 580 ἀληθὴς
1038 519 1113 567 καὶ
1158 517 1477 583 παντουργικὴ
1523 519 1598 568 καὶ
1643 516 1926 583 δραστήριος

120 616 208 649 995
223 614 273 648 A.
300 598 490 666 εισοφιά
536 600 611 649 καὶ
657 599 849 663 δύναμις
893 604 975 649 τοῦ
1016 597 1333 662 γεννήσαντος
1377 597 1532 649 αὐτόν.
1593 600 1702 648 ἀλλ’
1745 598 1822 648 ἵνα
1860 597 1966 661 μή5

116 2086 127 2107 1
142 2078 216 2108 Cor.
226 2088 279 2109 xv.

112 2131 163 2163 49·

338 702 456 732 τινες
495 685 589 731 τῶν
624 682 676 731 οὐ
715 682 823 731 λίαν
857 680 1195 745 ἐπιεικέστερον
1227 679 1400 731 ἐπαΐειν
1430 678 1813 745 μεμελετηκότων
1843 682 1927 743 τῆς

338 762 655 812 θεοπνεύστου
680 765 867 829 γραφῆς
896 764 1089 824 οἰηθεῖεν
1115 761 1172 829 ἐξ
1201 762 1430 829 ἐλαφρίας
1455 763 1527 812 ε’πῖ
1554 760 1724 825 μόνους
1750 764 1921 825 κεκλῆ-

337 848 453 894 σθαι
488 843 595 897 τοῦς
628 842 842 907 μαθητὰς
875 842 961 906 τὴν
987 848 1070 892 τοῦ
1105 843 1228 893 θείου
1255 842 1530 907 Πνεύματος
1562 843 1924 910 καταφοίτησιν,

337 924 470 975 οὐδὲν
496 925 544 975 δὲ
570 927 676 991 περὶ
702 925 835 988 ἡμῶν
861 928 955 975 τῶν
981 923 1078 987 μετ’
1108 927 1305 979 ε’κείνους
1332 924 1514 989 δηλαδὴ
1545 927 1620 975 καὶ
1651 926 1699 975 ἐν
1723 926 1926 991 πρώτοις

337 1006 604 1073 γεγονότων
629 1011 819 1073 καιροῖς,
847 1007 871 1056 ὁ
905 1009 1031 1057 Θεοῦ
1070 1008 1145 1057 καὶ
1184 1007 1446 1073 ἀνθρώπων
1476 1008 1672 1071 μεσίτης
1707 1007 1732 1057 ὁ
1766 1005 1919 1073 παρά-
1949 1030 1997 1055 10

337 1096 511 1152 κλητος
550 1091 624 1139 καὶ
664 1087 900 1156 ἀρχιερεὺς
937 1092 1032 1138 τῶν
1068 1088 1303 1154 ἡμετέρων
1335 1093 1521 1158 ψυχῶν,
1547 1088 1812 1153 ἀναγκαίως
1850 1090 1924 1138 καὶ

336 1171 420 1224 τὰς
458 1175 553 1221 τῶν
584 1170 806 1222 τοιούτων
838 1169 1250 1237 προανασειράζων
1282 1171 1536 1224 ἀσυνέτους
1575 1170 1805 1233 ὑπονοίας,
1831 1173 1927 1223 τοῖς

337 1251 590 1318 εἰρημένοις
614 1253 837 1318 ἐπήνεγκε
864 1252 917 1304 τὸ
942 1252 1259 1318 προκείμενον,
1287 1253 1530 1304 τουτέστιν
1556 1257 1624 1304 Οὐ
1652 1259 1746 1321 περὶ
1775 1251 1926 1303 τούτων

293 1331 384 1386 bd}
419 1334 555 1402 ἐρωτῶ
588 1336 709 1403 μόνον
735 1333 872 1385 ἀλλα,
909 1340 986 1386 καὶ
1024 1340 1119 1403 περὶ
1157 1334 1237 1385 τῶν
1269 1337 1547 1386 πιστευόντων
1574 1331 1650 1385 A&
1685 1335 1755 1385 τοῦ
1789 1335 1927 1399 λόγου

336 1414 477 1467 αὐτῶν
517 1422 576 1471 εἰς
614 1415 706 1484 ἐμέ.
776 1418 851 1467 καὶ
895 1415 988 1482 γὰρ
1030 1415 1086 1480 ἧν
1124 1439 1224 1469 πως
1263 1416 1455 1479 ἄτοπον,
1495 1415 1550 1466 δι’
1585 1414 1685 1470 ἑνὸς
1722 1415 1806 1479 μὲν
1844 1420 1926 1466 τοῦ
1950 1435 1996 1472 15

334 1498 538 1564 πρώτου,
571 1500 693 1566 φημὶ
733 1497 789 1562 δὴ
829 1504 911 1549 τοῦ
937 1497 1109 1560 Ἀδὰμ,
1137 1497 1308 1562 διήκειν
1339 1500 1413 1548 ἐπὶ
1451 1498 1631 1551 πάντας
1669 1496 1755 1560 τὴν
1785 1496 1927 1547 κατά-

334 1602 506 1645 κρισιν,
539 1582 613 1630 καὶ
653 1580 853 1646 φορέσαι
890 1579 976 1642 μὲν
1013 1586 1095 1631 τοῦ
1133 1586 1295 1648 χοϊκοῦ
1333 1580 1418 1643 τὴν
1451 1579 1742 1649 ἀδοξοτάτην
1773 1577 1926 1629 εἰκόνα

334 1663 410 1712 καὶ
442 1661 548 1715 τοὺς
579 1660 643 1725 μὴ
680 1663 1066 1728 ἁμαρτήσαντας,
1092 1663 1190 1712 κατ’
1221 1664 1364 1712 ἐκεῖνο
1403 1661 1450 1712 δὲ
1486 1661 1704 1726 δηλονότι
1743 1667 1919 1727 καιροῦ,

334 1742 441 1794 καθ’
482 1742 535 1794 ὃν
576 1745 600 1794 ὁ
639 1742 901 1810 προπάτωρ
942 1746 1025 1807 τῆς
1073 1744 1199 1812 αὐτῷ
1241 1745 1458 1807 δοθείσης
1498 1743 1806 1809 παρώλισθεν
1844 1745 1920 1794 ἐν·

332 1828 493 1888 τολῆς·
538 1824 915 1889 ἐπιδημήσαντος
953 1824 1001 1876 δὲ
1039 1830 1124 1875 τοῦ
1157 1829 1388 1891 Χριστοῦ,
1417 1824 1465 1878 ὃς
1506 1824 1562 1889 δὴ
1603 1826 1676 1875 καὶ
1717 1825 1924 1893 πέφηνεν
1947 1848 1996 1873 20

332 1907 544 1973 οὐράνιος
582 1908 843 1972 ἅνθρωπος,
882 1906 946 1971 μὴ
987 1909 1062 1958 καὶ
1107 1906 1193 1971 τὴν
1231 1908 1373 1958 αὐτοῦ
1419 1907 1566 1958 πάλιν
1604 1905 1756 1957 εἰκόνα
1801 1907 1924 1969 σύμ-

332 2012 512 2044 παντας
540 1988 893 2052 άναμάττεσθαι
919 1987 1027 2042 τοὺς
1055 1988 1111 2038 δι’
1140 1990 1282 2040 αὐτοῦ
1311 1988 1620 2053 κεκλημένους
1657 1993 1719 2042 εἰς
1753 1992 1922 2039 δικαιο-

333 2072 497 2135 σύνην,
536 2071 783 2137 πρόδηλον
821 2070 870 2121 δὲ
911 2070 982 2121 ὅτι
1019 2070 1104 2134 τὴν
1144 2070 1220 2121 διὰ
1258 2071 1477 2124 πίστεως.
1542 2070 1705 2136 ὥσπερ
1750 2069 1798 2121 δὲ
1839 2076 1924 2121 τοῦ

294 2158 494 2220 οχοϊκοῦ
527 2152 613 2217 τὴν
643 2152 1012 2216 ἀκαλλεστοὶτην
1042 2151 1206 2214 εἰκόνα,
1235 2151 1311 2203 διὰ
1342 2153 1502 2204 τύπων
1529 2154 1737 2219 ὁρᾶσθαί
1767 2157 1924 2221 φαμεν

333 2237 410 2285 καὶ
445 2236 567 2288 ἰδέας
605 2234 889 2299 τοιαύτης,ἣ
925 2237 1001 2285 καὶ
1036 2237 1118 2298 τῆς
1153 2235 1382 2300 ἁμαρτίας
1418 2235 1510 2302 ε”χει
1546 2235 1629 2286 τὸν
1658 2234 1820 2301 ῥύπον,
1848 2236 1923 2286 καὶ
1945 2250 1993 2288 25

334 2316 538 2368 θανάτου
573 2319 648 2367 καὶ
684 2321 866 2384 φθορᾶς
903 2316 989 2379 τὴν
1016 2316 1262 2367 ἀσθένειαν
1288 2319 1362 2367 καὶ
1391 2317 1670 2384 φιληδονίας
1695 2319 1924 2381 σαρκικῆς

333 2400 409 2449 καὶ
442 2397 745 2466 φρονήματος
783 2398 985 2463 ἐπιγείου
1025 2397 1109 2461 τὴν
1141 2399 1452 2464 ἀκαθαρσίαν·
1495 2400 1641 2451 οὕτως
1679 2398 1737 2447 αὖ
1775 2396 1923 2448 πάλιν

335 2479 603 2546 διαπρέπειν
654 2479 844 2542 οἰόμεθα
894 2478 980 2543 τὴν
1033 2477 1186 2530 εἰκόνα
1237 2485 1320 2530 τοῦ
1371 2480 1660 2545 ἐπουρανίου,
1704 2479 1923 2530 τουτέστι

335 2565 566 2627 Χριστοῦ,
606 2560 889 2628 καθαρότητι
930 2562 1005 2611 καὶ
1047 2562 1324 2630 εἰλικρινείᾳ,
1364 2565 1422 2629 τῇ
1468 2560 1587 2612 κατὰ
1630 2566 1727 2612 πᾶν
1767 2562 1923 2611 ὁτιοῦν

334 2644 586 2712 ἀφθαρσίᾳ
621 2645 694 2693 καὶ
730 2643 822 2710 ζωῇ
858 2645 933 2693 καὶ
967 2644 1206 2711 ἁγιασμῷ.
1264 2645 1374 2693 ἀλλ’
1404 2642 1462 2707 ἦν
1487 2642 1651 2709 ἑτέρως
1678 2642 1922 2710 ἀμήχανον
1943 2670 1993 2706 30

335 2727 398 2777 εἰς
442 2723 495 2775 τὸ
537 2726 614 2776 ἀπ’
657 2726 804 2791 ἀρχῆς
847 2725 968 2788 ἡμᾶς
1008 2723 1372 2790 ἀνακομίζεσθαι
1418 2724 1598 2778 κάλλος
1640 2723 1747 2777 τοὺς
1790 2722 1926 2792 ἅπαξ

335 2806 690 2858 ἐκπεπτωκότας
730 2806 805 2856 διὰ
841 2805 925 2869 τὴν
953 2808 998 2856 ἐν
1029 2811 1094 2874 τῷ
1133 2806 1305 2875 πρώτῳ
1344 2805 1637 2872 παράβασιν,
1665 2810 1701 2856 εἰ
1737 2805 1803 2869 μὴ
1838 2808 1920 2868 τῆς

388 2916 439 2949 16.
467 2917 505 2959 δὴ
527 2917 566 2951 Ε.
586 2918 620 2950 δὲ
643 2917 707 2951 Ed.
859 2927 979 2962 17-19.
1007 2918 1360 2962 χοϊκοῦ-προπάτωρ
1380 2929 1449 2951 om.
1471 2918 1511 2952 E.
1663 2927 1787 2961 21—23.
1815 2916 1920 2960 τὴν-

337 2963 371 2995 δὲ
391 2975 459 2997 om.
481 2964 520 2997 E.
