2022 3272
84 134 150 160 xv.
172 135 210 176 3.
325 123 398 163 IN
441 126 482 164 S.
518 123 855 164 JOANNEM.
919 122 1044 162 Llss.
1082 122 1131 162 X.
1195 121 1325 161 (JAP.
1361 120 1420 160 ΙΙ.
1594 119 1675 156 555

85 230 311 293 μαθητὰς,
351 233 454 300 οὐχὶ
498 235 652 286 ἱδικῶς
693 256 742 283 τε
784 233 860 283 καὶ
898 231 1257 300 ἀφωρισμένως,
1297 229 1527 290 τουτέστι,
1567 228 1676 294 δίχα

85 317 170 362 τοῦ
199 316 515 380 Μονογενοῦς,
542 313 883 380 ε’νεργήσαντός
917 336 961 364 τι
995 315 1101 379 περὶ
1137 312 1305 364 αὐτοὺς
1339 316 1422 361 τοῦ
1449 314 1574 360 Θεοῦ
1602 308 1677 358 καὶ

89 394 297 460 Πατρός·
359 397 470 447 ἀλλ’
523 398 710 462 ἐπείπερ
761 396 1000 447 ἐπείθοντο
1051 398 1117 463 τῷ
1168 394 1277 459 παρ’
1328 394 1470 443 αὐτοῦ
1521 390 1673 459 λόγῳ.

88 473 253 542 ὥσπερ
292 478 374 528 οὖν
413 479 635 545 ζωοποιός
673 481 776 529 ε’στι
816 477 870 529 δι’
907 480 1026 528 Υἱοῦ
1066 479 1140 527 καὶ
1180 479 1228 526 ἐν
1262 479 1374 544 Υἱῷ,
1415 472 1497 524 τὸν
1536 471 1678 522 αὐτὸν

45 571 68 609 5
89 556 214 620 οἶμαι
253 560 429 626 τρόπον
465 563 539 613 καῖ
578 562 798 628 γεωργὸς,
832 561 934 626 ἤτοι
972 565 1066 611 τῶν
1103 558 1336 624 ἡμετέρων
1368 560 1541 625 ψυχῶν
1574 556 1673 605 ε’πι-
1697 562 1723 602 b

87 641 311 706 μελητὴς,
350 643 536 698 εἰκότως
575 643 631 695 ἂν
671 648 823 694 νοοῖτο
861 642 1009 694 πάλιν
1052 643 1138 709 οὐχ
1177 640 1343 705 ἑτέρως
1382 637 1410 703 ἦ
1452 639 1506 689 δι’
1541 640 1675 687 Υὶοῦ.

89 726 126 773 εἰ
159 722 207 774 δὲ
237 730 333 779 τοῖς
368 723 502 794 ἅπαξ
537 728 619 777 οὐκ
654 728 804 792 ὀρθῶς
839 725 1092 792 εἰρημένοις
1127 723 1300 775 οἴονται
1337 725 1431 772 δεῖν
1456 717 1682 783 ἐπιμένειν

89 809 132 856 οἱ
190 805 273 858 τὸν
320 808 530 859 ἐναντίον
580 809 690 873 ἡμῖν
745 807 1092 875 πρεσβεύοντες
1150 804 1313 871 λόγον,
1365 805 1441 854 καὶ
1495 802 1681 866 ἐπείπερ

90 887 309 950 ἄμπελον
365 889 531 942 ἑαυτὸν
589 893 680 958 ἔφη
738 889 968 957 Χριστὸς,
1019 888 1095 940 διὰ
1152 893 1306 950 τοῦτο,
1360 884 1572 950 καθάπερ
1628 883 1686 951 ἐξ

22 993 70 1019 10
91 968 313 1036 ἀνάγκης,
359 975 422 1026 εἷς
466 973 676 1041 ε”κφυλον
720 972 971 1039 ἑτερότητα
1010 974 1248 1037 παρωθεῖν
1291 967 1596 1034 ἐκβιάζονται,
1639 965 1689 1015 τί

90 1051 144 1103 τὸ
178 1052 364 1104 κωλύον
396 1054 461 1105 ἔτι
500 1057 577 1105 καὶ
615 1056 736 1119 ἡμᾶς
775 1053 942 1108 αὐτοὺς
975 1052 1051 1103 διὰ
1085 1055 1167 1116 τῆς
1203 1052 1310 1115 ’ίσης
1347 1048 1683 1115 ἀναισχυντίας

92 1134 206 1185 ἱέναι
231 1136 414 1199 λοιπὸν,
442 1139 517 1188 καὶ
543 1137 834 1204 περιτρέπειν
861 1136 926 1187 ε”τι
962 1136 1037 1186 καὶ
1073 1135 1159 1201 οὐχ
1194 1131 1383 1186 ἑκόντας
1415 1129 1581 1184 αὐτοὺς
1609 1128 1684 1180 διὰ

90 1218 174 1280 τῆς
225 1218 483 1284 ἱσοτρόπου
535 1219 787 1287 φλυαρίας,
838 1221 920 1282 τῆς
969 1216 1299 1283 μειρακιώδους
1349 1215 1551 1277 ταυτησὶ
1608 1212 1684 1262 καὶ

91 1297 293 1363 ἀνοήτου
316 1306 560 1355 παντελῶς
595 1300 869 1370 διαλήψεως
904 1300 1263 1351 ἀπανίστασθαι
1291 1301 1448 1365 φιλεῖν
1471 1317 1482 1358 ;
1528 1298 1565 1346 εἱ
1592 1292 1684 1360 γὰρ
1702 1319 1724 1347 0

26 1402 73 1440 15
94 1381 282 1447 ἐπείπερ
333 1383 544 1445 ἄμπελος
597 1383 785 1449 ε’ίρηται,
832 1383 908 1433 διὰ
960 1383 1134 1446 ταύτην
1183 1380 1325 1431 αὑτὸν
1375 1378 1550 1430 οἴονται
1600 1375 1686 1440 τὴν

94 1464 245 1515 αἰτίαν
295 1468 376 1530 τῆς
426 1466 544 1532 πρὸς
591 1466 717 1517 Θεὸν
755 1467 829 1517 καὶ
874 1465 1067 1532 Πατέρα
1111 1463 1372 1514 διαπίπτειν
1410 1459 1688 1524 οἰκειότητος

95 1550 316 1614 φυσικῆς,
343 1551 418 1598 καὶ
444 1549 741 1615 ἑτεροούσιον
767 1547 880 1599 εἶναι
916 1550 1177 1609 παντελῶς,
1205 1545 1392 1610 ἐπείπερ
1428 1544 1481 1594 οὐ
1516 1539 1687 1593 ταύτὸν

95 1631 159 1682 εἰς
197 1630 460 1695 ταυτότητα
498 1630 690 1699 φύσεως
729 1629 942 1694 ἄμπελός
981 1652 1030 1680 τε
1070 1631 1145 1680 καὶ
1184 1625 1407 1694 γεωργὸς,
1434 1626 1483 1676 τί
1511 1623 1576 1688 μὴ
1610 1624 1687 1674 καὶ

96 1712 241 1775 ἡμεῖς,
285 1712 369 1763 τὸν
412 1712 555 1764 αὐτὸν
605 1712 790 1766 ἐκείνοις
839 1710 1250 1779 ἀνθυποφέροντες
1301 1710 1459 1773 ἀμαθῆ
1511 1729 1560 1757 τε
1611 1707 1687 1756 καὶ

27 1817 77 1843 20
98 1794 437 1863 ἀκομψότατον
487 1794 742 1861 λογισμὸν,
792 1792 934 1846 ε’κεῖνό
993 1797 1149 1862 φαμεν
1191 1790 1322 1857 ςΑρα
1377 1789 1536 1853 μόνοις
1590 1792 1688 1841 τοῖς

98 1875 343 1941 κλήμασιν
373 1878 402 1941 ἡ
440 1882 536 1928 τῶν
568 1882 788 1944 γηπονεΐν
819 1873 1051 1927 εἰωθότων
1083 1874 1294 1925 ἐπιείκεια
1334 1869 1592 1934 λυσιτελὴς
1630 1868 1687 1920 ἂν

98 1960 292 2024 γένοιτο,
321 1961 397 2010 καὶ
437 1960 541 2026 περὶ
580 1958 702 2021 μόνα
737 1957 881 2026 τυχὸν
906 1957 965 2008 τὰ
999 1959 1049 2008 ἐκ
1087 1960 1182 2007 τῶν
1213 1955 1458 2021 στελέχων
1489 1952 1685 2021 ἐξηρτη-
1705 1961 1733 2002 (1

97 2042 216 2106 με’να
260 2041 313 2092 τὸ
362 2043 413 2092 ἐκ
451 2045 533 2105 τῆς
572 2042 736 2109 τέχνης
773 2039 1070 2106 προβήσεται
1109 2036 1362 2105 χρήσιμον,
1400 2034 1429 2100 ἢ
1470 2033 1692 2098 δεήσεταί

99 2147 223 2178 τινος
261 2124 524 2186 ἐπιμελείας
565 2126 640 2174 καὶ
679 2121 795 2187 αὐτὴ
834 2127 928 2173 τῶν
968 2120 1225 2185 κλημάτων
1263 2120 1290 2182 ἡ
1330 2116 1521 2186 τροφὸς,
1554 2138 1689 2166 τουτ-

31 2219 80 2258 25
100 2206 231 2257 ε’στιν
267 2206 294 2270 ἡ
330 2206 556 2270 ἄμπελος,
590 2203 620 2273 ᾗ
654 2204 972 2273 προσπέφυκέ
1001 2226 1049 2253 τε
1085 2201 1145 2252 τὰ
1180 2201 1237 2270 ἐξ
1267 2201 1408 2264 αὐτῆς
1444 2201 1521 2250 καὶ
1554 2197 1687 2263 ἐνήρ-

100 2311 277 2357 μοσται
319 2291 565 2356 φυσικῶς;
620 2287 731 2338 ἀλλ’
765 2286 897 2337 οὐδὲν
931 2284 1059 2349 οἶμαι
1099 2284 1255 2349 δεήσει
1290 2282 1410 2348 πρὸς
1448 2281 1690 2349 ἀπόδειξιν

100 2370 264 2422 πόνου·
308 2375 498 2436 συνερεῖ
519 2368 612 2436 γὰρ
643 2368 776 2423 εὐθὺς
810 2369 920 2433 ἡμῖν
947 2370 1021 2418 καὶ
1059 2366 1197 2420 αὐτὸς
1235 2367 1259 2416 ὁ
1295 2366 1348 2416 δι’
1378 2363 1599 2425 ἐναντίας,
1628 2365 1690 2416 ὡς

103 2457 140 2504 εἰ
178 2452 243 2516 μή
281 2475 349 2505 τις
388 2452 570 2517 γε’νοιτο
608 2456 702 2501 τῶν
733 2450 976 2518 στελέχων
1012 2450 1040 2514 ἡ
1080 2450 1286 2518 φροντὶς,
1319 2448 1417 2497 οὐδ’
1447 2444 1504 2496 ἂν
1535 2448 1690 2498 αὐτοῖς

103 2534 361 2603 ἐνυπάρξαι
412 2538 509 2586 τοῖς
552 2532 770 2597 κλήμασι
818 2531 873 2583 τὸ
925 2530 1038 2582 εἶναι
1090 2535 1265 2583 καλῶς.
1336 2527 1492 2590 ἐπειδὴ
1535 2527 1691 2577 τοίνυν

15 2643 84 2678 ⁸30
105 2616 322 2682 ἄμπελον
353 2615 437 2680 μὲν
472 2613 637 2665 ἑαυτὸν
673 2613 1004 2677 κατωνόμακεν
1038 2614 1063 2663 ὁ
1103 2609 1329 2678 Χριστὸς,
1362 2612 1503 2660 δεῖται
1542 2608 1691 2672 γεμὴν

106 2701 180 2750 καὶ
221 2698 334 2749 αὐτὸ
374 2700 457 2761 τῆς
497 2695 714 2759 ἀμπέλου
755 2695 808 2746 τὸ
849 2695 1080 2761 στέλεχος
1126 2697 1208 2757 τῆς
1250 2697 1333 2743 τοῦ
1373 2697 1731 2756 γηπονοῦντοςθ

107 2780 361 2841 ἐπιεικείας,
398 2777 427 2843 ἢ
463 2778 618 2842 πάντη
657 2801 704 2828 τε
744 2779 820 2827 καὶ
855 2776 1044 2829 πάντως
1083 2774 1434 2839 ἀδικηθήσεται·
1483 2771 1687 2838 λογισό-

160 2946 188 2969 1.
215 2932 455 2979 ἆφορισμένως
474 2931 540 2966 Ed.
562 2931 693 2966 correxi
713 2942 753 2965 ex
774 2930 814 2965 E.
961 2940 1017 2974 32.
1044 2927 1260 2973 λογισόμεθα
1279 2927 1321 2962 Ε.
1339 2925 1560 2971 λογισώμεθα
1578 2924 1645 2959 Ed.

838 2999 865 3037 4
886 2998 909 3025 B
935 2997 958 3027 2
