2037 3266
108 896 216 936 Supra

109 950 165 970 xn.
183 948 233 978 42.

109 1052 217 1094 Supra

109 1096 154 1126 ix.
176 1107 190 1126 2
200 1107 224 1126 2.

110 2220 198 2249 Acta
212 2220 267 2249 SS.

108 2263 173 2302 Ap.

108 2306 197 2337 xxiii.
218 2315 266 2336 21.

111 2388 192 2422 914
208 2387 256 2421 A.

336 132 419 172 612
736 133 787 174 Β.
821 133 1100 174 CYRILLI
1141 133 1524 174 ALEXANDR.
1777 135 1860 175 xvi.
1882 147 1920 176 2.

335 239 421 304 τὴν
462 242 736 307 ἐπιβουλὴν,
778 244 881 308 ἤτοι
931 244 1018 308 τὴν
1064 248 1158 295 τῶν
1196 243 1435 294 Ἰουδαίων
1473 242 1817 303 ἐπανάστασιν,
1859 245 1921 297 ὡς

335 325 718 391 ἀποσυναγώγους
751 326 974 392 γενέσθαι
1010 325 1168 389 μόνον,
1200 327 1312 376 ἀλλ’
1341 329 1403 379 εἷς
1441 331 1580 376 τοῦτο
1621 329 1922 376 κατολισθεῖν

336 405 575 470 ὠμότητος
603 406 688 470 τὴν
715 408 898 458 ἐκείνων
923 405 1210 471 ἀνοσιότητα
1236 407 1603 473 προμεμήνυκεν,
1625 409 1686 461 ὡς
1712 405 1925 471 οἰηθῆναί

334 511 450 538 ποτε
485 491 561 539 καὶ
596 488 682 552 τὴν
713 492 796 553 τῆς
835 494 897 542 εἷς
929 489 1054 540 Θεὸν
1085 489 1327 551 εὐσεβείας
1367 490 1478 540 ἱέναι
1516 490 1682 555 τρίβον
1705 488 1791 553 τὴν
1817 489 1918 540 κατ’

335 571 489 620 αὐτῶν
527 575 590 624 εἷς
629 571 774 637 ἄκρον
813 572 1170 637 ἀπανθρωπίαν.
1237 571 1307 623 ὅτι
1348 571 1397 622 δὲ
1435 573 1512 623 καὶ
1549 571 1961 637 ἀποσυνάγωγοι5

333 651 463 717 παρὰ
498 658 595 706 τοῖς
620 654 860 706 Ἰουδαίοις
896 654 1120 719 ἐγίνοντο,
1148 657 1222 704 καὶ
1256 654 1431 718 ταύτην
1458 657 1520 707 ὡς
1554 655 1602 704 ἐν
1636 656 1801 720 ἀρχαῖς
1836 659 1920 704 τοῦ

332 734 613 799 πράγματος
653 735 879 798 ὑπέμενον
912 737 1044 800 δίκην
1071 739 1112 786 οἱ
1145 739 1228 800 τῆς
1263 735 1453 802 ἀγάπης
1487 739 1570 800 τῆς
1607 740 1668 789 εἰς
1702 735 1921 801 Χριστὸν

333 816 596 883 ἐξημμένοι,
625 817 780 885 σαφὲς
821 817 878 868 ἂν
918 818 1119 883 γένοιτο,
1151 819 1373 884 λέγοντος
1411 825 1494 870 τοῦ
1534 819 1917 883 Εὐαγγελιστοῦ,

289 898 404 948 (Ιὸτι
444 905 470 928 ‘⁶
489 898 667 950 πολλοὶ
711 900 869 962 με’ντοι
911 903 988 951 καὶ
1026 902 1075 951 ἐκ
1115 905 1209 951 τῶν
1248 901 1493 968 ἀρχόντων
1531 901 1819 952 ἐπίστευσαν
1858 903 1920 953 εἷς

334 987 361 1009 “
388 979 543 1043 αὐτὸν,
571 980 703 1031 ἀλλὰ
735 981 810 1032 διὰ
846 982 953 1036 τοὺς
979 983 1272 1049 Φαρισαίους
1307 984 1394 1050 οὐχ
1429 982 1721 1048 ὡμολόγουν,
1746 983 1822 1033 ἵνα
1855 981 1920 1047 μὴ
1943 1006 1992 1031 ιο

334 1070 359 1092 “
387 1062 760 1129 ἀποσυνάγωγοι
795 1064 1063 1130 γε’νωνται,”
1093 1066 1169 1116 καὶ
1205 1064 1352 1117 πάλιν
1380 1064 1558 1129 “”Ηδη
1597 1063 1691 1130 γὰρ
1729 1064 1919 1116 συνετέ-

334 1153 360 1174 “
387 1149 537 1196 θειντο
577 1148 618 1196 οἱ
659 1152 948 1212 γραμματεῖς
989 1149 1065 1198 καὶ
1104 1150 1143 1198 οἱ
1174 1152 1428 1213 Φαρισαῖοι
1461 1148 1537 1198 ἵνα
1572 1147 1652 1198 ἐάν
1677 1170 1746 1200 τις
1779 1146 1922 1198 αὐτὸν

334 1234 359 1257 “
387 1227 669 1296 ὁμολογήσῃ
709 1228 792 1279 τὸν
831 1228 1050 1296 Χριστὸν
1092 1227 1220 1292 εῖναι,
1261 1229 1641 1295 ἀποσυνάγωγος
1684 1228 1918 1293 γε’νηται·”

333 1311 443 1359 ἀλλ’
471 1314 507 1360 εἰ
536 1312 611 1360 καὶ
638 1310 756 1376 πρὸς
783 1311 971 1376 ταύτην,
999 1313 1136 1380 φησὶ,
1163 1311 1250 1376 τὴν
1276 1316 1371 1362 τῶν
1395 1311 1635 1362 Ἰουδαίων
1661 1309 1921 1375 ἐπιβουλὴν

331 1391 584 1459 ἀφορήτως
613 1393 780 1460 ἔχουσί
802 1417 935 1457 τινες,
963 1394 1119 1446 ἰστέον
1146 1396 1370 1457 ἐντεῦθεν,
1397 1396 1457 1447 ὡς
1489 1395 1542 1444 οὐ
1574 1393 1710 1460 μέχρι
1741 1393 1920 1444 τούτων
1943 1417 1988 1454 15

332 1474 391 1526 τὰ
426 1476 533 1525 καθ’
564 1477 681 1538 ὑμᾶς
717 1475 964 1540 στήσεται.
1026 1476 1090 1541 μὴ
1127 1476 1219 1543 γὰρ
1255 1476 1392 1538 ὅλως,
1422 1478 1587 1544 φησὶν,
1615 1479 1652 1525 εἱ
1687 1477 1761 1526 καὶ
1795 1498 1920 1539 συμ-

294 1576 315 1602 e
332 1558 445 1621 βαίη
478 1563 617 1607 τοῦτο
652 1562 820 1608 παθεῖν
847 1559 1139 1626 ἀσχάλλετε.
1194 1558 1526 1626 κατοιχήσεται
1552 1557 1609 1622 δὴ
1635 1556 1754 1624 πρὸς
1780 1564 1920 1610 τοῦτο

333 1637 633 1705 φαυλότητος
660 1639 718 1690 τα
744 1642 929 1692 ἐκείνων
955 1640 1255 1705 τολμήματα,
1284 1643 1345 1694 ὡς
1379 1645 1441 1694 εἷς
1476 1640 1693 1706 λατρείας
1724 1640 1920 1703 δύναμιν

331 1723 413 1784 τῆς
453 1726 706 1790 θεοφιλοῦς
743 1722 826 1773 τὸν
865 1725 971 1775 καθ’
1003 1725 1133 1787 ὑμῶν
1172 1725 1383 1787 οἰηθῆναι
1422 1722 1639 1774 θάνατον·
1683 1721 1707 1772 ὃ
1747 1721 1804 1786 δὴ
1843 1724 1918 1773 καὶ

331 1802 525 1868 γεγονὸς
579 1803 841 1869 εὑρήσομεν
891 1806 969 1857 ἐπί
1020 1828 1069 1856 τε
1129 1809 1195 1874 τῷ
1253 1804 1371 1874 ἁγίῳ
1423 1804 1667 1874 Στεφάνῳ,
1715 1807 1774 1871 τῇ
1824 1809 1918 1855 τῶν
1940 1834 1989 1858 20

329 1886 582 1951 μαρτύρων
609 1888 815 1954 ἀπαρχῇ,
843 1889 917 1937 καὶ
952 1889 1026 1938 ἐπὶ
1061 1891 1128 1957 τῷ
1160 1887 1401 1956 θεσπεσίῳ
1436 1886 1632 1956 Παύλῳ.
1687 1885 1918 1955 Στεφάνῳ

328 1966 415 2030 μὲν
458 1967 551 2033 γὰρ
596 1967 650 2018 τὸ
695 1972 777 2032 τῆς
829 1970 1102 2038 δυσφημίας
1155 1970 1373 2036 ε”γκλημα
1421 1968 1792 2035 περιπλέκοντες,
1842 1970 1918 2018 καὶ

329 2050 478 2115 ζῆλον
516 2052 725 2101 ἐντεῦθεν
766 2051 849 2101 τὸν
891 2051 1120 2119 φιλόθεον
1161 2050 1492 2114 πλαττόμενοι,
1533 2049 1616 2101 τὸν
1654 2050 1730 2100 διὰ
1770 2051 1918 2101 λίθων

328 2131 571 2197 ἐπήγαγον
597 2131 818 2184 θάνατον·
862 2136 929 2203 τῷ
954 2133 1103 2200 γεμὴν
1127 2137 1234 2203 ἱερῷ
1259 2157 1308 2184 τε
1336 2135 1411 2184 καὶ
1437 2132 1709 2202 σοφωτάτῳ
1734 2132 1917 2202 Παύλῳ

328 2220 560 2264 τοσοῦτον
598 2215 831 2281 ε’πέτριζον
869 2221 964 2267 τῶν
998 2217 1240 2267 Ἰουδαίων
1278 2215 1411 2274 τινὲς,
1440 2217 1500 2269 ὡς
1530 2222 1556 2245 “
1576 2215 1917 2277 ἀναθεματίσαι
1938 2241 1986 2279 25

331 2301 357 2324 ‘⁶
383 2295 571 2348 ἑαυτοὺς
596 2295 712 2360 μήτε
748 2302 918 2365 φαγεῖν
942 2297 1058 2361 μήτε
1085 2302 1205 2348 πιεῖν
1231 2298 1365 2364 ἄχρις
1391 2297 1445 2347 οὗ
1470 2296 1705 2347 ἀνέλωσιν
1731 2295 1914 2347 αὐτόν·”

290 2378 450 2427 ειοῦτω
491 2376 584 2442 γὰρ
623 2379 670 2427 ἐν
704 2384 804 2433 ταῖς
842 2378 1050 2447 πράξεσι
1089 2384 1183 2429 τῶν
1213 2380 1358 2445 ἁγίων
1391 2378 1681 2430 ἀποστόλων
1706 2400 1917 2444 γεγραμ-

327 2457 467 2522 μένον
515 2459 788 2525 εὑρήσομεν.
853 2460 977 2524 καλὴ
1022 2466 1272 2527 τοιγαροῦν
1313 2462 1388 2511 καὶ
1432 2458 1690 2524 λυσιτελὴς
1735 2460 1844 2510 λίαν
1887 2460 1915 2523 ἡ

326 2539 604 2608 πρόρρησις,
660 2542 1128 2610 προεξευμαρίζουσα
1191 2540 1276 2606 μὲν
1335 2540 1418 2593 τὸν
1471 2543 1545 2592 ἐπὶ
1601 2545 1698 2594 τοῖς
1753 2544 1916 2595 δεινοῖς

328 2622 500 2690 φόβον,
528 2625 589 2677 ὡς
616 2623 663 2673 δὲ
690 2623 778 2688 ἤδη
803 2623 1102 2678 πεπονθότας
1129 2623 1523 2691 ἀναχαλκεύουσα
1555 2622 1675 2689 πρὸς
1700 2624 1915 2689 ἀνδρείαν
1936 2651 1986 2687 30

327 2703 434 2757 τοὺς
459 2704 685 2769 μαθητάς.
737 2704 1236 2774 προαποψυχθήσεται
1261 2704 1355 2772 γάρ
1388 2728 1489 2759 πως
1522 2705 1550 2769 ἡ
1584 2710 1668 2756 τοῦ
1702 2705 1915 2756 κινδύνου

380 2895 405 2916 1.
433 2886 475 2917 «ὶς
496 2897 549 2916 mn
588 2885 625 2917 532
878 2894 909 2926 35
938 2885 989 2918 καὶ
1009 2890 1231 2929 assumptum
1252 2896 1290 2917 ex
1312 2884 1353 2918 E.
1601 2883 1654 2917 26.
1682 2881 1785 2927 πιεῖν]
1805 2884 1912 2916 ποιεῖν

328 2930 409 2965 (ἐπὶν)
436 2930 471 2963 ³⁴¹.
