1971 3272
107 139 190 181 viii.
211 150 275 194 25.
350 141 423 181 IN
467 141 510 180 S.
543 139 878 181 JOANNEM.
942 138 1066 179 11113.
1093 139 1143 178 V.
1206 138 1339 178 (JAP.
1374 137 1449 178 IV.
1639 137 1689 175 21

106 254 133 276 “
159 248 261 316 ἥξει
298 252 360 301 εἰς
397 247 479 298 τὸν
518 248 630 298 ναὸν
668 248 811 298 αὐτοῦ
853 246 1025 313 Κύριος
1068 245 1121 297 ὃν
1161 247 1288 309 ὑμεῖς
1327 246 1512 311 ζητεῖτε,
1552 245 1627 293 καὶ
1669 245 1693 292 ὁ

105 335 133 357 “
160 330 364 395 ἄγγελος
390 333 472 393 τῆς
499 328 723 393 διαθήκης
749 328 802 379 ὃν
831 330 956 392 ὑμεῖς
988 327 1164 379 θέλετε·
1208 326 1306 377 ἰδοὺ
1341 327 1538 393 ἔρχεται,
1566 325 1695 388 λέγει

105 417 133 440 “
162 411 351 477 Κύριος,
395 414 471 462 καὶ
508 412 576 464 τίς
616 412 839 473 ὑπομενεῖ
875 410 1052 476 ἡμέραν
1092 409 1279 461 εἰσόδου
1320 410 1494 468 αὐτοῦ,
1553 405 1581 469 ἦ
1628 406 1696 458 τίς

105 499 133 521 “
161 491 484 556 ὑποστήσεται
517 494 564 543 ἐν
595 497 653 561 τῇ
688 493 897 560 ὀπτασίᾳ
934 494 1076 543 αὑτοῦ
1096 513 1108 554 ;
1156 490 1227 542 ὅτι
1263 489 1402 543 αὐτὸς
1440 488 1692 553 εἰσπορεύ-

64 579 134 622 5“
160 597 295 624 σεται
335 577 397 627 ὡς
435 580 530 640 πῦρ
567 576 615 624 ἐν
655 574 950 643 χωνευτηρίῳ
995 576 1070 624 καὶ
1117 576 1179 627 ὡς
1220 573 1332 624 ποία
1372 569 1695 622 πλυνόντων.”

107 657 197 722 ἐγώ
236 657 387 724 φησίν
426 662 514 723 εἰμι
555 657 579 706 ὁ
620 655 733 722 ὑπὲρ
771 659 854 719 τῆς
892 654 1115 706 ἁπάντων
1153 655 1392 720 σωτηρίας
1432 651 1697 718 προσάγειν

107 738 307 803 ἐμαυτὸν
333 742 395 791 εἰς
421 738 594 788 θυσίαν
621 739 747 806 αὐτῷ
772 741 838 806 τῷ
866 741 975 806 Θεῷ
1006 740 1080 787 καὶ
1111 739 1268 802 Πατρὶ
1303 734 1379 786 διὰ
1418 737 1580 803 φωνῆς
1615 739 1697 784 τοῦ
1717 752 1738 778 0

1781 814 1788 827 )

1762 813 1875 885 ξίῖῖΧῐΧ.

107 822 325 889 μελῳδοῦ
364 818 830 886 καθυπισχνούμενος
869 821 944 869 καὶ
983 822 1112 879 βοῶν
1143 825 1171 847 “
1192 817 1382 869 Θυσίαν
1421 818 1498 867 καὶ
1536 837 1693 881 προσ-

109 908 136 930 “
163 900 319 969 φορὰν
345 902 427 951 οὐκ
455 900 712 965 ἠθέλησας,
741 905 884 962 σῶμα
910 898 957 951 δὲ
983 900 1253 966 κατηρτίσω
1280 918 1375 962 μοι·
1423 895 1696 948 ὁλοκαυτώ-
1766 906 1837 939 7-9·

42 1004 90 1030 10
110 990 137 1013 ‘⁶
160 1006 287 1048 ματα
325 985 401 1034 καὶ
437 984 543 1048 περὶ
575 983 803 1048 ἁμαρτίας
839 983 921 1032 οὐκ
955 981 1238 1046 ηὐδόκησας·
1281 980 1385 1032 τότε
1421 978 1551 1030 εἶπον
1577 975 1702 1027 Ἰδοὺ

109 1072 136 1095 “
160 1066 271 1130 ἥκω,
293 1066 341 1115 ἐν
363 1064 583 1132 κεφαλίδι
610 1064 805 1124 βιβλίου
830 1063 1092 1130 γέγραπται
1118 1066 1223 1129 περὶ
1250 1064 1374 1125 ἐμοῦ,
1395 1067 1478 1113 τοῦ
1505 1062 1701 1123 ποιῆσαι

109 1155 137 1177 “
163 1147 217 1198 τὸ
245 1145 433 1211 θέλημά
458 1168 551 1197 σου
578 1147 602 1196 ὁ
630 1145 799 1199 Θεός.”
849 1147 939 1211 ἐγώ
965 1146 1118 1214 φησίν
1146 1150 1251 1212 εἰμι,
1281 1147 1355 1195 καὶ
1390 1143 1530 1197 αὐτὸς
1565 1144 1590 1192 ὁ
1627 1140 1703 1191 διὰ

113 1228 361 1281 Μωυσέως
400 1227 617 1293 ἐκήρυττε
658 1226 799 1292 νόμος
839 1229 961 1278 οὕτω
1000 1226 1157 1292 λέγων
1184 1234 1210 1256 “
1233 1225 1498 1294 Προφήτην
1526 1226 1574 1274 ἐκ
1609 1227 1744 1274 rama
1779 1234 1860 1267 510
1875 1232 1925 1266 A·

112 1318 140 1340 <c
167 1312 391 1377 ἀδελφῶν
418 1332 510 1359 σου
546 1311 607 1362 ὡς
642 1308 719 1371 ἐμὲ
754 1308 1019 1373 ἀναστήσει
1050 1331 1130 1359 σοι
1160 1308 1335 1373 Κύριος
1372 1309 1397 1358 ὁ
1431 1305 1552 1359 Θεός
1588 1327 1699 1366 σου,
1766 1284 1925 1364 ξῖἷῗιῗιῶ

48 1398 141 1445 Ῑ5“
167 1392 309 1441 αὐτοῦ
345 1391 626 1441 ἀκούσεσθε”
671 1389 791 1441 κατὰ
827 1389 985 1441 πάντα
1024 1389 1119 1440 ὅσα
1157 1389 1324 1457 ᾐτήσω
1363 1387 1493 1455 παρὰ
1528 1386 1706 1452 Κυρίου
1771 1369 1820 1401 ¹6'

114 1480 141 1503 ‘⁶
166 1478 249 1524 τοῦ
275 1476 402 1524 Θεοῦ
426 1495 518 1523 σου
544 1473 592 1522 ἐν
618 1470 713 1538 ὅρει
739 1473 787 1522 ἐν
813 1470 999 1538 Χωρὴβ
1025 1473 1074 1522 ἐν
1100 1470 1247 1539 ἡμέρᾳ
1279 1474 1363 1535 τῆς
1399 1469 1703 1533 ἐκκλησίας.”

115 1556 282 1606 οὐκοῦν
308 1553 518 1620 εὐλόγως
552 1555 826 1615 ἀπολεῖσθε,
854 1555 991 1622 φησὶ,
1020 1555 1094 1603 καὶ
1130 1552 1427 1616 δικαιοτάτην
1453 1551 1706 1603 ἀποτίσετε

115 1638 182 1704 τῷ
208 1637 409 1703 κρίνοντι
435 1637 566 1700 δίκην
591 1635 675 1686 τὸν
699 1634 775 1685 διὰ
800 1639 1002 1687 πολλῶν
1027 1634 1113 1698 μὲν
1137 1636 1243 1698 ὑμῖν
1264 1635 1706 1702 προκεκηρυγμένον

118 1718 280 1784 ἁγίων,
314 1717 670 1784 μαρτυρηθέντα
709 1717 757 1767 δὲ
796 1718 871 1767 καὶ
910 1715 966 1767 δι’
1006 1714 1071 1766 ὧν
1108 1716 1360 1783 ἐργάζομαι
1399 1714 1475 1767 διὰ
1511 1712 1707 1777 πολλὴν

49 1823 97 1847 20
118 1799 404 1864 ἀνοσιότητα
430 1798 619 1865 τρόπων
646 1799 699 1849 οὐ
725 1797 1095 1864 προσηκάμενοι.
1151 1802 1228 1848 καὶ
1254 1798 1348 1864 γὰρ
1383 1796 1439 1861 δὴ
1475 1799 1550 1847 καὶ
1585 1795 1707 1846 κατὰ

118 1881 342 1946 ἀλήθειαν
374 1882 520 1934 οὐδεὶς
558 1881 795 1949 ἐξαλεῖται
832 1879 978 1945 λόγος
1015 1885 1099 1930 τοῦ
1139 1879 1425 1946 κολάζεσθαι
1465 1881 1560 1928 δεῖν
1598 1875 1707 1930 τοὺς

118 1964 425 2017 ἀπειθοῦντας
483 1964 628 2031 αὐτῷ,
683 1961 1057 2026 πεπληρωμένης
1113 1960 1199 2024 μὲν
1249 1964 1332 2024 τῆς
1388 1959 1706 2011 θεοπνεύστου
1725 1968 1751 2008 b

118 2047 307 2113 γραφῆς
333 2049 427 2095 τῶν
454 2046 558 2108 περὶ
593 2043 736 2093 αὐτοῦ
769 2046 1039 2108 μαρτυριῶν
1063 2064 1112 2092 τε
1146 2045 1222 2092 καὶ
1257 2041 1433 2107 λόγων,
1461 2043 1538 2092 καὶ
1564 2042 1707 2090 αὐτοῦ

119 2125 169 2176 δὲ
195 2126 410 2196 συνῳδὸν
435 2131 530 2179 τοῖς
555 2125 707 2176 πάλαι
733 2124 1179 2193 χρησμῳδουμένοις
1205 2121 1291 2187 τὴν
1317 2124 1412 2174 ἀπὸ
1438 2127 1532 2174 τῶν
1558 2122 1708 2188 ἔργων

51 2217 99 2257 25
119 2208 442 2275 παρεχομένου
468 2205 798 2273 λαμπρότητα.

534 2326 714 2374 ἜλεΓον
753 2323 825 2367 οὖν
864 2325 981 2379 αὐτῷ
1018 2325 1077 2366 Σὺ
1115 2324 1177 2367 τίς
1216 2321 1280 2376 εἷ;
1732 2338 1780 2376 25

198 2423 397 2489 Πρόεισι
431 2422 579 2475 πάλιν
611 2424 766 2476 αὐτοῖς
801 2423 859 2491 ἐξ
889 2421 1162 2486 ἀλαζονείας
1198 2423 1222 2472 ὁ
1259 2419 1405 2486 λόγος
1441 2418 1710 2486 ἀγριωτάτῃ

122 2505 507 2571 συγκεκραμένον
533 2505 668 2571 ὀργῇ.
725 2508 1112 2571 φιλοπευστοῦσι
1137 2501 1231 2568 γὰρ
1258 2502 1346 2569 οὐχ
1379 2502 1455 2552 ἵνα
1480 2499 1711 2564 μαθόντες

123 2586 448 2644 πιστεύσειαν,
476 2584 588 2636 ἀλλ’
617 2588 667 2636 ἐκ
692 2588 882 2648 πολλῆς
909 2585 1132 2636 ἀπονοίας
1156 2584 1408 2649 μονονουχὶ
1435 2584 1510 2632 καὶ
1537 2583 1707 2644 ἐπιπη-

174 2712 207 2743 4.
233 2700 469 2744 εἰσπορεύεται
485 2701 580 2735 Aub.
706 2709 739 2746 7.
765 2703 881 2746 σαυτῷ
901 2700 944 2734 Β.
961 2699 1050 2745 αὐτῷ
1069 2698 1266 2733 emendavit
1286 2697 1405 2731 Holst.
1533 2707 1586 2730 10.
1611 2696 1711 2739 ηὐδό-

127 2761 234 2791 κησας
252 2747 294 2781 Β.
315 2746 520 2790 ἐξεζήτησας
539 2747 602 2781 Ht.
622 2746 690 2782 Ed.
887 2757 939 2779 12.
967 2748 985 2779 ὁ
1003 2746 1079 2779 θεὸς
1095 2747 1134 2778 τὸ
1153 2744 1282 2787 θέλημά
1300 2757 1366 2777 σου
1382 2743 1522 2777 inverso
1540 2742 1662 2776 ordine
1680 2754 1711 2776 a.

128 2795 146 2827 ὁ
164 2794 223 2827 alt.
243 2792 285 2827 Β.
307 2793 370 2827 Ht.
389 2792 427 2827 ὃν
444 2793 540 2827 Aub.
718 2792 771 2826 16.
798 2792 833 2825 ἐν
850 2791 920 2836 ὅρει
939 2792 973 2826 ἐν
990 2791 1117 2834 Χωρὴβ
1134 2790 1273 2824 retinui.
1291 2789 1325 2822 ἐν
1343 2788 1414 2833 ὅρει
1432 2789 1558 2832 Χωρὴβ
1576 2789 1711 2833 Migne.

131 2851 186 2884 19.
211 2839 247 2873 δέ
266 2845 488 2884 assumptum
507 2851 548 2872 ex
566 2850 597 2873 a.
695 2849 751 2873 20.
777 2837 833 2882 οὐ]
852 2838 897 2881 μὴ
915 2849 946 2871 a.
1044 2848 1100 2871 21.
1127 2837 1297 2879 ἐξαλεῖται
1316 2835 1358 2869 Β.
1375 2835 1540 2878 ἐξελεῖται
1562 2835 1625 2869 Ht.
1645 2834 1711 2868 Ed.

129 2896 185 2930 29.
209 2885 432 2920 πιστεύσειαν
459 2885 533 2919 B.a.
563 2883 703 2931 [πιστεύ
719 2911 725 2919 .
741 2899 778 2919 σι
803 2884 844 2918 ἂν
862 2884 915 2929 (=
935 2882 1128 2919 πιστεύωσι
1152 2883 1192 2916 ἂν
1216 2883 1253 2916 in
1277 2881 1499 2916 πιστεύσειαν
1521 2880 1628 2926 corr.)
1649 2879 1710 2926 Β.]

127 2931 362 2967 πιστεύσωσιν
381 2931 444 2966 Ht.
463 2931 530 2966 Ed.
