2037 3266
122 1217 209 1248 Psal.

121 1272 171 1291 XC.
189 1270 216 1292 Ι.

123 1304 174 1335 Ib.
194 1313 243 1344 13.

125 2200 221 2231 Rom.

125 2244 193 2274 viii.
213 2252 265 2283 33,

127 2296 177 2326 34-

125 2329 212 2379 anl.

124 2383 185 2403 ενι.
196 2382 250 2413 42.

341 128 425 170 624
734 134 785 174 B.
818 134 1094 176 CYRILLI
1135 135 1520 176 ALEXANDR.
1695 133 1779 175 xvi.
1800 134 1922 172 8-11.

342 239 523 304 ὁρῶμεν
550 241 687 310 αὐτῷ,
713 240 768 293 τὸ
792 241 878 306 τὴν
904 244 1074 295 οἰκείαν
1099 243 1332 295 δύνασθαι
1359 247 1597 295 διασῶσαι
1622 241 1773 306 τιμὴν,
1800 240 1925 291 ὥστε

343 321 418 370 καὶ
454 319 544 372 ὑπὸ
578 321 726 378 πόδας
760 328 997 377 τεθεῖσθαι
1032 330 1126 376 τῶν
1151 325 1570 394 πνευματοφόρων,
1596 324 1699 388 η’τοι
1723 326 1925 384 πιστῶν,

345 401 388 452 οἳ
421 405 496 453 καὶ
524 403 647 456 Θεὸν
678 406 902 474 ὑπάρχειν
939 406 1280 473 ὡμολογήκασι
1319 407 1401 457 τὸν
1439 406 1668 473 Χριστόν.
1721 409 1926 456 πατοῦσι

343 483 438 551 γὰρ
476 486 619 537 αὐτὸν
656 489 732 538 καὶ
769 486 1045 553 πειράζοντα
1083 490 1157 538 καὶ
1195 487 1480 556 μαχόμενον.
1544 487 1656 539 ὅταν
1689 487 1737 538 δὲ
1767 486 1824 550 δή
1856 508 1926 539 τις

344 568 421 616 καὶ
455 565 538 618 τὸν
568 573 662 619 τῶν
684 568 964 635 ἀκαθάρτων
991 570 1240 632 δαιμονίων
1266 568 1415 632 ἐσμὸν
1442 567 1824 638 καταπεφρικότα
1851 569 1925 618 καὶ
1946 580 1968 618 5

345 648 697 712 ἐκπεμπόμενον
732 650 891 718 βλέπῃ
934 649 1010 701 διὰ
1049 653 1133 714 τῆς
1167 653 1320 702 αὐτῶν
1360 653 1645 717 προσευχῆς,
1687 652 1763 701 καὶ
1797 651 1920 717 ἐνερ-

345 730 473 794 γείας
498 733 574 781 καὶ
605 731 842 795 δυνάμεως
867 738 950 783 τοῦ
976 734 1144 798 Ἀγίου
1172 732 1461 797 Πνεύματος,
1487 737 1587 786 πῶς
1612 733 1695 783 οὐκ
1721 730 1927 797 εὐλόγως

306 813 442 877 οέρεῖ
488 814 850 880 κατακεκρίσθαι
898 813 981 866 τὸν
1032 820 1276 878 σατανᾶν;
1344 815 1668 881 κατακέκριται
1718 813 1810 880 γὰρ
1860 815 1926 882 τῷ

346 894 509 957 μηκέτι
548 895 780 946 δύνασθαι
814 901 1110 947 πλεονεκτεῖν
1148 896 1256 951 τοῦς
1294 902 1360 967 τῷ
1400 897 1641 959 Πνεύματι
1677 900 1742 964 τῷ
1772 896 1924 964 ςΑγιέρ

346 977 850 1045 κατεσφραγισμένους
871 982 932 1031 εἷς
949 978 1249 1043 δικαιοσύνην
1268 981 1342 1029 καὶ
1361 977 1614 1044 ἁγιασμὸν,
1634 976 1708 1028 διὰ
1722 978 1926 1030 πίστεως

344 1060 427 1121 τῆς
465 1062 527 1112 εἷς
572 1059 802 1126 Χριστόν.
853 1062 951 1111 ἐπεὶ
993 1065 1094 1114 πῶς
1140 1059 1210 1123 ἂν,
1253 1061 1357 1112 εἶπέ
1393 1083 1489 1125 μοι,
1536 1058 1928 1122 κατεπατήσαμεν

343 1143 509 1191 πᾶσαν
547 1141 690 1192 αὐτοῦ
727 1140 813 1205 τὴν
847 1142 1057 1205 δύναμιν,
1097 1141 1217 1193 κατὰ
1256 1141 1310 1192 τὸ
1350 1144 1397 1193 ἐν
1435 1145 1651 1210 ψαλμοῖς
1689 1140 1928 1207 εἰρημένον

344 1221 463 1288 πρὸς
506 1221 663 1273 πάντα
707 1223 956 1290 ἄνθρωπον
997 1226 1080 1276 τὸν
1125 1229 1431 1275 κατοικοῦντα
1473 1231 1500 1252 “
1520 1225 1568 1274 ἐν
1607 1223 1803 1294 βοηθείᾳ
1845 1227 1929 1273 τοῦ

347 1310 373 1333 “
401 1304 623 1372 ὑψίστου,
650 1307 724 1356 ἐπὶ
754 1307 937 1357 ἀσπίδα
972 1308 1047 1357 καὶ
1085 1307 1381 1368 βασιλίσκον
1418 1303 1640 1373 ἐπιβήσῃ,
1669 1306 1743 1355 καὶ
1778 1326 1925 1354 κατα-

345 1392 373 1414 “
400 1387 629 1450 πατήσεις
655 1387 825 1438 λέοντα
851 1389 926 1438 καὶ
953 1389 1185 1455 δροῖκοντα
1205 1389 1246 1450 ;”
1289 1387 1402 1438 ὅταν
1421 1387 1576 1437 τοίνυν
1601 1388 1625 1436 ὁ
1651 1386 1707 1454 ἐξ
1730 1386 1927 1452 οὐρανοῦ

348 1465 664 1533 Παράκλητος
702 1470 750 1519 ἐν
789 1470 940 1535 ἁγίαις
979 1470 1168 1535 γένηται
1207 1474 1399 1537 ψυχαῖς,
1436 1471 1511 1519 καὶ
1551 1469 1736 1521 δικαίως
1774 1468 1928 1520 αὐτοῖς

298 1560 326 1601 d
349 1549 708 1614 ἀπεσταλμένος
753 1550 828 1601 διὰ
872 1550 958 1615 τὴν
1003 1552 1267 1602 ἀδέκαστον
1319 1551 1543 1619 φαίνηται
1593 1550 1773 1607 πίστιν,
1822 1549 1928 1599 τότε

350 1637 449 1685 ταῖς
481 1633 663 1686 οἰκείαις
699 1634 945 1699 ἁμαρτίαις
971 1634 1135 1701 ε”νοχον
1167 1633 1403 1700 ἀποδείξει
1441 1630 1671 1698 γεγονότα
1708 1630 1773 1682 τὶν
1815 1632 1925 1682 κόσ-

350 1739 450 1782 μον,
481 1717 557 1764 καὶ
592 1717 674 1778 τῆς
708 1715 887 1765 ἄνωθεν
919 1715 1245 1781 ἀμοιρήσαντα
1279 1713 1484 1781 χάριτος,
1510 1714 1696 1778 ἐπείπερ
1728 1712 1926 1777 ἀποτρέ-

347 1819 515 1846 πονται
563 1795 645 1846 τὸν
690 1796 948 1862 λυτρωτήν·
1015 1797 1187 1866 ἐλέγξει
1239 1795 1288 1846 δὲ
1338 1795 1485 1847 πάλιν
1536 1793 1691 1856 αὐτὸν,
1741 1795 1802 1847 ὡς
1845 1794 1929 1843 οὐκ

349 1876 558 1942 εὐλόγως
596 1879 888 1944 ἐγκαλοῦντα
926 1877 1012 1943 τὴν
1038 1879 1270 1944 ἁμαρτίαν
1307 1882 1403 1931 τοῖς
1440 1877 1530 1941 ἤδη
1568 1874 1924 1927 πεπιστευκόσι.

349 1961 663 2011 δεδικαίωνται
701 1959 796 2027 γὰρ
835 1960 1034 2022 εἰκότως,
1066 1961 1214 2010 καίτοι
1252 1958 1370 2024 πρὸς
1397 1958 1521 2009 Θεὸν
1553 1957 1929 2021 ἀποδημήσαντα

348 2041 431 2092 τὸν
457 2041 672 2108 Χριστὸν
698 2044 773 2092 καὶ
801 2046 1248 2108 θαυματουργοῦντα
1273 2040 1338 2105 μὴ
1366 2039 1662 2103 θεασάμενοι,
1689 2043 1747 2106 τῇ
1772 2039 1929 2090 πίστει

348 2123 645 2186 τιμήσαντες.
703 2121 830 2188 οἶμαι
871 2123 919 2174 δὲ
962 2123 1018 2187 δή
1062 2147 1106 2174 τι
1147 2129 1358 2174 τοιοῦτον
1398 2121 1686 2186 ἐννοήσαντα
1730 2122 1803 2171 καὶ
1846 2119 1929 2171 τὸν

308 2208 549 2255 οΠαῦλον
604 2208 746 2256 εἰπεῖν
808 2212 835 2234 “
856 2206 942 2259 Τίς
996 2204 1245 2270 ἐγκαλέσει
1309 2203 1428 2254 κατὰ
1484 2204 1715 2253 ἐκλεκτῶν
1766 2205 1923 2263 Θεοῦ;

349 2292 376 2315 “
405 2285 524 2339 Θεὸς
556 2287 581 2336 ὁ
608 2289 810 2349 δικαιῶν,
837 2288 905 2340 τίς
931 2288 955 2337 ὁ
984 2285 1272 2350 κατακρίνων
1292 2286 1329 2345 ;”
1371 2284 1599 2352 ἐνέφραξε
1633 2282 1726 2349 γὰρ
1760 2283 1929 2346 ἀνομία

347 2371 484 2418 πᾶσα
519 2366 572 2417 τὸ
614 2366 773 2430 στόμα
819 2369 972 2431 αὐτῆς,
1015 2365 1135 2417 κατὰ
1174 2365 1261 2430 τὴν
1301 2371 1384 2416 τοῦ
1424 2363 1705 2434 ψάλλοντος
1751 2363 1928 2433 φωνὴν,

348 2449 479 2500 οὐδὲν
516 2451 732 2514 ἐγκαλεῖν
768 2449 945 2516 ε”χουσα
983 2453 1079 2501 τοῖς
1118 2446 1193 2499 διὰ
1230 2448 1436 2501 πίστεως
1476 2445 1827 2515 ἐξειλεγμένοις,
1854 2448 1929 2496 καὶ

346 2533 429 2594 τῆς
492 2532 700 2581 ἐντεῦθεν
747 2529 1044 2594 δικαιοσύνης
1109 2528 1535 2597 κατημφιεσμένοις
1583 2527 1638 2578 τὸ
1688 2527 1923 2593 καύχημα.

1951 1002 1999 1026 10

1951 1815 2000 1839 20

347 2612 589 2681 ἀπελέγξει
617 2611 664 2662 δὲ
700 2610 766 2663 τόν
795 2613 970 2679 κόσμον,
999 2613 1060 2664 ὡς
1092 2610 1468 2674 πεπλανημένον,
1497 2611 1570 2660 καὶ
1602 2613 1665 2662 εἰς
1698 2607 1781 2658 τὸν
1807 2609 1927 2658 οὕτω
1949 2630 1999 2665 30

347 2693 625 2759 κατάκριτον
651 2693 819 2760 ε”χοντα
857 2691 939 2746 τὰς
971 2693 1179 2755 ἐλπίδας,
1212 2695 1274 2746 ὡς
1313 2690 1505 2755 ἁπάσης
1541 2689 1627 2754 μὲν
1665 2689 1808 2758 δόξης
1845 2691 1927 2751 τῆς

396 2857 427 2880 2.
453 2845 542 2891 ἤτοι]
562 2845 580 2889 ἢ
600 2847 653 2880 καὶ
673 2846 765 2881 Catt.
932 2858 965 2891 3.
993 2845 1120 2891 Κύριον
1136 2857 1200 2891 pro
1217 2847 1370 2891 Χριστόν
1388 2844 1479 2879 Catt.
1641 2853 1767 2884 12—14.
1788 2844 1826 2893 ‘A
1843 2840 1927 2874 κατὰ

347 2892 674 2973 ἓξάιῖῧζαὸἑξὲιῃείᾘῐ
693 2894 734 2928 Ε.
753 2892 881 2930 desunt
898 2893 982 2927 haec
999 2893 1035 2927 in
1054 2893 1208 2927 Catenis.
1459 2890 1513 2925 26.
1539 2891 1634 2924 πᾶσα
1652 2889 1771 2933 ἀνομία
1787 2899 1926 2922 mverso
