2037 3266
344 133 428 173 592
749 132 800 172 B.
834 130 1113 172 CYRILLI
1154 131 1539 173 ALEXANDR.
1784 145 1852 172 xv.
1874 142 1939 173 20.

346 239 462 291 ὅταν
506 240 594 307 οὐχ
639 239 763 304 ἡδεῖς
807 244 904 294 τοῖς
949 241 1326 305 νουθετουμένοις
1369 245 1412 292 οἱ
1456 239 1565 307 παρ’
1613 240 1770 293 αὐτοῖς
1813 239 1936 305 εὑρί-

346 344 559 373 σκωνται
591 320 748 388 λόγοι,
787 322 1135 387 συμβαίνοντός
1169 345 1219 373 τε
1253 321 1373 389 πρὸς
1406 323 1556 392 τούτῳ
1591 325 1668 373 καὶ
1707 327 1791 373 τοῦ
1825 321 1938 372 διώ-

125 414 215 449 899
230 413 281 448 A·
308 422 331 449 a
347 408 530 466 κεσθαι,
551 402 617 468 μὴ
643 405 1016 472 παραδεχθέντος
1044 403 1150 456 ἔσθ’
1174 404 1251 456 ὅτε
1275 411 1359 456 τοῦ
1383 404 1547 470 λόγου,
1569 405 1799 470 εὐτρεπεῖς
1825 401 1942 454 εἶναι

347 487 422 536 καὶ
462 485 581 554 πρὸς
619 492 768 538 ταῦτα
806 487 917 538 λίαν
955 487 1153 554 εὐχερεῖς
1193 489 1270 538 καὶ
1310 486 1566 553 προθύμως
1608 488 1684 537 καὶ
1723 490 1942 539 νεανικῶς

346 569 677 620 διακελεύεται.
743 568 1001 635 προμηνύει
1046 567 1096 620 δὲ
1140 569 1304 635 ὥσπερ
1348 568 1506 633 πάντη
1548 592 1597 620 τε
1636 571 1712 620 καὶ
1751 568 1983 623 πάντως5

344 650 583 714 ἐσομένων
641 649 716 702 διὰ
781 649 868 714 τὴν
925 655 1021 701 τῶν
1079 650 1360 714 μελλόντων
1419 649 1941 716 παιδαγωγηθήσεσθαι

344 733 627 801 μοχθηρίαν.
696 738 835 784 τοῦτο
875 731 923 783 δὲ
959 734 1035 784 καὶ
1073 735 1122 784 ἐν
1159 733 1331 800 ἑτέροις
1368 731 1539 798 ἐδήλου
1577 733 1734 798 λέγων
1768 739 1795 762 “
1817 733 1941 783 Οὐαὶ

347 822 373 845 “
399 819 466 884 τῷ
504 813 671 884 κόσμῳ
710 813 804 866 ἀπὸ
842 819 939 865 τῶν
977 814 1278 866 σκανδάλων·
1331 816 1514 881 ἀνάγκη
1554 814 1648 881 γὰρ
1691 815 1844 865 ἐλθεῖν
1882 813 1941 865 τὰ

122 735 285 768 SMatth.

121 779 213 810 xviii.
231 780 260 814 7.

346 903 374 927 ‘⁶
400 895 697 948 σκάνδαλα.”
759 899 994 960 οἰκονομεῖ
1040 897 1089 948 δὲ
1137 900 1373 964 πανταχῆ,
1415 896 1475 948 τὰ
1521 898 1627 948 καθ’
1680 895 1845 947 ἑαυτὸν
1892 898 1941 946 ἐν

344 979 496 1049 τούτῳ
535 977 859 1045 παραδεικνὺς,
892 979 968 1029 ἵνα
1005 978 1071 1043 μὴ
1109 978 1334 1045 μειζόνων
1366 979 1613 1047 ἐφιέμενοι,
1648 979 1755 1030 καθ’
1783 978 1940 1044 ἕτερον
1965 999 2013 1024 10

300 1070 328 1111 b
346 1061 523 1128 τρόπον
549 1063 932 1129 ἀσχημονοῦντες
968 1062 1277 1124 ἁλίσκωνται,
1306 1061 1417 1112 ἀλλ’
1446 1060 1609 1128 ὥσπερ
1643 1061 1700 1129 ἐξ
1732 1059 1942 1126 ἀνάγκης

344 1143 543 1195 κατόπιν
569 1146 652 1207 τῆς
678 1149 762 1194 τοῦ
792 1144 970 1210 Κυρίου
1003 1144 1246 1205 βαίνοντες
1281 1143 1423 1212 δόξης
1458 1142 1512 1194 τὸ
1546 1140 1610 1207 μὴ
1649 1141 1764 1208 ὑπὲρ
1799 1141 1942 1193 αὐτὸν

344 1227 568 1291 γενέσθαι
607 1225 931 1292 σπουδάζωσι·
969 1224 1023 1277 τὸ
1062 1225 1148 1289 μὲν
1181 1226 1262 1276 οὖν
1295 1224 1716 1289 ἀτιμασθήσεσθαι
1754 1223 1943 1277 πάντως

345 1308 513 1362 αὐτοὺς
552 1308 863 1372 ὑποσημαίνει
901 1307 1056 1374 λέγων
1093 1312 1196 1360 Οὐκ
1235 1308 1325 1359 ἔστι
1367 1304 1521 1362 δοῦλος
1559 1306 1664 1375 ὑπὲρ
1701 1304 1770 1358 τδν
1811 1305 1942 1375 κύριον

346 1392 492 1442 αὐτοῦ.
547 1390 626 1454 ἐμὲ
657 1389 765 1456 γὰρ,
791 1392 959 1459 φησὶν,
986 1391 1200 1460 ἀχαλίνῳ
1233 1388 1317 1453 μὲν
1346 1388 1699 1456 κατεκράτησαν
1724 1387 1936 1455 γλώττῃ,
1962 1402 2010 1441 15

346 1472 584 1539 λοιδορίας
628 1472 806 1539 τρόπον
846 1472 1207 1537 ἀνεπιτήδευτον
1250 1473 1332 1523 οὐκ
1380 1471 1579 1541 ἀφέντες
1629 1475 1671 1522 οἱ
1723 1471 1938 1533 δείλαιοι,

348 1557 644 1617 δαιμονῶντα
694 1557 770 1606 καὶ
819 1553 1028 1618 μέθυσον
1081 1556 1158 1605 καὶ
1213 1554 1431 1620 πορνείας
1485 1553 1687 1604 ἐκάλουν
1737 1551 1936 1618 καρπόν.

348 1637 459 1686 ἀλλ’
505 1637 588 1687 οὐκ
640 1635 828 1703 ἐζήτουν
873 1639 1164 1704 παραχρῆμα
1210 1635 1293 1690 τὰς
1344 1635 1488 1698 δίκας,
1535 1635 1646 1685 ἀλλ’
1691 1633 1795 1685 οὐδὲ
1840 1639 1941 1688 ταῖς

348 1719 458 1784 παρ’
500 1719 654 1769 αὐτῶν
699 1719 953 1784 λοιδορίαις
996 1719 1318 1785 καταδηχθεῖς,
1362 1717 1445 1768 τὸν
1488 1721 1585 1770 τοῖς
1629 1715 1941 1782 ἀκροωμένοις

308 1821 331 1849 e
349 1799 586 1866 σωτήριον
613 1800 867 1869 ἀνέκαμψα
901 1799 1064 1866 λόγον.
1120 1801 1287 1850 οὐκοῦν
1313 1798 1378 1863 μὴ
1412 1799 1640 1866 ζητείσθω
1673 1798 1782 1864 παρ’
1812 1799 1940 1860 ὑμῶν
1962 1815 2013 1841 20

347 1880 402 1933 τὸ
440 1882 594 1949 μεῖζον
625 1883 841 1948 ἀκαίρως,
870 1881 987 1946 μηδὲ
1025 1885 1119 1933 τῶν
1153 1887 1236 1932 τοῦ
1276 1880 1454 1948 Κυρίου
1493 1877 1940 1945 κατασοβαρεύεσθε

346 1965 544 2032 μέτρων,
568 1964 686 2031 πρὸς
713 1965 952 2028 τοσαύτην
979 1962 1144 2015 ἑαυτὸν
1171 1964 1225 2014 δι’
1255 1963 1376 2027 ἡμᾶς
1404 1961 1823 2023 καταβιβάσαντος
1853 1958 1941 2024 τὴν

346 2047 648 2110 ταπείνωσιν,
677 2045 753 2098 διὰ
791 2047 845 2097 τὸ
883 2051 1005 2098 πᾶσι
1038 2045 1302 2099 λυσιτελές.
1353 2046 1520 2096 οὐκοῦν
1554 2043 1767 2108 ἀμείνους
1802 2041 1940 2109 ἐργά-

348 2127 470 2194 ζεται
512 2133 587 2180 καὶ
631 2132 715 2193 τῆς
760 2131 809 2180 ἐν
847 2127 1009 2195 λόγοις
1054 2128 1383 2194 σκληρότητος
1428 2128 1504 2178 καὶ
1546 2128 1629 2190 τῆς
1666 2129 1761 2176 τῶν
1799 2129 1940 2192 φιλο-

347 2215 523 2279 ψογεῖν
553 2209 785 2262 εἰωθότων
818 2210 1139 2274 ἀνοσιότητος,
1167 2208 1380 2274 καθάπερ
1418 2205 1584 2271 ἀμέλει
1618 2208 1694 2257 καὶ
1729 2207 1754 2257 ὁ
1789 2204 1938 2268 μακά-
1960 2225 2009 2264 25

349 2315 448 2358 ριος
478 2292 727 2361 προφήτης
753 2293 975 2358 Ἱερεμίας
1010 2290 1129 2357 πρὸς
1164 2289 1278 2341 αὐτὸ
1305 2288 1362 2354 δὴ
1390 2295 1528 2340 τοῦτο
1552 2287 1939 2354 γεγυμνασμένος

124 2381 238 2456 ἓξὲξ-Ο
349 2373 512 2441 ἐ’λεγεν
536 2382 565 2404 “
583 2376 648 2425 ‘H
683 2373 822 2441 ἰσχύς
861 2397 951 2438 μου
990 2372 1206 2442 ἐξέλιπεν
1238 2374 1286 2423 ἐν
1320 2376 1416 2425 τοῖς
1453 2369 1795 2437 καταρωμένοις
1833 2368 1937 2431 με.”

172 2448 179 2456 ”
241 2448 248 2455 ’
303 2456 566 2523 ἃμειζόνως
603 2455 753 2521 γεμὴν
792 2457 817 2506 ὁ
857 2455 1110 2508 θεσπέσιος
1150 2457 1345 2507 Παῦλος
1385 2450 1665 2521 διαλάμψας
1703 2453 1751 2502 ἐν
1789 2451 1934 2519 αὐτῷ,

349 2541 425 2589 καὶ
477 2536 606 2590 πολὺ
656 2537 967 2602 καταθλήσας
1018 2539 1101 2600 τῆς
1152 2540 1247 2587 τῶν
1299 2533 1583 2601 ὑβριζόντων
1633 2531 1939 2596 ἀνοσιότητος

127 2628 231 2701 ὶῐνῡῖξ-
350 2627 376 2649 “
398 2620 776 2687 Λοιδορούμενοι,
812 2621 978 2688 φησὶν,
1018 2619 1321 2683 εὐλογοῦμεν,
1360 2614 1748 2685 δυσφημούμενοι
1785 2635 1938 2678 παρα-
1957 2628 2009 2664 30

128 2696 177 2753 13⁵·
208 2695 233 2708 Ἴ
350 2708 377 2732 “
403 2703 683 2766 καλοῦμεν.”
739 2701 793 2752 τὸ
837 2700 922 2764 μὲν
965 2699 1058 2767 γὰρ
1103 2704 1198 2751 τῶν
1238 2699 1461 2750 τοιούτων
1502 2694 1937 2748 κατανεανιεύεσθαι

400 2902 428 2926 1.
455 2892 675 2935 εὑρίσκωνται
694 2891 735 2926 Ε.
753 2891 964 2936 εὑρίσκονται
986 2889 1052 2925 Ed.
1304 2898 1335 2922 2.
1361 2885 1544 2921 διώκεσθαι
1563 2885 1603 2920 E.
1622 2882 1847 2919 διαπυθέσθαι
1868 2881 1932 2915 Ed.

351 2946 406 2982 27.
434 2937 672 2982 καταραμένοις
691 2937 732 2972 Ε.
