2022 3272
1691 411 1711 430 ιι,
1754 400 1828 434 715
1845 399 1897 433 A.

545 688 1207 758 KTPIAAOY

390 908 872 938 ΑΡΧῙΕΠΙΣΚΟΠΟΥ
914 908 1358 939 ΑΛΕΞΑΝΔΡΕΙΑΣ

666 1076 1081 1115 ΎΠΟΜΝΗΜΑ

175 1228 285 1276 ΕΙΣ
337 1229 431 1277 ΤΟ
485 1230 673 1277 ΚΑΤΑ
729 1230 1059 1278 ΙΩΑΝΝΗΝ
1113 1228 1570 1278 ΕΥΑΓΓΕΛΙΟΝ.

35 1414 58 1453 5
576 1413 821 1443 BIBAION
872 1413 1163 1443 ENNATON.

67 1555 166 1597 “On
204 1556 289 1603 ὲΓὼ
329 1556 376 1600 ἐξ
417 1556 601 1606 ἐμαυτοῦ
639 1557 715 1598 οὐκ
755 1557 963 1610 ὲλάλΗσα,
1003 1558 1093 1599 ἀλλ’
1138 1558 1161 1600 ὁ
1204 1558 1378 1609 Πέμψας
1422 1572 1473 1607 με
1512 1558 1661 1614 Πατήρ
1683 1572 1731 1608 49

143 1639 272 1680 αὑτός
308 1654 380 1689 μοι
415 1640 597 1682 ἐντολήν
629 1641 794 1682 δέδωκε
828 1641 867 1683 τί
901 1638 1013 1683 εἴπω
1048 1642 1116 1682 καὶ
1150 1641 1187 1683 τι’
1226 1643 1422 1683 λαλήσω·
1460 1642 1528 1682 καὶ
1565 1637 1661 1683 οἶδα
1682 1654 1733 1692 50

141 1723 207 1764 ὅτι
250 1723 273 1763 ἡ
318 1723 470 1764 ἐντολή
517 1724 646 1766 αὐτοῦ
687 1726 770 1782 ζωὴ
817 1722 991 1768 αἰώνιός
1035 1726 1160 1767 ἐστιν·
1214 1727 1240 1767 οἳ
1285 1723 1358 1767 οὖν
1399 1725 1522 1766 λαλῶ
1563 1724 1662 1776 ἐΓὼ,

143 1805 286 1847 καθὼς
324 1803 472 1863 εἷ’ρι-ικέ
509 1822 579 1856 μοι
617 1809 634 1850 s‘
676 1808 839 1865 Πατήρ,
877 1809 1016 1850 οὕτως
1055 1808 1190 1853 λαλῶ.

9 1949 56 1976 ιο
149 1927 260 1974 ΕΙΣ
305 1925 572 1989 ἀνάμνησιν
611 1925 715 1991 ἄγει
759 1924 842 1976 τὸν
883 1930 978 1976 τῶν
1016 1925 1255 1976 Ἰουδαίων
1294 1923 1415 1976 λαὸν
1453 1929 1548 1975 τῶν
1586 1924 1661 1976 διὰ

76 2005 325 2059 Μωυσέως
362 2006 814 2073 προκεκηρυγμένων
849 2009 955 2073 περὶ
994 2008 1149 2069 αὑτοῦ,
1177 2007 1469 2071 ὑποπλήττει
1504 2006 1553 2057 δὲ
1584 2006 1704 2062 διάι)

72 2086 253 2137 τούτων
288 2088 471 2155 εὐφυῶς
511 2090 600 2150 καὶ,
627 2087 713 2152 τὴν
750 2089 952 2139 ἐνοῦσαν
987 2090 1143 2142 αὐτοῖς
1177 2087 1462 2153 ἀνοσιότητα
1498 2111 1656 2154 παρα-

73 2165 264 2230 δεικνῦς,
286 2169 537 2237 ἀπελέγχει
564 2173 751 2238 σαφῶς,
773 2172 835 2223 ὡς
861 2171 1008 2224 οὐδεὶς
1036 2171 1190 2223 αὐτοῖς
1216 2168 1362 2236 λόγος
1388 2175 1471 2220 τοῦ
1497 2171 1572 2220 καὶ
1599 2174 1661 2223 εἰς

74 2249 215 2300 αὐτὸν
240 2250 583 2317 ἐμπαροινῆσαι
614 2249 698 2302 τὸν
725 2251 882 2316 νόμον,
909 2251 1058 2302 καίτοι
1093 2250 1315 2302 δεδόσθαι
1348 2251 1660 2303 πιστευθέντα

11 2345 55 2384 15
74 2329 204 2397 παρὰ
228 2334 369 2382 Θεοῦ.
421 2333 470 2382 τί
496 2334 588 2400 γὰρ
621 2333 713 2401 ε”φη
750 2332 826 2384 διὰ
855 2332 1103 2387 Μωυσέως
1137 2335 1243 2400 περὶ
1269 2337 1501 2399 Χριστοῦ,
1527 2332 1654 2399 γνώ-

72 2412 330 2478 ριμονὶμὲν
366 2411 562 2477 ἅπασιν,
593 2416 681 2480 ἐρῶ
717 2415 761 2466 δ’
790 2415 872 2466 οὖν
906 2414 1034 2479 ὅμως
1072 2414 1147 2466 διὰ
1185 2413 1272 2479 τὴν
1304 2420 1388 2465 τοῦ
1426 2413 1658 2479 νοήματος

72 2494 235 2560 χρείαν
260 2500 288 2522 “
310 2493 577 2562 Προφήτην
603 2495 868 2560 ἀναστήσω
907 2497 1065 2550 αὐτοῖς
1103 2497 1152 2546 ἐκ
1191 2496 1342 2559 με’σου
1380 2500 1475 2547 τῶν
1508 2497 1652 2545 ἀδελ·
1673 2501 1867 2584 egeisst'ffl

74 2580 102 2603 ‘⁶
127 2578 233 2643 φῶν
266 2575 408 2626 αὐτοῦ
447 2575 612 2642 ῶσπερ
650 2576 739 2626 σε”
791 2577 1010 2628 τουτέστι
1049 2576 1307 2641 νομοθέτην
1345 2599 1420 2627 και
1457 2598 1657 2640 μεσιτην
1721 2597 1768 2627 19

73 2657 199 2706 Θεοῦ
247 2657 323 2706 καὶ
366 2656 646 2722 ἀνθρώπων·
725 2660 839 2708 6και
884 2658 1026 2709 δώσω
1070 2656 1124 2708 τὸ
1175 2657 1303 2723 ῥῆμά
1351 2679 1442 2720 μου
1490 2657 1539 2707 ἐν
1589 2660 1657 2706 τῶ

120 2815 190 2851 Tit.
204 2816 246 2851 E.
263 2819 323 2851 τοῦ
341 2817 376 2851 ἐν
392 2816 500 2863 ἁγίοις
516 2819 645 2862 πατρὸς
661 2817 753 2861 ἡμῶν
767 2817 954 2862 praemisit,
974 2817 1150 2861 ὑπόμνημα
1169 2816 1285 2851 omisit
1303 2816 1370 2852 Ed.
1492 2817 1526 2852 8.
1553 2818 1656 2852 αὐτοῦ

76 2861 119 2896 Ε.
137 2862 219 2907 αὕτη
239 2863 306 2898 Ed.
462 2873 514 2909 17.
541 2866 559 2898 ὁ
576 2864 789 2910 προφήτης’
770 2863 958 2908 αναστήσει
976 2864 1018 2899 Ε.
1178 2864 1229 2898 18.
1256 2864 1357 2898 αὐτοῦ
1377 2864 1418 2898 Ε.
1436 2864 1544 2899 αὐτῶν
1562 2864 1654 2900 Catt.

76 2907 143 2943 Ed.
238 2910 292 2944 καὶ
309 2909 430 2945 deest'
422 2922 459 2945 m
477 2911 518 2945 E
536 2911 727 2956 assumpsit
744 2922 762 2945 e
781 2910 887 2945 Cord.
905 2917 947 2945 ut
963 2910 1130 2946 adnotat
1123 2922 1197 2956 lpse
1214 2909 1308 2945 Aub.

133 2974 297 3004 VOL.11.
829 2977 858 3004 X
877 2979 905 3004 X
