2011 3266
280 153 364 192 248
685 152 734 192 Β.
768 151 1039 192 CYRILLI
1081 150 1465 191 ALEXANDR.
1654 159 1869 202 x.19-21.

281 262 389 312 καθ’
431 262 553 326 ἡμᾶς
592 261 813 330 κέχρηται
855 262 1003 331 λόγῳ.
1056 261 1390 329 κατασχίζὲται
1428 261 1584 311 τοίνυν
1621 263 1716 310 τῶν
1753 259 1872 309 ’Iov—

283 343 425 394 δαίων
452 345 476 394 ὁ
505 347 666 408 δῆμος·
719 346 794 395 καὶ
831 348 874 395 οἱ
908 343 1005 408 μὲν,
1039 342 1170 394 οὐδὲν
1197 343 1505 407 ἐννοήσαντες
1531 342 1656 395 ὅλως
1681 345 1777 392 τῶν
1802 341 1870 391 ἐπ’

284 426 409 495 αὐτῷ
441 427 730 493 μυστηρίων,
758 427 961 480 ἀνοσίως
1000 426 1289 493 ὑβρίζουσιν·
1333 429 1374 476 οἱ
1410 426 1456 477 δὲ
1489 424 1575 488 τὴν
1603 424 1701 491 ἕξιν
1727 425 1868 474 ἐπιει-

285 508 497 575 κέστεροι
527 510 788 576 προχείρως
814 510 867 559 οὐ
894 508 1272 573 κατακρίνουσιν,
1300 507 1668 571 ἀναμασώμενοι
1693 504 1741 556 δὲ
1767 503 1875 557 τοὺς

284 590 395 656 παρ’
424 592 566 642 αὐτοῦ
593 591 768 656 λόγους
803 593 878 641 καὶ
914 590 1032 654 μετὰ
1068 591 1305 656 ἀκριβείας
1340 590 1692 656 βασανίζοντες,
1718 591 1802 652 τῆς
1828 589 1875 637 ἐν
1896 604 1918 643 5

286 674 442 727 αὐτοῖς
492 673 788 739 γλυκύτητος
840 672 1229 735 ὑπαισθάνονται,
1279 673 1602 737 δοκιμωτάτην
1652 693 1702 721 τε
1753 671 1876 721 οὕτω

241 761 529 807 ᾶποιοῦνται
566 754 652 818 τὴν
688 754 937 822 διάκρισιν,
971 755 1208 823 νήφοντας
1247 757 1322 806 καὶ
1361 755 1598 807 συνὲσεως
1636 757 1720 818 τῆς
1758 755 1878 803 ἀνω-

287 836 414 889 τάτω
457 838 688 903 γέμοντας
737 838 925 903 λόγους,
964 842 1065 890 ταῖς
1110 842 1205 888 τῶν
1245 840 1497 901 δαιμονίων
1535 836 1781 904 ἐλαφρίαις
1824 835 1878 885 οὐ

288 918 598 987 χαριζόμενοι.
656 920 759 973 ε”θος
787 919 880 986 γὰρ
907 921 1093 970 ἐκείνων
1119 921 1166 970 ἐν
1192 924 1258 989 τῷ
1284 919 1579 986 παραπαίειν,
1606 917 1660 969 τὸ
1691 940 1873 984 παρεμ-

289 1003 463 1053 πίπτον
501 1007 686 1053 λαλεῖν.
742 1006 783 1053 οἱ
825 1003 907 1053 οὖν
939 1006 1193 1067 Φαρισαῖοι
1231 1007 1423 1067 μᾶλλον
1461 1000 1589 1066 ἦσαν
1629 1004 1670 1052 οἱ
1710 1004 1874 1062 δαιμο-
1904 1021 1952 1046 10

291 1089 472 1147 νῶντες,
501 1089 541 1135 οἱ
567 1090 782 1136 τοιοῦτον
809 1090 1066 1138 καλοῦντες
1093 1085 1174 1135 τὸν
1200 1083 1376 1138 παντὸς
1409 1083 1654 1150 ἐλεύθερον
1679 1082 1876 1136 πάθους·

290 1169 367 1217 καὶ
416 1167 685 1231 λελήθασιν
726 1167 917 1221 ἑαυτοὺς
957 1166 1043 1231 τὴν
1083 1169 1284 1218 ἐνοῦσαν
1325 1168 1481 1221 αὐτοῖς
1524 1166 1883 1235 ἐξαγορεύοντες

293 1247 438 1300 νόσον
467 1251 542 1300 καὶ
580 1248 634 1300 τὸ
674 1250 878 1317 συνέχον
909 1247 1076 1303 αὐτοὺς
1112 1248 1256 1300 κακὸν
1288 1249 1344 1318 ἐξ
1381 1250 1572 1315 ἀγνοίας
1611 1248 1883 1316 ἐξηγεῖσθαι

292 1331 346 1382 οὐ
381 1330 762 1398 παραιτούμενοι.
818 1330 946 1395 οἶμαι
987 1331 1034 1383 δὲ
1076 1332 1225 1398 ε”γωγε
1265 1329 1651 1397 κακουργοτάτως
1689 1330 1885 1398 σφόδρα

293 1413 451 1478 λέγειν
482 1412 663 1476 αὐτοὺς,
697 1413 767 1465 ὅτι
807 1416 1006 1484 δαιμονᾷ
1046 1415 1071 1465 ὁ
1114 1415 1300 1480 Κύριος.
1354 1413 1510 1478 ἐπειδὴ
1549 1413 1642 1479 γὰρ
1681 1415 1743 1466 ὡς
1781 1435 1884 1464 ποι·
1906 1431 1954 1470 15

71 1503 195 1575 ῗέΓΡΥῗΖ
256 1525 277 1552 ρ
295 1495 435 1559 με’νας
461 1500 712 1563 κατῃτιᾶτο
740 1496 922 1550 δειλοὺς
950 1499 1023 1547 καὶ
1050 1496 1332 1559 μισθωτοὺς,
1357 1499 1419 1550 ὡς
1444 1496 1636 1549 ἀνέντας
1663 1499 1729 1565 τῷ
1756 1495 1885 1564 λύκῳ

75 1569 139 1628 Ι3Ῐ
202 1568 208 1581 ’
295 1577 354 1628 τὰ
381 1577 617 1643 πρόβατα,
643 1581 717 1628 καὶ
745 1579 887 1644 ὀλίγα
921 1583 1169 1632 παντελῶς
1196 1582 1277 1643 τῆς
1303 1577 1483 1644 ἀγέλης
1511 1579 1882 1646 φροντίσαντας,

295 1661 349 1711 οὐ
387 1660 584 1726 μετρίως
623 1661 1022 1725 καταπτοούμενοι
1061 1660 1126 1725 μὴ
1167 1662 1257 1727 ἄρα
1296 1661 1532 1714 συνιέντες
1569 1664 1611 1711 οἱ
1650 1663 1787 1724 δῆμοι
1831 1658 1886 1710 τὸ

295 1742 551 1807 εἰρημένον,
577 1742 967 1808 παραιτήσωνται
1004 1742 1087 1808 μὲν
1114 1744 1202 1808 ἤδη
1228 1742 1281 1794 τὸ
1311 1744 1384 1794 ὑπ’
1414 1744 1571 1797 αὐτοῖς
1598 1742 1662 1793 ε”τι
1689 1743 1884 1806 ποιμαί-

297 1828 477 1886 νεσθαι,
521 1825 875 1891 προσδράμωσι
928 1825 976 1876 δὲ
1024 1830 1082 1893 τῇ
1136 1825 1225 1877 ὑπὸ
1270 1830 1470 1895 Χριστῷ
1520 1825 1764 1893 μαθητείᾳ,
1811 1822 1887 1874 διὰ
1909 1846 1958 1871 20

296 1912 435 1958 τοῦτο
473 1906 556 1957 τὸν
589 1913 698 1958 νοῦν
737 1913 831 1958 τῶν
861 1910 1097 1975 ἀγελαίων
1138 1908 1460 1976 φενακίζοντέςἱ
1502 1913 1627 1975 φασι
1657 1907 1888 1974 Δαιμόνιον

299 1990 403 2053 ἔχει,
431 1990 473 2041 τί
498 1992 630 2041 αὐτοῦ
657 1991 865 2052 &enodem
909 1990 1042 2042 ἀλλὰ
1079 1993 1154 2042 καὶ
1190 1996 1339 2042 ταῦτα
1371 1991 1555 2041 ἐκείνων
1581 1988 1657 2041 διὰ
1683 2012 1883 2056 κακουρ-

297 2072 406 2138 γίαν
444 2072 697 2138 λεγόντων,
738 2077 801 2126 εἷς
841 2073 896 2124 τὸ
941 2075 1149 2124 ἐναντίον
1189 2074 1342 2126 αὐτοῖς
1382 2073 1536 2137 ἀπέβη
1578 2071 1632 2123 τὸ
1677 2071 1884 2136 σκέμμα.

75 2174 227 2210 664Α.
258 2154 436 2208 ειοῖλλοι
478 2153 526 2206 δὲ
565 2153 659 2206 ἀπὸ
698 2155 783 2218 μὲν
822 2158 904 2219 τῆς
944 2160 1039 2206 τῶν
1073 2154 1234 2221 λόγων
1267 2153 1529 2219 ποιότητος,
1570 2153 1737 2222 ὀρθοὺς
1775 2152 1889 2205 εἶναι

298 2237 512 2302 κρίνουσι
552 2236 660 2291 τοὺς
699 2243 783 2288 τοῦ
821 2238 1000 2304 Κυρίου
1037 2237 1225 2302 λόγους,
1260 2239 1321 2291 ὡς
1357 2238 1440 2287 οὐκ
1477 2236 1627 2287 ὅντων
1658 2241 1753 2288 τῶν
1789 2259 1886 2288 τοι·
1911 2251 1959 2290 25

299 2319 449 2370 ούτων
475 2318 636 2384 λόγων
664 2316 1026 2389 δαιμονιζομένου·
1074 2318 1198 2383 ὅμως
1225 2323 1271 2370 αἱ
1298 2320 1685 2385 θαυματουργίαι,
1714 2321 1886 2386 φησὶν,

299 2401 488 2468 ἄμαχον
519 2400 683 2468 ἔχουσι
721 2402 998 2468 μαρτυρίαν.
1055 2405 1092 2452 εἷ
1131 2400 1225 2466 γὰρ
1264 2402 1339 2451 καὶ
1378 2405 1472 2451 τῶν
1507 2399 1668 2466 λόγων
1705 2403 1767 2455 ὡς
1806 2402 1890 2452 οὐκ

301 2483 452 2549 ὀρθῶς
478 2484 750 2548 λεγομένων
777 2488 1093 2549 κατηγορεῖτε,
1121 2482 1232 2534 ἀλλ’
1261 2481 1507 2550 ἀμήχανον
1533 2484 1582 2534 ἐν
1608 2483 1762 2553 ταύτῷ
1788 2505 1893 2534 τινα

301 2566 379 2615 καὶ
416 2565 657 2630 δαιμόνιον
683 2565 819 2634 ἔχειν,
846 2567 1035 2617 κάκεῖνα
1060 2570 1208 2617 ποιεῖν
1235 2563 1355 2632 ἅπερ
1381 2565 1523 2629 μόνος
1550 2564 1743 2616 δύναται
1770 2563 1892 2619 Θεὸς

352 2739 385 2773 3.
411 2726 519 2774 αὐτῷ]
540 2728 653 2764 αὐτοῖς
673 2728 771 2773 (err.)
792 2728 886 2764 Aub.
1067 2738 1098 2774 7.
1125 2729 1283 2763 ἀνωτάτω
1301 2728 1370 2762 a.k.
1390 2728 1555 2773 ambigue
1573 2728 1741 2773 scriptum
1759 2728 1795 2762 in
1815 2727 1891 2763 Cat.

308 2775 409 2808 Harl.
427 2775 523 2809 unde
540 2775 711 2819 ἀνωτάτης
728 2776 822 2810 Aub.
1082 2777 1115 2810 8.
1142 2776 1309 2820 δαιμόνων
1325 2786 1356 2810 a.
1607 2786 1641 2820 9.
1667 2775 1805 2810 ἐκείνοις
1821 2776 1892 2810 a.k.

310 2832 364 2865 13.
390 2821 411 2855 (ὶ
424 2847 432 2856 .
444 2822 535 2857 νοίας
553 2834 614 2867 per
630 2834 790 2857 rasuram
808 2823 843 2857 k.
861 2822 900 2865 ἐξ
917 2822 1053 2868 ἀγνοίας
1070 2834 1141 2857 om.
1159 2834 1191 2857 a.
1475 2832 1528 2864 14.
1554 2823 1806 2866 κακουργότατα
1824 2823 1892 2856 a.k.

311 2869 363 2901 18.
390 2868 546 2903 συνέντες
563 2869 632 2903 a.k.
778 2880 834 2903 20.
860 2870 1116 2914 προσδράμοιεν
1133 2869 1202 2904 a.k.
1333 2878 1389 2902 22.
1413 2867 1504 2902 ἀλλὰ
1521 2873 1744 2912 assumptum
1762 2879 1804 2902 ex
1822 2868 1892 2902 a.k.

309 2924 365 2956 23·
391 2914 502 2955 ἀπέβη
521 2915 590 2950 a.k.
609 2915 714 2959 ἐπέβη
734 2915 812 2950 Cat.
832 2916 931 2950 Harl.
952 2916 1019 2950 Ed.
1309 2915 1363 2949 26.
1390 2916 1503 2960 λόγων
1520 2920 1744 2958 assumptum
1762 2926 1804 2949 ex
1822 2915 1892 2950 a.k.

309 2960 365 2994 28.
391 2975 464 2995 τινα
483 2973 552 2996 om.
573 2973 601 2996 a.
701 2973 755 3008 29.
785 2963 881 2997 Haec
899 2963 985 3007 ἅπερ
1003 2964 1105 3007 μόνος
1122 2962 1259 2997 δύναται
1278 2963 1363 2998 Θεὸς
1380 2963 1490 2996 ποιεῖν
1507 2967 1728 2996 accesserunt
1746 2973 1787 2996 ex
1809 2962 1877 2996 a.k.
