2037 3266
337 148 422 188 380
740 148 790 187 B.
824 147 1104 187 CYRILLI
1146 148 1530 188 ALEXANDR.
1751 147 1838 188 xiii.
1859 160 1926 202 33.

273 314 320 350 33
600 309 770 361 Τεκνία,
807 310 870 352 ἔτι
906 310 1055 367 μικρὸν
1095 311 1245 367 χρόνον
1284 311 1375 358 μεθ’
1419 311 1538 359 ὑμῶν
1576 309 1674 359 εἰμι.

413 424 500 475 Ἐν
526 427 584 492 τῇ
623 429 718 475 τῶν
744 427 926 476 τεκνῖων
953 423 1099 492 τάξει,
1128 426 1203 474 καὶ
1230 425 1278 475 ἐν
1303 429 1400 478 τοῖς
1434 424 1691 492 ἀρτιτόκοις
1726 424 1931 493 βρέφεσι

338 505 616 558 κατατάττει
665 506 772 559 τοὺς
821 505 1050 570 μαθητὰς,
1102 507 1251 557 καίτοι
1305 505 1422 573 πρὸς
1481 512 1714 558 τοσοῦτον
1765 509 1932 572 ἀρετῆς

339 588 738 653 ἀναπηδήσαντας
787 587 972 654 μέτρον,
1013 590 1089 638 καὶ
1138 587 1337 639 σύνεσιν
1382 588 1575 656 ἔχοντας
1619 586 1705 652 τὴν
1749 588 1930 654 ὀλίγοις

338 669 728 737 κατωρθωμένην·
785 669 960 724 δεικνὺς
1001 669 1077 720 διὰ
1115 670 1298 734 τούτου,
1337 673 1413 721 καὶ
1456 671 1590 734 μάλα
1631 675 1817 740 σαφῶς,
1858 670 1969 723 ὅτιὸ

339 756 415 805 καὶ
466 755 491 804 ὁ
536 752 732 822 σφόδρα
776 751 955 806 τέλειος
999 754 1048 803 ἐν
1093 753 1359 819 ἀνθρώποις
1404 752 1718 816 ὑποπτευθεὶς,
1764 751 1928 817 νήπιός

337 839 441 887 ἐστι
484 833 614 901 παρὰ
658 839 724 904 τῷ
765 838 886 903 Θεῷ,
932 837 1008 885 καὶ
1052 834 1236 903 βραχὺς
1280 834 1364 890 τὰς
1408 836 1597 904 φρένας.
1672 836 1721 886 τί
1759 833 1854 901 γὰρ
1899 834 1927 898 ἡ

337 918 590 985 ἀνθρώπου
621 917 817 970 σύνεσις
852 919 914 970 ὡς
946 917 1066 983 πρὸς
1099 916 1186 981 τὴν
1217 922 1310 968 τῶν
1336 920 1464 968 ὅλων
1489 922 1689 984 τεχνῖτιν
1715 918 1924 986 σοφίαν,

114 996 168 1027 Ps.
182 997 274 1027 lxxii.

116 1049 167 1070 22.
297 1023 318 1050 e
337 999 413 1050 διὰ
447 998 586 1050 τοῦτό
622 1023 691 1052 τις
720 998 935 1067 ψάλλων
961 997 1095 1065 ἐ’λεγε
1122 998 1241 1065 πρὸς
1269 999 1394 1050 Θεόν
1420 1006 1447 1028 “
1471 999 1730 1063 Κτηνώδης
1761 998 1922 1064 ἐγενή-

337 1089 364 1112 “
391 1085 479 1145 θην
503 1081 633 1148 παρὰ
660 1081 786 1132 σοί.”
829 1083 903 1131 καὶ
939 1083 1042 1149 οὐχὶ
1081 1080 1270 1135 πάντως
1305 1084 1400 1148 ε’ρεῖ
1429 1105 1498 1135 τις
1533 1081 1575 1132 εἴ
1595 1104 1650 1148 γε
1677 1087 1785 1132 νοῦν
1812 1081 1925 1148 ἔχοι,
1951 1098 1999 1123 10

336 1163 411 1214 διὰ
444 1169 526 1214 τοῦ
559 1166 885 1226 κεκολλῆσθαι
920 1167 987 1232 τῷ
1021 1167 1128 1232 Θεῷ
1168 1163 1380 1228 κτηνώδη
1416 1164 1644 1230 λέγεσθαι
1678 1162 1760 1214 τὸν
1786 1163 1926 1232 ψάλ-

335 1252 499 1297 λοντα·
543 1246 612 1310 εἰἠ
640 1244 733 1312 γὰρ
759 1244 817 1296 ἂν
843 1251 982 1296 τοῦτο
1017 1245 1185 1312 πικρὸν
1212 1249 1295 1310 τῆς
1332 1247 1456 1299 θείας
1492 1246 1684 1313 φύσεως
1719 1244 1925 1310 κατηγό-

334 1351 477 1393 ρημα,
505 1330 580 1378 καὶ
618 1327 812 1392 πολλὴν
849 1327 906 1379 ἂν
940 1328 1049 1396 ε”χον
1084 1330 1235 1397 ὁρῷτο
1275 1327 1360 1392 τὴν
1391 1329 1604 1379 ἀτοπίαν.
1658 1328 1683 1378 ὁ
1721 1326 1807 1391 μὲν
1835 1327 1928 1394 γὰρ

336 1410 571 1480 ἀνθρώπῳ
610 1410 912 1472 κολλώμενος
952 1415 1095 1480 σοφῷ
1134 1412 1209 1461 καὶ
1248 1411 1359 1476 παρ’
1394 1411 1519 1480 αὐτῷ
1557 1408 1815 1475 γινόμενος·
1862 1411 1934 1460 δεῖ

334 1491 427 1557 γὰρ
468 1490 594 1555 οἶμαι
633 1489 719 1555 τὴν
754 1492 887 1560 λέξιν
923 1498 1005 1543 τοῦ
1043 1496 1247 1561 ψαλμοῦ
1287 1492 1691 1559 συναρμόσασθαι
1729 1490 1804 1542 διὰ
1842 1490 1928 1555 τὴν
1950 1508 1997 1547 15

336 1574 516 1640 χρείαν·
559 1574 797 1639 κτηνώδης
830 1575 912 1625 οὐκ
947 1572 1004 1625 ἂν
1030 1573 1210 1640 γένοιτό
1245 1598 1371 1637 ποτε,
1398 1577 1618 1642 ἀγχίνους
1655 1572 1704 1624 δὲ
1737 1578 1928 1637 μᾶλλον

337 1658 413 1705 καὶ
448 1656 645 1709 συνετὸς
677 1658 752 1706 καὶ
788 1656 950 1723 δριμὺς
986 1660 1049 1710 εἷς
1083 1655 1334 1724 φρόνησιν.
1388 1662 1425 1707 εἰ
1459 1657 1507 1708 δὲ
1544 1657 1600 1721 δὴ
1635 1662 1774 1707 τοῦτο
1809 1657 1927 1722 φαίη

111 1748 196 1787 '747
208 1748 259 1784 Α.
295 1758 318 1783 a
337 1759 406 1790 τις
433 1736 491 1788 ἂν
518 1740 592 1788 καὶ
620 1737 754 1802 μάλα
779 1738 965 1791 δικαίως
998 1738 1225 1806 ὑπάρχειν
1251 1738 1438 1802 ἀληθὲς,
1465 1744 1565 1793 πῶς
1591 1740 1673 1790 οὐκ
1700 1737 1758 1789 ἂν
1783 1738 1927 1789 οἴοιτο

336 1824 512 1885 ληρεῖν,
540 1818 622 1870 τὸν
654 1818 690 1889 ῷ
728 1843 781 1885 γε
813 1819 1017 1886 πάρεστι
1052 1825 1258 1887 φρονεῖν,
1291 1820 1361 1871 ὅτι
1400 1821 1639 1886 κτηνώδης
1677 1820 1812 1871 ἔσται
1851 1822 1927 1871 καὶ

334 1901 474 1956 ἄνους
511 1903 535 1952 ὁ
569 1904 678 1969 παρ’
706 1904 848 1953 αὐτοῦ
882 1902 1131 1968 γενόμενος
1165 1907 1223 1971 τῇ
1260 1905 1415 1972 σοφίᾳ
1450 1910 1533 1955 τοῦ
1562 1908 1720 1965 Θεοῦ;
1769 1904 1819 1954 τί
1845 1903 1927 1953 οὖν
1949 1925 1996 1950 20

333 1984 440 2049 ἄρα,
468 1987 634 2052 φησὶν,
660 1984 731 2035 ὅτι
769 1986 843 2035 καὶ
884 1986 909 2034 ὁ
945 1985 1054 2035 λίαν
1087 1984 1244 2054 σοφὸς
1282 1986 1330 2035 ἐν
1362 1985 1641 2052 ἀνθρώποις,
1676 1988 1713 2036 εἰ
1750 1990 1808 2052 τῇ
1844 1990 1927 2035 τοῦ

335 2070 462 2117 Θεοῦ
490 2069 644 2137 σοφίᾳ
670 2068 985 2134 συγκρίνοιτο,
1012 2068 1253 2132 κτηνώδης
1287 2091 1336 2118 τε
1371 2067 1435 2118 ὢν
1462 2068 1743 2136 ὀφθήσεται,
1771 2069 1847 2118 καὶ
1879 2068 1927 2118 ἐν
1960 2067 1964 2070 ⁷

335 2154 430 2203 τοῖς
470 2151 553 2200 οὐκ
591 2151 755 2217 ε”χουσι
796 2155 904 2200 νοῦν
944 2149 1291 2215 λογισθήσεται
1312 2171 1324 2211 ;
1377 2150 1520 2213 ὅνπερ
1559 2150 1652 2216 γὰρ
1691 2150 1867 2215 τρόπον
1901 2149 1925 2198 ὁ

335 2231 616 2296 μικρότατος
666 2235 761 2281 τῶν
806 2230 1020 2295 ἀστέρων
1066 2231 1150 2280 οὐκ
1194 2230 1253 2280 ἀν
1297 2236 1398 2284 ταῖς
1448 2232 1584 2295 ἡλίου
1635 2231 1924 2299 φιλονεικοίη

289 2318 316 2357 b
335 2316 520 2374 βολαῖς,
548 2313 657 2361 ἀλλ’
687 2310 792 2362 οὐδὲ
818 2312 952 2364 λίθος
979 2313 1003 2361 ὁ
1029 2310 1179 2376 βαρὺς
1206 2312 1300 2377 ὄρει
1335 2316 1401 2381 τῷ
1431 2312 1623 2364 πάντων
1650 2314 1918 2382 ὑπερφερεῖ,
1944 2333 1992 2371 25

335 2394 481 2446 οὕτως
507 2393 770 2460 ἀνθρώπων
795 2394 987 2445 σύνεσις
1025 2394 1107 2443 οὐκ
1139 2392 1196 2443 ἂν
1223 2393 1410 2445 δύναιτό
1445 2418 1560 2445 ποτε
1595 2398 1653 2462 τῇ
1687 2400 1770 2445 τοῦ
1797 2398 1922 2446 Θεοῦ

333 2475 489 2543 σοφίᾳ
537 2476 893 2542 συγκρίνεσθαι,
938 2478 1132 2538 μᾶλλον
1173 2474 1221 2526 δὲ
1272 2475 1404 2527 οὐδὲν
1448 2476 1573 2531 ὅλως
1623 2477 1758 2527 ε”σται
1804 2476 1923 2542 πρὸς

332 2558 509 2620 ἐκείνην
535 2561 794 2610 παντελῶς.
849 2559 1021 2608 τεκνίον
1046 2557 1127 2606 οὖν
1152 2558 1243 2623 ἄρα
1270 2560 1344 2608 καὶ
1376 2559 1401 2608 ὁ
1433 2557 1626 2612 τέλειος.

410 2641 574 2707 Μικρὸν
600 2637 750 2704 γεμὴν
777 2639 835 2689 ἔτι
865 2641 1006 2704 χρόνον
1033 2639 1325 2690 συνέσεσθαι
1360 2645 1457 2694 τοῖς
1491 2641 1656 2691 ἑαυτοῦ
1690 2645 1921 2704 μαθηταῖς

382 2819 412 2842 2.
437 2809 563 2855 βρέφει
583 2810 624 2843 Ε.
770 2811 800 2844 8.
829 2811 983 2855 τεχνίτην
1002 2810 1044 2844 Ε.
1188 2823 1220 2855 9.
1247 2812 1373 2855 ψάλων
1392 2812 1433 2846 Ε.
1574 2823 1626 2854 14.
1653 2810 1857 2857 κολλωμένῳ
1875 2811 1918 2845 Ε.

334 2862 371 2887 ut
389 2855 533 2890 adnotat
550 2862 583 2890 et
602 2856 697 2891 Aub.
868 2857 918 2891 16.
945 2858 984 2891 ἂν
1000 2856 1150 2902 γένοιτό]
1170 2858 1332 2902 ἐγενόμην
1349 2859 1390 2893 Ε.
1560 2867 1612 2902 17.
1639 2858 1675 2891 δέ
1693 2863 1918 2901 assumptum

331 2912 371 2933 ex
394 2902 433 2935 E.
618 2914 669 2947 19.
697 2904 811 2947 ληρεῖν
833 2904 872 2938 E.
891 2905 1005 2948 ληρῶν
1022 2903 1090 2938 Ed.
1179 2905 1242 2938 ὧδε
1262 2904 1303 2938 Ε.
1484 2915 1539 2939 20.
1566 2904 1669 2938 αὐτοῦ
1687 2904 1728 2938 Ε.
1747 2904 1830 2948 αὐτῇ
1850 2903 1916 2938 Ed.

334 2947 386 2980 28.
415 2947 472 2981 οὖν
490 2956 713 2993 azsumptum
732 2962 773 2983 ex
793 2950 834 2984 E.
