2037 3266
311 138 395 178 476
714 139 765 179 Β.
799 136 1077 178 CYRILLI
1119 135 1501 177 ALEXANDR.
1730 135 1814 176 xiv.
1835 147 1900 178 20.

316 247 421 296 καθ’
463 246 584 310 ἡμᾶς
627 245 796 314 χρόνος
840 247 888 297 ἐν
929 250 995 315 τῷ
1045 247 1206 310 μηδενὶ
1257 245 1453 297 τέθειται
1503 248 1765 297 παντελῶς·
1828 246 1903 294 καὶ

92 320 255 402 {X3X5X4
315 326 608 394 μαρτυρήσει
634 327 788 394 λέγων
815 329 840 379 ὁ
867 327 1081 397 μελῳδός
1108 335 1134 356 “
1153 327 1270 378 (Ότι
1296 328 1431 394 χίλια
1457 327 1535 391 ε”τη
1561 327 1610 377 ἐν
1636 326 1905 394 ὀφθαλμοῖς

318 415 344 438 “
370 432 477 472 σου,
507 409 665 477 Κύριε,
693 413 754 463 ὡς
791 409 940 475 ἡμέρα
974 409 1002 472 ἡ
1037 409 1148 478 χθὲς
1183 409 1283 474 ἥτις
1318 412 1495 473 διῆλθε,
1524 410 1600 459 καὶ
1632 405 1825 476 φυλακὴ
1858 407 1906 457 ἐν

318 497 345 520 “
372 493 514 542 νυκτί.
524 493 547 508 ”

252 649 388 691 2οἸΞν
416 650 557 708 ἐκείνῳ
595 655 645 708 τῇ
686 651 825 709 ἡμέρᾳ
864 648 981 699 ὑμεῖς
1020 649 1234 698 Γνώσεσθε
1272 652 1337 693 ὅτι
1372 651 1456 698 ὲΓὼ
1490 651 1534 691 ἐν
1567 652 1629 704 τῷ
1657 648 1793 706 Πατρί
1825 655 1950 697 μου5

698 735 766 775 καὶ
805 731 923 783 ὑμεῖς
960 734 1005 776 ἐν
1041 734 1139 782 ἐμοὶ
1177 733 1295 781 misc»
1330 733 1376 775 ἐν
1416 730 1524 781 ὑμῖν.

97 859 175 893 816
190 857 241 892 A·
280 868 301 891 a
394 847 701 915 Δυσέφικτον
733 849 818 911 μέν
847 871 948 902 πως
985 850 1089 899 ἐστὶ
1127 847 1181 899 τὸ
1220 850 1267 899 ἐν
1298 852 1394 901 τοῖς
1431 845 1748 914 προκειμένοις
1787 844 1904 897 θεώ-

317 951 464 994 ρημα,
495 930 570 979 καὶ
607 933 815 995 δριμεῖαν
841 928 1006 996 ὥσπερ
1030 931 1245 999 ἐξαιτοῦν
1270 929 1343 998 ἐφ’
1372 930 1521 999 ἑαυτῷ
1555 928 1640 993 τὴν
1666 928 1905 991 βάσανον,

318 1010 456 1061 ὅκνον
482 1034 532 1061 τε
568 1013 634 1081 τῷ
669 1011 802 1081 λόγῳ
840 1018 1113 1079 περιποιοῦν
1139 1012 1440 1075 ἱκανώτατον,
1467 1010 1722 1079 κατευθύνῃ
1761 1009 1910 1076 γεμὴν

319 1092 389 1143 ὅτι
424 1091 572 1144 πάλιν
606 1094 728 1158 ἡμᾶς
763 1098 826 1148 εἷς
861 1094 1087 1159 ἀλήθειαν
1119 1096 1144 1145 ὁ
1180 1093 1410 1160 Χριστὸς,
1438 1092 1739 1157 πιστεύομεν.
1791 1091 1908 1146 τινὲς
1933 1116 1981 1141 10

317 1173 403 1237 μὲν
429 1175 528 1238 οὖν,
559 1177 707 1227 καίτοι
734 1180 829 1227 τῶν
854 1177 1079 1244 προῦχειν
1105 1175 1477 1245 ὑποληφθέντων
1502 1174 1617 1227 ποτὲ
1649 1173 1779 1240 παρὰ
1814 1179 1909 1228 τοῖς

318 1258 527 1311 ἀνοσίοις
563 1261 823 1325 αἱρετικοῖς,
847 1258 1210 1325 παραιτούμενοι
1236 1262 1453 1325 πονηρῶς
1480 1257 1534 1309 Τὸ
1560 1258 1609 1308 ἐκ
1636 1259 1718 1320 τῆς
1746 1256 1910 1311 οὐσίας

318 1344 401 1389 τοῦ
440 1343 566 1391 Θεοῦ
607 1343 683 1391 καὶ
728 1340 921 1407 Πατρὸς
967 1342 1220 1406 ὁμολογεῖν
1264 1340 1344 1391 τὸν
1384 1339 1516 1403 Υἱὸν,
1557 1339 1632 1390 διά
1676 1361 1725 1390 τε
1770 1344 1910 1389 τοῦτο

321 1422 545 1489 ὑπάρχειν
575 1424 624 1473 ἐν
655 1424 780 1493 αὐτῷ
819 1422 1045 1491 σχετικήν
1075 1446 1179 1474 τινα
1212 1424 1288 1474 καὶ
1323 1423 1377 1473 οὐ
1412 1420 1622 1491 φυσικὴν
1654 1422 1910 1472 ὑπονοοῦσι

274 1503 406 1567 ὓτὴν
449 1504 633 1567 ἕνωσιν,
674 1507 751 1555 καὶ
802 1505 859 1569 δὴ
912 1507 987 1556 καὶ
1040 1504 1387 1574 γεγραφήκασι,
1429 1503 1489 1554 τὰ
1529 1506 1579 1554 ἐκ
1621 1506 1704 1567 τῆς
1744 1503 1910 1556 οἰκείας
1934 1521 1981 1559 15

321 1586 613 1651 ἐρευγόμενοι
640 1587 844 1652 γνώμης,
872 1588 924 1637 οῦ
952 1586 1011 1637 τὰ
1037 1587 1094 1656 ἐξ
1116 1586 1285 1651 Ἀγίου
1314 1585 1602 1649 Πνεύματος,
1630 1587 1691 1639 ὡς
1725 1585 1912 1650 ἐπείπερ

322 1669 563 1733 ἀγαπᾶται
589 1669 674 1733 μὲν
700 1671 724 1719 ὁ
751 1669 864 1723 Υἱὸς
890 1668 1020 1734 παρὰ
1046 1674 1128 1719 τοῦ
1158 1667 1361 1734 Πατρὸς,
1390 1669 1555 1737 ἀγαπᾷ
1589 1667 1637 1719 δὲ
1673 1667 1731 1718 αὖ
1765 1665 1913 1718 πάλιν

324 1749 463 1804 αὐτὸς
501 1750 583 1801 τὸν
612 1752 817 1816 Πατέρα,
854 1750 973 1801 κατὰ
1011 1751 1177 1801 τοῦτόν
1213 1752 1316 1800 ἐστι
1356 1750 1438 1800 τὸν
1473 1750 1650 1817 τρόπον
1685 1751 1732 1800 ἐν
1767 1750 1909 1817 αὐτῷ.

324 1833 400 1882 καὶ
439 1831 679 1901 ἀπόδειξιν
716 1832 880 1899 ὥσπερ
919 1832 1024 1883 τινὰ
1064 1831 1452 1899 δυσανάτρεπτον
1489 1832 1836 1898 εἷσκομίζουσιν
1871 1833 1913 1881 οἱ

324 1915 629 1983 παράφρονες
655 1913 708 1965 τό
741 1938 789 1966 τε
826 1919 892 1984 τῷ
927 1915 1216 1984 προκειμένῳ
1242 1913 1610 1981 παρεζευγμένον
1634 1916 1779 1983 ῥητῷ,
1807 1912 1918 1979 περί
1935 1938 1984 1963 20

101 2035 213 2066 xxxvi.
230 2034 259 2066 6.
325 2018 373 2046 τε
401 1997 533 2059 ἡμῶν
560 1999 635 2048 καὶ
661 1997 822 2048 αὐτοῦ·
865 2000 940 2048 καὶ
968 1995 1024 2060 δή
1060 1997 1139 2047 καί
1171 2000 1296 2066 φασι
1332 1996 1596 2060 καλαμίνην
1622 1995 1785 2062 ὥσπερ
1810 1993 1914 2046 τινὰ

325 2078 505 2145 ῥάβδον
539 2084 638 2132 ταῖς
677 2081 854 2130 ἑαυτῶν
894 2078 1254 2143 ὑποστήσαντες
1299 2079 1601 2147 δυσφημιάις,
1642 2077 1713 2128 ὅτι
1750 2075 1913 2142 ὥσπερ

287 2161 456 2224 οὴμεῖς
495 2163 542 2211 ἐν
577 2162 702 2230 αὐτῷ
741 2159 855 2211 εῖναι
893 2159 1143 2226 λεγόμεθα,
1172 2160 1339 2227 ἔχομέν
1373 2182 1421 2210 τε
1461 2159 1603 2211 αὐτὸν
1635 2161 1683 2210 ἐν
1721 2161 1912 2221 ἑαυτοῖς,

327 2244 402 2292 καὶ
435 2243 488 2292 οὐ
525 2241 643 2293 κατὰ
678 2241 760 2293 τὸν
786 2246 868 2306 τῆς
903 2242 1067 2296 οῦσιάς
1102 2240 1249 2307 λόγον
1276 2241 1514 2304 ἑνούμεθα,
1541 2241 1714 2308 τρόπος
1749 2241 1796 2292 δὲ
1832 2243 1915 2303 τῆς

326 2323 551 2384 ἑνώσεως,
597 2323 719 2374 καθὰ
762 2322 1038 2391 πεφύκαμεν
1082 2325 1272 2388 ἀγαπᾶν
1313 2345 1363 2373 τε
1409 2324 1484 2373 καὶ
1528 2325 1909 2388 ἀνταγαπᾶσθαι·
1934 2342 1982 2381 25

327 2407 463 2467 οὕτω,
489 2406 625 2473 φησὶ,
654 2406 729 2454 καὶ
769 2405 793 2454 ὁ
829 2404 958 2466 Υἱὸς,
987 2404 1069 2454 οὐκ
1107 2405 1155 2454 ἐν
1189 2406 1246 2471 τῇ
1286 2404 1427 2473 οὐσία
1463 2403 1651 2458 πάντως
1689 2405 1791 2454 ἐστὶ
1830 2409 1913 2454 τοῦ

329 2491 455 2538 Θεοῦ
493 2489 568 2537 καὶ
602 2486 805 2553 Πατρὸς,
837 2486 1177 2553 διακεκριμένος
1211 2485 1259 2537 δὲ
1298 2490 1542 2540 παντελῶς
1583 2486 1706 2537 κατοῖ
1739 2508 1793 2551 γε
1831 2484 1913 2536 τὸν

328 2572 410 2634 τῆς
451 2570 642 2638 φύσεως
680 2569 842 2635 λόγον,
874 2571 948 2619 καὶ
988 2569 1197 2634 ἑτεροίως
1236 2568 1356 2636 ἔχων
1395 2570 1576 2636 κομιδῇ,
1613 2567 1732 2620 κατὰ
1769 2566 1915 2632 μόνον

329 2650 412 2702 τὸν
438 2655 520 2713 τῆς
547 2650 734 2717 ἀγάπης
761 2650 940 2714 θεσμὸν
968 2655 1151 2713 νοεῖται,
1169 2652 1334 2719 φησὶν,
1352 2652 1400 2701 ἐν
1427 2654 1492 2720 τῷ
1519 2651 1687 2717 Πατρί.
1733 2647 1915 2703 σκοπὸς

330 2734 424 2800 γὰρ
451 2735 620 2797 αὐτοῖς,
648 2731 858 2799 καθάπερ
884 2732 1065 2801 ἔφαμεν
1091 2733 1274 2798 ἀρτίως,
1301 2733 1480 2797 ποιήμα
1515 2735 1590 2784 καὶ
1626 2732 1804 2796 κτίσμα
1837 2734 1913 2784 καὶ
1933 2752 1983 2789 3ο

378 2902 410 2933 9.
437 2892 623 2934 περιποιεῖν
642 2890 682 2924 E.
815 2901 867 2924 12.
894 2892 1047 2933 πονηρῶς
1068 2889 1148 2923 E.F.
1170 2889 1234 2923 Ed.
1255 2901 1326 2932 mg.
1344 2890 1490 2933 πονηρὸς
1509 2889 1575 2923 Ed.
1698 2900 1752 2923 21.
1779 2889 1832 2923 καὶ
1850 2889 1914 2923 ult.

331 2944 553 2981 assumptum
571 2949 611 2970 ex
634 2937 672 2970 Ε.
818 2947 874 2979 25.
899 2937 1032 2981 ἀγαπᾶν
1049 2934 1102 2981 τε]
1123 2936 1273 2981 ἀγαπᾶτε
1295 2936 1335 2970 Ε.
