2037 3266
103 1219 187 1260 Eph.
204 1220 237 1252 ii.

107 1274 115 1294 1
128 1273 155 1294 2.

106 1376 263 1409 1S.Joan.

102 1431 137 1450 11.
152 1429 202 1458 22,
215 1430 264 1461 23.

327 122 412 161 450
731 122 782 162 B.
816 121 1090 176 CYRILLI
1132 123 1510 164 ALEXANDR.
1746 122 1917 164 xiv.11.

326 270 355 292 ,,
383 228 529 293 ὄντες,
577 232 723 297 ἀμιγῆ
773 231 891 298 πρὸς
943 230 1084 283 αὐτὸν
1133 232 1301 300 ἔχομεν
1351 232 1437 297 τὴν
1489 230 1774 285 ὑπόστασιν·
1837 230 1920 281 τὸν

326 352 354 373 ,,
382 312 525 363 αὐτὸν
557 313 735 380 τρόπον
769 317 845 365 καὶ
884 316 908 365 ὁ
945 313 1058 368 Υἱὸς
1098 317 1146 365 ἐν
1179 319 1245 383 τῷ
1283 317 1438 382 Πατρὶ
1476 313 1738 382 τυγχάνων,
1766 316 1917 381 διακεῇ

326 435 353 457 ,,
382 394 602 461 κριμένην
639 401 720 447 τοῦ
760 395 1017 462 ἀγεννήτου
1053 400 1178 448 Θεοῦ
1217 397 1310 464 ἔχει
1349 395 1433 461 τὴν
1469 394 1683 447 οὐσίαν.”
1722 396 1770 446 τί
1805 393 1917 463 φῂς,

326 477 651 544 ἐμβρόντητε;
711 477 897 543 γυμνὴν
948 481 1070 530 οὕτω
1121 479 1207 541 τὴν
1259 483 1320 533 εὶς
1371 480 1454 530 τὸν
1496 478 1615 530 Υἱὸν
1662 479 1920 541 πεποίησαι

326 561 638 628 δυσφημίαν;
699 558 771 626 ἆρ’
820 562 901 611 οὖν
952 560 1017 624 μὴ
1075 561 1285 612 διάκενον
1334 563 1429 627 ἐρεῖ
1473 585 1541 616 τις
1593 560 1920 627 συκοφαντίαν

325 647 546 709 καταχεῖν
598 642 719 706 ἡμᾶς
769 643 1043 708 ἐπείγεσθαι
1094 645 1177 707 τῆς
1224 648 1319 694 τῶν
1371 642 1618 711 θεομάχων
1669 644 1915 711 κεφαλῆς;

326 723 425 774 ἰδοὺ
464 723 556 790 γὰρ
595 729 784 793 σαφῶς,
820 723 952 776 οὐδὲν
987 725 1112 780 ὅλως
1151 724 1204 776 τὸ
1243 730 1408 777 πλεῖον
1443 726 1761 787 ἀπονέμουσιν
1795 725 1921 792 αὐτῷ

282 810 308 851 b
325 810 420 857 τῶν
469 805 563 857 ἀπὸ
615 809 703 872 γῆς
755 806 1023 873 γεγονότων
1075 809 1150 858 καὶ
1211 809 1266 858 δι’
1320 809 1463 858 αὑτοῦ
1517 807 1636 874 πρὸς
1693 806 1747 858 τὸ
1806 804 1919 856 εἶναι

325 889 758 955 παρενηνεγμένων.
828 888 920 955 ἐγὼ
960 889 1008 940 δὲ
1054 891 1204 941 καίτοι
1246 890 1356 940 λιάν
1395 890 1646 958 ἀφορήτως
1687 890 1807 956 ἔχων
1845 887 1918 956 ἐφ’

325 969 392 1024 οἷς
419 974 561 1022 εἰπεῖν
588 974 626 1022 οἱ
656 972 852 1022 δείλαιοι
879 971 1248 1036 τετολμήκασιν,
1275 973 1420 1023 ἐκεῖνο
1452 972 1601 1040 δεῖξαι
1632 970 1920 1038 πειράσομαι

325 1057 392 1122 τῷ
433 1057 603 1123 σκοπῷ
644 1052 793 1104 πάλιν
832 1053 1062 1117 ἑπόμενον
1100 1057 1183 1117 τῆς
1222 1055 1347 1108 θείας
1388 1057 1593 1124 γραφῆς,
1634 1056 1695 1108 ὡς
1733 1053 1920 1119 ἐπείπερ

327 1136 577 1201 ἀρνοῦνται
617 1133 700 1187 τὸν
725 1136 856 1198 Υἱὸν,
885 1135 1253 1202 συνηρνήσαντο
1288 1136 1370 1187 τὸν
1397 1136 1605 1201 Πατέρα,
1636 1138 1712 1187 καὶ
1751 1135 1920 1186 λοιπόν

327 1220 447 1268 εἶσιν
473 1217 617 1280 ἄθεοι,
645 1220 720 1268 καὶ
749 1219 920 1269 ἐλπίδα
947 1217 1012 1282 μὴ
1045 1218 1229 1285 ἔχοντες
1263 1220 1310 1269 ἐν
1337 1222 1455 1288 τῷδε
1490 1222 1555 1287 τῷ
1591 1217 1772 1287 κόσμῳ,
1801 1216 1920 1268 κατὰ

327 1299 381 1350 τὸ
409 1300 752 1367 γεγραμμένον.
806 1302 881 1351 καὶ
909 1300 978 1351 ὅτι
1006 1298 1162 1367 φαμὲν
1188 1304 1360 1363 καλῶς,
1391 1300 1574 1364 ἀληθὴς
1607 1299 1784 1366 μάρτυς
1811 1301 1919 1364 ἡμῖν

327 1382 605 1447 εἰσβήσεται
635 1384 660 1433 ὁ
693 1382 921 1449 θεοφιλὴς
947 1381 1170 1446 Ἰωάννης
1203 1382 1461 1450 γεγραφὼς
1495 1382 1583 1433 ὡδί
1604 1389 1631 1411 “
1654 1383 1717 1433 Ὁ
1744 1382 1914 1448 ἀρνού-

328 1471 355 1493 “
381 1487 520 1527 μενος
558 1464 641 1515 τὸν
671 1465 863 1530 Πατέρα
903 1466 980 1515 καὶ
1018 1463 1101 1515 τὸν
1128 1464 1262 1515 Υἱόν·
1310 1469 1402 1518 πᾶς
1448 1466 1473 1515 ὁ
1514 1464 1797 1531 ἀρνούμενος
1835 1463 1919 1514 τὸν

288 1565 310 1594 c
328 1553 354 1576 ‘⁶
380 1546 497 1597 Υὶὸν
524 1547 629 1597 οὐδὲ
655 1547 737 1597 τὸν
766 1547 958 1612 Πατέρα
985 1546 1093 1613 ἔχει·
1138 1547 1163 1596 ὁ
1196 1548 1448 1613 ὁμολογῶν
1473 1545 1556 1597 τὸν
1582 1545 1699 1597 Υὶὸν
1725 1548 1800 1598 καὶ
1836 1544 1919 1597 τὸν

327 1636 355 1658 “
384 1629 578 1695 Πατέρα
618 1627 754 1697 {kens
799 1629 950 1694 ὀρθῶς
991 1629 1046 1678 δέ
1078 1651 1149 1679 τοι
1189 1629 1299 1679 λίαν
1338 1630 1363 1679 ὁ
1401 1626 1804 1697 πνευματοφόρος,
1843 1631 1919 1678 καὶ

326 1714 408 1775 τῆς
447 1714 513 1780 τῷ
552 1710 684 1779 λόγῳ
718 1710 996 1777 πρεπούσης
1034 1712 1263 1776 ἁρμονίας
1299 1711 1383 1761 οὐκ
1418 1711 1510 1778 ἔξω
1541 1712 1682 1764 τιθεὶς
1713 1710 1766 1760 τὸ
1798 1709 1915 1761 θεώ-

326 1816 470 1859 ρημα.
539 1792 694 1856 ἐπειδὴ
740 1792 835 1859 γὰρ
881 1790 1004 1843 οἶδεν
1050 1794 1133 1843 οὐκ
1179 1792 1374 1856 ὀνόματι
1419 1792 1580 1855 μόνον,
1623 1793 1830 1860 ἐνεργείᾳ
1872 1789 1919 1841 δὲ

326 1880 532 1939 μᾶλλον,
556 1874 671 1941 ὅπερ
699 1873 813 1926 εἶναι
841 1878 915 1925 καὶ
944 1874 1146 1939 λέγεται,
1164 1874 1395 1937 τουτέστι,
1419 1873 1602 1939 Πατὴρ,
1625 1873 1744 1924 κατὰ
1771 1872 1919 1942 φύσιν

330 1956 617 2024 ὑπάρχοντα,
669 1958 934 2021 ἀναγκαίως
986 1956 1383 2025 συνεξαρνεῖσθαί
1435 1960 1589 2024 φησιν
1640 1955 1779 2024 ἑτέρῳ
1837 1955 1919 2006 τὸν

329 2039 500 2105 ἕτερον,
557 2039 881 2106 συνειστρέχει
920 2038 1014 2103 γάρ
1052 2062 1153 2092 πως
1192 2039 1260 2088 ἀεὶ
1291 2042 1358 2107 τῷ
1391 2061 1444 2103 γε
1481 2037 1580 2089 ὄντι
1616 2036 1735 2088 κατὰ
1769 2037 1920 2104 φύσιν

329 2123 405 2172 καὶ
436 2121 669 2191 νοουμένῳ
699 2123 856 2185 Πατρὶ
890 2127 974 2172 τοῦ
1011 2119 1330 2186 προελθόντος
1364 2120 1422 2188 ἐξ
1453 2121 1595 2170 αὐτοῦ
1631 2118 1920 2184 γεννήματος

329 2203 357 2266 ἡ
385 2203 566 2267 γνῶσίς
592 2226 641 2253 τε
669 2205 745 2253 καὶ
775 2201 1003 2266 δήλωσις,
1031 2204 1106 2252 καὶ
1143 2206 1209 2270 τῷ
1242 2202 1512 2266 γεννηθέντι
1545 2200 1664 2251 κατὰ
1694 2199 1918 2264 ἀλήθειαν

286 2299 314 2340 d
331 2283 385 2334 τὸ
411 2290 494 2334 τοῦ
518 2285 686 2334 τίκτειν
710 2283 979 2351 πεφυκότος
1004 2288 1347 2334 συνεπινοεῖται
1373 2281 1649 2348 πρόσωπον.
1701 2279 1800 2344 ἅμα
1825 2281 1918 2348 γάρ

330 2388 400 2419 τις
438 2365 558 2430 ε”γνω
599 2365 807 2431 Πατέρα,
845 2368 1049 2428 συνῆκεν
1085 2364 1156 2415 ὅτι
1195 2364 1459 2429 γεγέννηκε,
1495 2365 1570 2414 καὶ
1610 2367 1647 2414 εἰ
1685 2363 1827 2427 μάθοι
1863 2364 1917 2414 τὸ

331 2446 554 2512 γέννημα,
576 2448 857 2497 διακείσεται
882 2445 1072 2500 πάντως
1099 2446 1169 2496 ὅτι
1195 2444 1374 2512 πατρὸς
1400 2445 1544 2514 ἐξέφυ
1570 2443 1706 2499 τινός.
1752 2447 1918 2495 οὐκοῦν

332 2530 388 2578 δι’
416 2530 596 2597 ἀμφοῖν
627 2533 722 2581 τοῖς
759 2528 1070 2595 ἀκροωμένοις
1109 2528 1136 2591 ἡ
1176 2528 1394 2593 ἑκατέρου
1432 2531 1609 2592 γνῶσις
1647 2526 1913 2577 ἐντίκτεται·

1939 577 1960 616 Ul

1943 996 1990 1021 10

1939 1817 1989 1842 20

333 2613 408 2661 καὶ
442 2609 768 2676 ἀρνησάμενος
801 2611 886 2674 μέν
913 2633 996 2671 τις,
1025 2609 1096 2660 ὅτι
1125 2608 1294 2674 Πατήρ
1332 2611 1463 2659 ἐστιν
1490 2611 1680 2672 ἀληθῶς
1713 2609 1738 2658 ὁ
1773 2607 1912 2669 Θεὸς,
1937 2633 1986 2669 30

333 2691 670 2758 συναναιρήσει
708 2692 895 2746 πάντως
933 2690 1019 2755 τὴν
1057 2696 1138 2741 τοῦ
1177 2694 1295 2741 Υἱοῦ
1331 2691 1569 2756 γέννησιν·
1625 2689 1830 2756 γέννημα
1868 2688 1917 2739 δὲ

381 2849 413 2881 3.
443 2837 553 2881 Legas
571 2836 732 2881 ἀγενήτου
751 2837 807 2871 hio
824 2843 857 2870 et
875 2836 969 2870 alibi.
1087 2835 1120 2870 6.
1148 2837 1334 2881 κατασχεῖν
1352 2836 1394 2870 E.
1519 2848 1531 2869 1
1543 2847 1570 2869 1.
1597 2836 1760 2883 ἑπόμενον
1778 2834 1819 2868 Ε.
1837 2835 1915 2868 ἑπό-

333 2898 413 2926 μενα
432 2884 525 2918 Aub.
543 2885 703 2928 ἑπόμενος
720 2883 881 2917 emendat
900 2884 1034 2928 Migue.
1172 2894 1224 2918 12.
1251 2883 1488 2927 συνηρνὴσιιτο
1507 2883 1548 2916 Ε.
1687 2881 1740 2914 18.
1765 2881 1855 2926 ἔχειν
1874 2881 1914 2914 E.

333 2944 383 2963 τοι
404 2930 444 2963 Ε.
463 2945 494 2963 τι
513 2929 578 2963 Ed.
724 2939 778 2974 27.
804 2930 905 2974 μάθοι
926 2929 963 2963 F.
980 2930 1078 2972 μάθει
1098 2929 1165 2963 Ed.
