2022 3272
82 141 164 183 xiv.
186 145 223 184 8.
461 147 534 187 IN
576 147 617 187 S.
653 147 991 187 ιΙΟΛΝΝΤῙΜ.
1062 148 1181 187 ῘιῖΙζ.
1219 148 1293 187 IX.
1589 147 1672 186 -117

156 253 350 318 Ἐπειδὴ
387 256 543 306 τοίνυν
568 256 767 319 ἔμελλεν
794 257 926 322 ἐρεῖν,
955 255 1026 306 ὅτι
1062 257 1116 307 οὐ
1149 256 1294 319 μόνον
1321 255 1552 320 ἐγνώκατε
1591 253 1672 303 τὸν

83 335 290 401 Πατέρα,
330 337 442 387 ἀλλ’
483 337 554 388 ὅτι
598 342 674 389 καὶ
723 338 963 407 ἑωράκατε,
1002 338 1238 406 προτάξαι
1279 340 1373 388 δεῖν
1416 339 1671 401 ἀναγκαῖον

81 414 212 484 ᾠήθη
247 416 301 468 τό
328 418 534 489 ’An-aiffa,
563 422 637 470 καὶ
675 419 751 470 διὰ
786 421 926 470 ποίαν
955 421 1137 481 αὶτιάν;
1183 422 1207 470 ὁ
1234 419 1318 484 μὲν
1345 419 1439 485 γὰρ
1475 418 1615 482 νόμος
1647 419 1671 468 ὁ

1736 500 1834 530 Ϊὴιιῖ.
1849 501 1889 529 vi.

81 497 157 548 διὰ
201 501 446 555 Μωυσέως
491 502 795 570 προσεφώνει
839 507 935 555 τοῖς
982 506 1092 556 υἱοῖς
1132 501 1337 569 Ἰσραήλ
1377 509 1403 530 “
1430 500 1605 566 Κύριος
1648 501 1671 550 ὁ
1736 554 1765 582 4·

38 586 109 629 5“
135 579 256 635 Θεός
301 605 394 634 σου
439 583 595 650 κύριος
640 583 702 637 εἷς
743 585 885 647 ἐστι,”
928 586 1003 635 καὶ
1041 584 1124 635 τὸν
1162 583 1248 648 μὲν
1285 587 1391 650 περὶ
1430 589 1512 634 τοῦ
1552 586 1671 634 Υἰοῦ

80 661 231 728 λόγον
275 666 328 715 οὐ
372 668 611 732 παρετίθει
653 671 749 720 τοῖς
793 666 959 730 ποίλαι,
1005 666 1151 731 μόνης
1199 665 1247 718 δὲ
1291 669 1374 731 τῆς
1417 665 1673 718 πολυθεΐας

80 745 257 813 ἐξελὼν
291 747 471 810 αὐτοὺς,
499 752 560 802 εἰς
599 748 685 813 τὴν
717 755 801 800 τοῦ
840 748 941 803 ἑνὸς
979 748 1134 800 ἐκάλει
1172 749 1518 815 προσκύνησιν·
1559 749 1583 798 ὁ
1624 747 1714 799 &ke

83 827 257 893 Κύριος
282 829 414 893 ἡμῶν
438 832 627 894 Ἰησοῦς
660 832 685 881 ὁ
712 831 940 897 Χριστὸς,
968 830 1044 882 ὅτε
1079 832 1272 897 γέγονεν
1298 831 1566 898 ἄνθρωπος,
1598 829 1674 881 διὰ

79 915 282 961 πολλῶν
307 912 516 976 σημείων
542 915 618 963 καὶ
648 912 980 979 ἐνεργημάτων
1006 913 1261 979 ἐγνώρισεν
1287 914 1396 978 ἡμῖν
1423 915 1477 964 δι’
1506 915 1673 964 ἑαυτοῦ

14 1009 61 1034 10
79 991 163 1043 τὸν
196 994 402 1059 Πατέρα,
437 996 514 1045 καὶ
551 994 637 1059 τὴν
676 997 724 1045 ἐν
759 999 815 1062 τῇ
857 996 971 1064 ἁγίᾳ
1005 996 1175 1061 Τριαδι
1214 998 1470 1060 νοουμένην
1507 1019 1557 1047 τε
1596 998 1673 1046 καὶ

80 1076 375 1143 ὑφεστῶσαν
400 1079 592 1141 ἀληθῶς
618 1078 730 1141 μιάν
757 1078 901 1146 ἔδειξε
930 1078 1151 1141 θεότητος
1176 1078 1342 1147 φύσιν.
1397 1083 1556 1132 καλῶς
1591 1078 1673 1129 οὖν

81 1157 173 1223 ἄρα
211 1158 266 1209 τό
302 1162 491 1228 Ἀποίρτι
531 1162 668 1227 φησὶ,
708 1159 783 1209 διὰ
822 1160 875 1210 τὸ
915 1159 1077 1214 ἀτελὲς
1116 1162 1164 1210 ἐν
1202 1160 1379 1226 γνώσει
1417 1165 1512 1211 τῶν
1554 1160 1672 1212 κατὰ

82 1239 226 1305 νόμον
252 1244 327 1293 καὶ
358 1247 453 1293 τῶν
476 1245 575 1294 κατ’
604 1244 802 1297 ἐκείνους
835 1242 1228 1307 πολιτευομένων.
1284 1244 1572 1307 σημειωτέον
1599 1243 1668 1307 δέ,

81 1321 152 1374 ὅτι
179 1323 344 1375 ἑαυτὸν
370 1327 474 1376 ἀντὶ
498 1331 581 1376 τοῦ
609 1324 801 1392 Πατρὸς
836 1326 1075 1392 ἑωρᾶσθαι
1111 1327 1286 1391 λέγων,
1316 1327 1399 1376 οὐκ
1425 1327 1672 1392 ἀνατρέπει

13 1417 61 1456 15
80 1404 134 1457 τὸ
162 1406 388 1475 ὑπάρχειν
413 1409 604 1472 ἀληθῶς
629 1431 677 1459 τε
704 1409 779 1458 καὶ
811 1407 1156 1462 ἱδιοσυστάτως
1191 1407 1275 1458 τὸν
1301 1407 1358 1476 ἐξ
1390 1408 1532 1473 οὗπέρ
1568 1410 1671 1459 ἐστι
1690 1435 1711 1458 a
1747 1425 1832 1460 774
1846 1425 1895 1458 A.

82 1489 274 1554 Πατέρα
301 1491 376 1540 καὶ
404 1489 541 1541 Θεόν·
582 1491 693 1540 ἀλλ’
723 1491 826 1541 οὐδὲ
855 1490 1021 1541 ἑαυτὸν
1047 1488 1166 1541 εἶναί
1192 1494 1317 1559 φησι
1342 1489 1425 1541 τὸν
1454 1491 1667 1556 Πατέρα,

79 1569 199 1622 ὅσον
224 1571 334 1636 ἧκεν
359 1575 502 1623 εἰπεῖν
528 1575 591 1626 εἷς
616 1572 882 1639 προσώπου
908 1572 1139 1636 δήλωσιν·
1182 1572 1293 1622 ἀλλ’
1323 1573 1508 1638 ἐπείπερ
1542 1574 1673 1624 ἐστὶν

80 1652 332 1716 ὀμοούσιος
366 1657 432 1723 τῷ
473 1655 643 1721 Πατρὶ,
676 1655 922 1721 ἑωρᾶσθαί
957 1660 1110 1722 φησιν
1146 1657 1194 1706 ἐν
1229 1657 1354 1724 αὐτῷ
1391 1655 1475 1706 τὸν
1510 1654 1672 1721 γεννή-

80 1756 250 1798 σαντα,
296 1735 460 1802 ὤσπερ
504 1734 562 1787 ἂν
606 1741 643 1787 εἰ
690 1739 766 1787 καὶ
811 1737 1064 1803 ἀνθρώπου
1108 1737 1234 1790 τινος
1285 1737 1380 1790 υἱὸς
1425 1734 1511 1800 τὴν
1555 1738 1672 1788 ἰδίου

13 1834 64 1860 20
79 1816 258 1884 πατρὸς
285 1818 518 1882 ἐθελήσας
543 1823 875 1882 κατασημᾶναι
902 1818 1068 1887 φύσιν,
1094 1819 1259 1870 ἑαυτὸν
1284 1820 1514 1887 ἐπιδείξας
1542 1819 1671 1884 λέγει

80 1903 148 1968 τῷ
181 1906 321 1950 τοῦτο
358 1905 524 1963 μαθεῖν
555 1900 766 1951 ἐθέλοντι
801 1901 946 1967 τυχόν
971 1900 1071 1951 Τὸν
1099 1899 1210 1964 ἐμὸν
1236 1903 1284 1952 ἐν
1317 1903 1415 1963 ἐμοὶ
1449 1901 1671 1951 τεθέασαι

81 1981 275 2048 πατέρα.
332 1981 454 2036 Θεὸς
488 1982 536 2032 δὲ
569 1983 718 2033 πάλιν
743 1981 829 2046 τὴν
855 1987 939 2033 τοῦ
964 1983 1346 2049 παραδείγματος
1373 1984 1671 2049 ὑπεραλεῖται

81 2062 294 2127 δύναμιν.

147 2224 266 2272 ΛὲΓει
303 2224 422 2280 αὐτῷ
458 2224 674 2267 Φίλιππος
714 2226 849 2283 Κύριε,
883 2222 1023 2269 δεῖξον
1062 2222 1160 2274 ἡμῖν
1198 2228 1271 2268 τὸν
1308 2226 1492 2282 Πατέρα,
1532 2226 1601 2266 καὶ
1689 2234 1710 2266 S

15 2319 64 2358 25
745 2306 868 2366 ἀρκεῖ
905 2306 1016 2358 ἡμῖν.
1687 2294 1714 2334 b

159 2416 439 2482 Φιλομαθὴς
488 2416 574 2481 μὲν
624 2419 648 2468 ὁ
700 2418 956 2481 Φίλιππος,
1007 2417 1138 2481 πλὴν
1190 2418 1243 2468 οὐ
1294 2417 1404 2469 λῖαν
1448 2416 1559 2486 ὀξὺς
1609 2419 1672 2470 εἷς

82 2498 280 2550 σύνεσιν
323 2498 410 2563 τὴν
453 2504 555 2552 ταῖς
605 2500 841 2553 θεοπτίαις
891 2500 1305 2566 πρεπωδεστέραν.
1377 2500 1431 2550 οὐ
1474 2499 1569 2565 γὰρ
1613 2498 1672 2549 ἂν

84 2579 214 2649 ᾠήθη
248 2580 364 2632 ποτὲ
396 2586 492 2634 τοῖς
529 2587 612 2631 τοῦ
647 2581 871 2644 σώματος
904 2583 1173 2648 ὀφθαλμοῖς
1206 2581 1292 2644 τὴν
1317 2582 1445 2631 θείαν
1471 2584 1670 2646 ἰσχῦσαι

15 2654 18 2656 “
47 2654 51 2655 ⁷
84 2661 474 2714 καταθεοῖσασθαι
509 2661 673 2731 φύσιν,
700 2663 850 2712 καίτοι
885 2664 1136 2729 διαῤῥήδην
1167 2663 1392 2727 λέγοντος
1426 2667 1509 2712 τοῦ
1544 2665 1669 2712 Θεοῦ

19 2754 68 2789 30
85 2752 114 2775 “
139 2746 310 2799 Οὐδεὶς
335 2744 506 2813 ὄψεται
530 2744 585 2795 τὸ
611 2743 875 2810 πρόσωπόν
899 2767 991 2808 μου
1019 2746 1092 2795 καὶ
1120 2743 1351 2810 ᾧῇσεται.”
1395 2747 1431 2793 εἰ
1464 2742 1557 2809 γὰρ
1591 2745 1667 2794 καὶ
1728 2745 1834 2819 ξξξὲἰ·

1729 2814 1783 2863 ’2ὸῖ
1836 2813 1842 2819 ’

133 2912 168 2946 3.
194 2901 233 2935 οὗ
250 2913 314 2946 pro
332 2902 349 2935 ὁ
368 2901 428 2936 alt.
443 2901 486 2936 E.
629 2910 662 2945 5.
686 2899 782 2945 περὶ]
802 2899 893 2944 παρὰ
911 2899 954 2933 Ε.
1097 2899 1130 2934 8.
1156 2898 1229 2944 ὅτε]
1250 2898 1301 2933 ὅτι
1320 2899 1362 2933 Ε.
1509 2910 1562 2942 14.
1589 2899 1667 2934 ἀνα-

87 2948 222 2993 τρέπειν
239 2948 281 2981 Ε.
427 2959 482 2982 21.
508 2950 574 2981 τῶν
590 2950 690 2983 τοῦτο
707 2948 824 2991 μαθεῖν
842 2945 1001 2980 ἐθέλοντα
1022 2946 1063 2980 Ε.
1206 2957 1262 2980 22.
1288 2947 1486 2990 πράγματος
1505 2946 1545 2980 Ε,

145 3015 238 3043 VOL.
263 3016 309 3043 11.
851 3015 874 3054 3
899 3014 926 3040 H
