2037 3266
319 131 405 171 548
722 131 773 171 B.
807 129 1085 171 CYRILLI
1126 129 1508 171 ALEXANDR.
1761 139 1848 169 Ἐν.
1869 141 1906 171 2.

98 243 259 321 {offic-26¹·
320 238 542 303 κλήματα
566 238 650 302 μὲν
677 238 897 303 ἐσόμεθα,
925 239 1064 307 νεκρὰ
1090 239 1188 291 δὲ“’
1164 263 1288 304 ομως
1316 242 1392 291 καὶ
1418 240 1623 307 ἄκαρπα
1678 239 1786 306 διχα
1812 238 1906 304 γὰρ

100 334 252 371 867Α.
280 319 471 420 οέργων
494 322 522 386 ἡ
557 345 719 376 πιστις
745 322 885 388 νεκρά
921 324 1038 385 ἐστι,
1066 346 1185 373 κατα
1219 321 1305 386 τὴν
1336 328 1419 373 τοῦ
1459 323 1595 387 ἁγίου
1634 319 1815 421 φωνην.
1869 322 1906 370 εἰ

318 404 475 454 τοίνυν
507 404 599 470 ἄρα
637 404 756 454 κατὰ
794 410 962 455 τοῦτον
993 403 1076 454 τὸν
1106 404 1283 470 τρόπον
1317 403 1466 474 ὁρῷτό
1504 426 1554 454 τε
1592 405 1668 454 καὶ
1707 402 1907 469 ὑπάρχοι

321 484 497 553 κλῆμοι,
526 485 693 550 μάτην,
727 488 789 539 ὡς
827 485 936 539 ε”πος
974 490 1129 548 εἰπεῖν,
1162 491 1257 537 τῶν
1290 490 1373 550 τῆς
1411 485 1627 549 ἀμπέλου
1664 483 1907 550 στελέχων

320 566 762 633 ἐκκεκρεμασμένον,
789 567 910 618 ἵστω
946 566 1002 632 δὴ
1037 568 1226 622 πάντως
1261 573 1318 636 τῇ
1353 573 1436 619 τοῦ
1462 573 1674 634 γεωργοῦ
1701 564 1905 634 δρεπάνῃ
1926 586 1948 624 5

318 649 722 717 περιτευξόμενος.
789 651 1016 714 ἀποτεμεῖ
1048 649 1142 717 γὰρ
1179 649 1368 705 πάντως
1408 649 1536 713 αὐτὸ,
1574 651 1649 701 καὶ
1694 646 1905 713 καθάπερ

318 735 489 782 εἰκαῖον
533 731 777 800 συρφετὸν
817 733 930 798 πυρὶ
979 733 1202 797 νέμεσθαι
1251 733 1410 784 δώσει·
1482 738 1621 784 τοῦτο
1671 730 1764 797 γὰρ
1811 734 1906 781 τῶν

318 812 544 880 ἀκάρπων
575 814 629 865 τὸ
667 819 825 880 κρῖμα·
869 815 1082 881 καθάπερ
1120 812 1247 878 οἶμαι
1286 818 1361 866 καὶ
1400 817 1474 867 ἐπὶ
1509 817 1591 878 τῆς
1626 816 1688 867 ὡς
1718 816 1765 864 ἐν
1800 812 1905 864 ε’ίδει

318 899 605 962 παραβολῆς
643 897 1044 964 παραληφθείσης
1081 900 1243 961 συκῆς,
1274 901 1339 967 τῷ
1377 896 1665 964 γηπονοῦντί
1700 903 1851 965 φησιν
1880 895 1906 945 ὁ

94 972 125 1003 S.
143 972 224 1004 Luc.
275 979 302 1022 b

93 1017 162 1048 xiii
186 1025 213 1056 7·
319 983 401 1028 τοῦ
435 978 609 1045 χωρίου
646 976 881 1043 δεσπότης
909 977 1208 1048 (ζ”Εκκοψον
1238 979 1396 1044 αὐτὴν,
1428 980 1552 1031 ἱνατί
1585 980 1661 1029 καὶ
1699 977 1786 1042 τὴν
1814 979 1906 1042 γῆν
1929 1002 1977 1028 10

320 1060 664 1126 ἐςκαταργεῖ;”
708 1061 829 1111 οὕτω
868 1061 1068 1111 κάνθάδε
1109 1059 1276 1127 νομίζω
1315 1060 1397 1112 τὸν
1429 1060 1651 1112 ἁπάντων
1679 1058 1803 1110 Θεὸν
1830 1061 1906 1110 καὶ

319 1141 527 1207 Πατερα,
553 1139 635 1192 τον
661 1140 865 1207 στεγνόν
890 1164 940 1193 τε
972 1144 1047 1192 καὶ
1080 1143 1251 1208 ἄγονον
1278 1147 1371 1193 τῶν
1397 1141 1654 1207 κλημάτων
1679 1141 1900 1208 ἀποθερί-

317 1222 407 1289 ζειν
443 1223 604 1291 ὄχλον,
642 1225 711 1275 ἐπ’
753 1226 902 1275 οὐδενὶ
942 1228 1035 1275 τῶν
1075 1226 1325 1292 χρησίμων
1362 1228 1444 1289 τῆς
1484 1227 1650 1289 νοητῆς
1688 1223 1905 1288 ἀμπέλου

316 1306 691 1372 παρηρτημένον.
740 1304 868 1370 οἶμαι
895 1306 942 1358 δὲ
970 1306 1076 1372 ἐγὼ,
1104 1307 1186 1358 τὸν
1217 1312 1312 1358 τῶν
1343 1306 1576 1374 ἡμετέρων
1602 1311 1774 1375 ψυχῶν
1799 1308 1901 1357 ε’πι-

315 1388 542 1453 μελητὴν,
571 1388 788 1440 τουτέστι
821 1388 959 1452 Θεὸν,
987 1390 1211 1459 ἐπιδεῖξαι
1244 1389 1398 1441 θέλειν
1426 1390 1500 1443 διὰ
1534 1393 1616 1454 τῆς
1651 1391 1699 1440 ἐν
1725 1389 1904 1453 τούτοις
1926 1405 1974 1445 15

315 1474 613 1536 παραβολῆς,
640 1470 802 1522 ὁποῖόν
832 1495 882 1522 τε
921 1474 997 1522 καὶ
1037 1471 1153 1522 ὅσον
1186 1470 1402 1536 ὑπομένει
1435 1471 1490 1523 τὸ
1528 1471 1716 1534 βλάβος
1755 1472 1782 1536 ἡ
1821 1474 1905 1535 τῆς

317 1552 437 1618 πρὸς
476 1553 618 1604 αὑτὸν
656 1554 895 1607 κοινωνίας
933 1555 1263 1618 ἀποτμηθεῖσα
1301 1554 1450 1622 ψυχή.
1511 1554 1629 1620 πρὸς
1667 1554 1720 1604 τὸ
1759 1552 1904 1618 μηδὲν

317 1632 412 1700 γὰρ
439 1634 681 1702 οἰχήσεται
707 1637 782 1685 καὶ
809 1635 1049 1703 ἄχρηστος
1077 1635 1209 1686 ἔσται
1236 1635 1354 1702 πρὸς
1379 1641 1544 1687 πᾶσαν
1569 1636 1900 1702 ἀγαθουργίαν,

278 1716 661 1785 Οάναμφιβόλως
716 1717 866 1782 γεμὴν
923 1716 1122 1768 κολάσει
1175 1718 1570 1784 παραδοθήσεται,
1623 1720 1697 1769 καὶ
1754 1715 1901 1783 πυρὸς

318 1798 452 1849 ἔσται
490 1805 573 1849 τοῦ
611 1798 876 1867 παμφάγου
915 1798 1085 1867 τροφή.
1150 1802 1224 1850 καὶ
1265 1805 1380 1865 γοῦν
1419 1799 1494 1849 διὰ
1531 1805 1614 1850 τοῦ
1651 1797 1900 1867 προφήτου
1922 1820 1971 1846 20

316 1879 464 1931 πάλιν
488 1880 708 1947 Ἱεζεκιὴλ
734 1879 846 1931 αὐτὸ
874 1880 930 1945 δὴ
958 1886 1096 1931 τοῦτο
1123 1883 1198 1931 καὶ
1223 1881 1357 1945 μάλα
1387 1886 1560 1950 σαφῶς
1593 1881 1900 1948 διερμηνεύων

91 1953 253 1987 Ezek.xv.

93 2007 165 2037 2-4'
316 1960 482 2027 ἔλεγεν
509 1970 536 1991 “
557 1963 640 2014 Υἱὲ
668 1962 932 2028 ἀνθρώπου,
957 1964 1006 2013 τί
1028 1961 1085 2013 ἀν
1111 1963 1290 2029 γε’νοιτο
1316 1963 1368 2014 τὸ
1396 1964 1544 2032 ξύλον
1570 1967 1650 2027 τῆς
1683 1961 1901 2027 ἀμπέλου

316 2050 343 2072 “
369 2045 419 2094 ἐκ
464 2044 656 2096 πάντων
700 2049 795 2095 τῶν
841 2044 1001 2113 ξύλων
1046 2049 1141 2095 τῶν
1186 2044 1333 2096 ὄντων
1377 2047 1425 2096 ἐν
1469 2050 1564 2100 τοῖς
1614 2045 1775 2114 ξύλοις
1817 2050 1901 2096 τοῦ

316 2132 343 2155 “
369 2129 576 2191 δρυμοῦ;
628 2125 694 2190 μὴ
734 2125 978 2194 λήψονται
1017 2127 1073 2195 ἐξ
1108 2128 1250 2178 αὐτοῦ
1291 2125 1441 2196 ξύλον
1479 2133 1561 2178 τοῦ
1603 2130 1801 2191 ποιῆσαι
1839 2130 1901 2180 εἷς

315 2214 343 2236 “
368 2209 629 2273 ἐργασίαν,
672 2207 700 2272 ἢ
738 2213 820 2259 τοῦ
855 2208 1091 2274 κρεμάσαι
1122 2209 1170 2258 ἐν
1196 2209 1321 2277 αὐτῷ
1356 2213 1451 2260 πᾶν
1477 2215 1659 2271 σκεῦος,
1685 2209 1771 2273 τὴν
1797 2209 1898 2259 κατ’
1921 2229 1970 2269 25
2027 2253 2032 2267 ,

316 2294 343 2317 “
370 2289 578 2340 ἐνιαυτὸν
612 2289 847 2354 κάθαρσιν
882 2290 1024 2352 αὐτῆς
1062 2289 1309 2339 ἀναλίσκει
1348 2288 1401 2340 τὸ
1440 2295 1554 2356 πῦρ,
1585 2292 1659 2340 καὶ
1698 2291 1899 2340 ἐκλείπει

271 2380 297 2421 d
318 2376 343 2399 “
369 2373 431 2423 εἰς
456 2368 608 2432 τέλος,
635 2370 698 2434 μὴ
725 2370 962 2437 χρήσιμον
989 2370 1123 2420 ἔσται
1157 2374 1217 2424 εἷς
1244 2372 1473 2436 ἐργασίαν
1490 2372 1531 2433 ;”
1573 2371 1711 2425 σύνες
1736 2371 1791 2435 δὴ
1818 2372 1899 2422 οὖν

314 2450 369 2501 τὸ
410 2449 545 2520 ἅπαξ
580 2451 864 2516 ἀποτμηθὲν,
897 2455 973 2502 καὶ
1013 2450 1288 2518 ὁλοκλήρως
1327 2454 1714 2517 ἀπεσπασμένον,
1745 2453 1896 2521 ἄχρη-

315 2555 434 2583 στον
460 2531 546 2595 μὲν
571 2537 816 2587 παντελῶς
852 2535 927 2583 καὶ
962 2537 1025 2587 εἷς
1059 2533 1191 2584 οὐδὲν
1223 2533 1289 2584 ε”τι
1322 2539 1416 2585 τῶν
1447 2534 1714 2600 ἀναγκαίων
1744 2558 1897 2602 παρα·
2023 2595 2026 2602 Ι

314 2618 556 2682 ληφθῆναι
598 2614 867 2678 δυνάμενον,
902 2614 1031 2685 μόνῳ
1071 2614 1118 2666 δὲ
1157 2615 1280 2683 τάχα
1320 2622 1610 2684 χρησιμεῦον
1647 2617 1773 2683 πυρί.
1828 2615 1898 2683 ἀρ’
1921 2634 1972 2670 30

314 2697 394 2746 οὖν
439 2697 493 2746 οὐ
536 2695 792 2762 πρόδηλον,
838 2699 899 2751 ὡς
951 2701 988 2748 εὶ
1039 2699 1114 2748 καὶ
1166 2697 1327 2765 κλῆμα
1377 2699 1635 2763 γενοίμεθα,
1681 2702 1764 2763 τῆς
1813 2698 1899 2763 μὲν

360 2844 393 2879 5.
420 2834 727 2879 ἐκκεκρεμασμένον
745 2837 879 2870 colrexi
897 2849 938 2870 ex
958 2837 1013 2877 E„
1031 2838 1090 2883 qui
1111 2837 1443 2881 ἐκκεκρεμμασμένον
1460 2837 1612 2873 exhibet.
1630 2838 1895 2883 ἐκκεκρεμασμέ-

314 2895 414 2961 ιὲων
397 2881 463 2915 Ed.
491 2928 540 2962 Μ
620 2882 654 2915 6.
679 2885 957 2928 περιτευξόμενος
975 2884 1016 2919 E.
1036 2885 1315 2929 περιτευξόμενον
1333 2884 1400 2919 Ed.
1561 2894 1617 2930 25.
1642 2887 1833 2930 κρεμμᾶσαι
1852 2885 1893 2920 Ε.

338 2939 359 2971 9
398 2927 472 2961 ἐστι
534 2940 626 2973 lgne.

2014 3172 2026 3211 3⁸-
2015 3126 2017 3129 <
2024 3066 2027 3072 ι
2018 2960 2028 2973 3
