2022 3272
120 130 289 172 xiv.11.
364 133 434 173 IN
479 134 520 173 S.
556 134 893 174 JOANNEM.
964 133 1082 172 11113.
1125 132 1195 170 lx.
1261 132 1393 170 (ἋΙ).
1432 130 1465 168 l.
1626 130 1706 168 1l--l‘.)

122 238 285 303 ἀμέλει
312 244 386 292 καὶ
414 243 553 296 αὐτὸς
584 245 631 294 ἐν
660 245 816 309 Πατρὶ
852 245 927 293 καὶ
960 244 984 292 ὁ
1013 241 1183 306 Πατὴρ
1213 242 1260 290 ἐν
1287 241 1428 306 αὐτῷ·
1471 237 1546 287 διὰ
1573 237 1621 287 τί
1644 235 1708 298 μὴ

122 321 304 388 μακρὸν
329 325 646 378 ἀνατείνοντες
679 325 762 375 τὸν
789 325 975 392 αὐχένα,
1003 326 1078 374 καὶ
1114 320 1306 391 ὑψηλὸν
1332 326 1428 374 τοῖς
1465 321 1708 370 ὑπαντῶσι

124 405 378 460 δεικνύντες
404 405 458 457 τὸ
485 407 762 472 πρόσωπον,
789 406 907 469 μετὰ
932 406 1200 473 παρῥησίας
1226 403 1382 472 φαμέν
1405 400 1535 466 Ἐγὼ
1571 402 1619 450 ἐν
1645 403 1710 467 τῷ

125 490 327 556 Χριστῷ
361 491 437 539 καὶ
471 490 495 539 ὁ
523 488 736 556 Χριστὸς
769 492 817 540 ἐν
843 490 959 552 ε’μοί·
1004 490 1029 538 ὁ
1061 486 1276 554 ἑωρακὼς
1309 485 1386 549 ἐμὲ
1423 484 1596 550 ἑώρακε
1629 480 1711 532 τὸν

81 578 103 616 5
130 569 364 636 Χριστόν·
394 570 486 637 ἐγὼ
514 573 589 622 καὶ
615 573 640 622 ὁ
666 571 880 638 Χριστὸς
907 572 954 622 ἕν
981 573 1125 634 ε’σμεν
1148 592 1160 632 3
1197 567 1295 620 εἶτα
1320 569 1367 618 τί
1390 566 1443 617 τὸ
1470 567 1708 624 ε’ντεῦθεν;

125 652 207 701 οὐκ
250 650 307 702 ἂν
347 651 479 717 οἶμαί
516 677 585 707 τις
626 655 942 705 καταδείσειεν
980 655 1145 719 ὀρθῶς,
1185 652 1283 703 οὐδ’
1326 649 1382 701 ἀν
1422 646 1753 710 κατοκνήσαιο

125 732 399 799 πρεπόντως
430 735 495 786 ἐτι
531 743 669 787 τοῦτο
704 736 817 787 αὐτὸ
853 735 999 803 φάναι
1034 733 1284 798 τολμήσας
1320 734 1396 783 καὶ
1430 732 1537 797 περὶ
1573 730 1714 780 αὑτοῦ

126 815 297 868 λοιπὸν
324 821 466 869 εἰπεῖν
499 825 583 869 τοῦ
619 818 808 885 Πατρός
835 818 965 884 Ἐγὼ
1000 819 1075 869 καὶ
1112 819 1136 867 ὁ
1176 816 1344 881 Πατὴρ
1380 815 1427 864 ἕν
1459 815 1619 876 ἐσμεν.
1677 814 1714 860 εὶ

128 897 222 965 γὰρ
249 900 298 950 ἕν
324 902 455 951 ἐστιν
481 903 506 951 ὁ
536 901 706 968 Πατὴρ
737 901 855 967 πρὸς
890 901 972 952 τὸν
998 900 1128 962 Υὶὸν,
1155 904 1255 952 πῶς
1283 899 1364 948 οὐκ
1391 898 1517 965 αὐτῷ
1545 893 1716 945 λοιπὸν

62 983 426 1048 Ιοὶσομοιρήσει
465 987 530 1052 τῷ
566 986 735 1050 Πατρῖ,
763 983 896 1034 εἰκὼν
931 982 1303 1048 ἀπαράλλακτος
1342 976 1717 1044 ἀπαραλλάκτου

129 1063 334 1130 γεγονὼς
361 1065 547 1128 εἰκόνος,
573 1065 787 1117 τουτέστι
813 1072 895 1117 τοῦ
921 1069 1071 1127 Υἱοῦ;
1114 1065 1183 1118 τίς
1210 1064 1291 1114 οὖν
1317 1063 1408 1128 ἄρα
1433 1058 1552 1126 πρὸς
1579 1064 1717 1110 τοῦτο

130 1147 297 1207 μανίας
332 1147 671 1215 κατοιχήσεταί
699 1171 828 1210 ποτε,
856 1151 918 1201 ὡς
954 1147 1197 1211 τολμήσαι
1235 1144 1390 1210 λέγειν
1415 1144 1477 1193 ‘O
1505 1140 1719 1206 ἑωρακὼς

130 1228 209 1292 ἐμὲ
240 1230 412 1296 ἑώρακε
448 1230 530 1282 τὸν
558 1231 790 1297 Χριστόν·
846 1229 938 1297 ἐγὼ
972 1232 1048 1281 καὶ
1084 1231 1109 1280 ὁ
1135 1227 1350 1295 Χριστὸς
1384 1226 1432 1276 ἕν
1464 1227 1640 1288 ἐσμεν;
1681 1226 1718 1273 εὶ

131 1311 226 1378 γὰρ
252 1317 483 1380 σχετικῶς
510 1315 586 1364 καὶ
613 1315 666 1364 οὐ
693 1313 812 1365 κατὰ
839 1313 988 1382 φύσιν
1014 1311 1257 1374 ἀπονέμεις
1287 1313 1354 1379 τῷ
1379 1312 1480 1377 Υἱῲ
1515 1306 1569 1358 τὸ
1604 1304 1717 1357 εἶναι
1736 1312 1763 1352 d

64 1396 181 1450 Ῑ5ἐν
214 1399 280 1464 τῷ
321 1397 489 1462 Πατρῖ,
525 1395 645 1463 ἔχειν
679 1419 729 1447 τε
768 1398 816 1447 ἐν
851 1397 999 1464 ἑαυτῷ
1035 1393 1118 1446 τὸν
1151 1392 1357 1459 Πατέρα,
1397 1391 1518 1442 οὕτω
1557 1388 1605 1439 δὲ
1645 1389 1720 1438 καὶ

133 1478 262 1542 ἡμεῖς
289 1478 336 1528 ἐν
363 1481 566 1547 Χριστῷ
601 1480 676 1529 καὶ
702 1477 916 1545 Χριστὸς
950 1479 998 1528 ἐν
1027 1477 1149 1542 ἡμῖν·
1190 1480 1379 1541 πρῶτον
1405 1472 1489 1538 μὲν
1516 1474 1564 1522 ἐν
1590 1469 1721 1539 τάξει

135 1563 194 1629 τῇ
233 1561 339 1611 καθ’
369 1560 490 1624 ἡμᾶς
529 1562 554 1611 ὁ
587 1560 716 1624 Υἱὸς,
743 1559 842 1612 εἶτα
879 1559 932 1611 τὸ
971 1558 1156 1610 κωλύον
1188 1556 1319 1609 οὐδὲν
1353 1554 1722 1621 παρελάσαντας

134 1644 211 1693 καὶ
248 1641 404 1705 αὑτὸν,
432 1646 470 1693 εἰ
501 1644 806 1706 βουλοίμεθα,
833 1641 916 1694 τὸν
942 1640 1073 1704 Υὶὸν,
1101 1643 1162 1695 ὡς
1196 1639 1271 1692 διὰ
1305 1639 1454 1703 με’σου
1488 1636 1717 1699 κείμενον,

136 1725 206 1776 ἐπ’
235 1723 377 1776 αὐτὸν
401 1723 563 1792 ὥσπερ
589 1726 886 1792 εὐθυδρομεῖν
911 1724 994 1775 τὸν
1022 1723 1229 1789 Πατέρα,
1256 1723 1330 1773 καὶ
1367 1721 1492 1788 αὐτῷ
1521 1741 1716 1784 προσω-

69 1833 119 1858 20
136 1811 373 1871 μοιῶσθαι
409 1806 564 1872 λέγειν
591 1808 711 1871 ἡμᾶς
746 1809 893 1860 οὕτως
928 1808 1149 1871 ἀκριβῶς,
1176 1807 1236 1858 ὡς
1268 1802 1412 1867 μηδὲν
1439 1803 1642 1867 ὁρᾶσθαι
1668 1798 1723 1849 τὸ

139 1889 441 1941 διαλλάττον.
494 1889 549 1941 τὸ
579 1890 672 1956 γὰρ
706 1889 754 1940 ἓν
780 1887 895 1939 εἶναι
928 1887 1046 1954 πρός
1078 1910 1123 1937 τι
1156 1887 1385 1951 λέγεσθαι
1419 1882 1639 1944 τοιαύτην
1666 1880 1723 1931 ἂν

142 1971 240 2039 ἔχοι
267 1970 353 2035 τὴν
380 1972 592 2035 δύναμιν.
647 1969 718 2037 ἀρ’
748 1972 829 2022 οὖν
855 1971 943 2038 οὐχ
969 1972 1105 2036 ὁρᾶτε
1131 1972 1193 2021 εἷς
1221 1967 1341 2031 ὅσην
1367 1967 1522 2018 αὐτοῖς
1545 1966 1717 2014 ἀσυνε-
1742 1980 1763 2005 0

138 2053 252 2103 σίαν
289 2077 337 2104 τε
377 2055 494 2117 ὁμοῦ
533 2055 608 2104 καὶ
646 2052 870 2114 ἀσέβειαν
909 2051 1177 2103 κατώλισθε
1216 2048 1276 2100 τὰ
1314 2046 1609 2116 φρονήματα,
1649 2047 1724 2096 καὶ

146 2134 276 2186 ὅσων
302 2135 412 2199 ἡμῖν
436 2140 687 2201 λογισμῶν
710 2136 900 2186 ἀτόπων
926 2132 1241 2197 εἷσπεπήδηκε
1267 2131 1500 2196 θόρυβοςς

72 2236 121 2275 25
214 2216 301 2271 Τίς·
336 2219 417 2268 οὖν
447 2217 474 2281 ἡ
508 2217 754 2286 πρόφασις
792 2223 875 2268 τοῦ
913 2222 1061 2267 ταῦτα
1098 2215 1254 2280 λέγειν
1286 2215 1360 2264 καὶ
1399 2209 1723 2270 διατείνεσθαι,

141 2301 217 2372 καὶ
254 2304 350 2354 τοῖς
389 2301 535 2353 οὕτως
573 2299 736 2353 ἑώλοις
775 2298 1083 2367 ἐπινήχεσθαι
1121 2296 1285 2362 λόγοις
1323 2293 1503 2356 αὐτοὺς,
1538 2294 1626 2358 ἐρῶ
1665 2291 1723 2355 δὴ

139 2379 303 2432 πάλιν.
356 2381 538 2435 σκοπὸς
576 2381 639 2435 εἷς
676 2383 843 2444 αὐτοῖς,
869 2379 1128 2446 ἀλλότριόν
1158 2403 1207 2430 τε
1247 2380 1320 2429 καὶ
1359 2378 1568 2446 ἔκφυλον
1598 2398 1719 2426 παν-

140 2468 290 2516 τελῶς
314 2466 397 2526 τῆς
423 2469 506 2514 τοῦ
534 2461 726 2528 Πατρὸς
761 2463 925 2516 οὐσίας
958 2464 1201 2531 ἀποφῆναι
1233 2460 1315 2511 τὸν
1342 2459 1475 2510 Υὶόν.
1531 2457 1600 2508 ὅτι
1632 2455 1725 2522 γὰρ

142 2544 450 2609 ἀληθεύοντες
489 2543 548 2595 τὰ
582 2544 775 2595 τοιαῦτά
812 2553 984 2612 φαμεν,
1025 2545 1075 2593 ἐκ
1113 2546 1208 2593 τῶν
1245 2541 1416 2608 ἐφεξῆς
1458 2541 1533 2590 καὶ
1572 2560 1721 2603 παρε-

76 2650 125 2685 30
143 2625 403 2692 ζευγμένων
459 2630 558 2678 ταῖς
613 2625 862 2692 προτέραις
925 2626 1067 2674 αὐτοῦ
1129 2623 1418 2690 δυσφημιάις
1480 2619 1719 2683 εἰσόμεθα.
1743 2643 1765 2666 a
1795 2634 1880 2668 797
1894 2633 1945 2666 Α.

144 2708 305 2774 ἐπάγει
347 2708 442 2774 γὰρ
492 2709 639 2760 οὕτως
679 2748 707 2770 ,,
726 2707 870 2757 Ἀλλ’
915 2705 1078 2771 ὥσπερ
1122 2705 1265 2768 ἡμεῖς,
1307 2704 1471 2770 φησιν,
1513 2703 1561 2752 ἐν
1599 2702 1724 2770 αὐτῷ

192 2858 225 2893 7.
250 2848 381 2894 πρέπον
398 2849 442 2884 ὡς
460 2848 502 2883 Ε.
581 2847 705 2881 Statim
724 2847 772 2881 ἔτι
790 2854 1012 2890 assumptum
1030 2857 1071 2879 ex
1092 2845 1132 2879 E.
1383 2854 1435 2877 10.
1461 2842 1725 2886 ἀπαραλλάκτου

145 2908 215 2931 om.
235 2896 278 2930 E.
542 2904 595 2937 15.
621 2895 709 2939 ἔχεις
728 2894 769 2928 E.
878 2893 913 2927 δέ
932 2898 1153 2937 assumptum
1173 2903 1213 2925 ex
1233 2890 1274 2924 E.
1538 2900 1590 2933 19.
1615 2904 1725 2933 προσ-

145 2946 317 2987 ωμοιῶσαι
335 2943 377 2978 Ε.

203 3010 295 3038 VOL.
320 3010 366 3036 11.
907 3009 929 3049 3
954 3008 983 3034 M
