2022 3272
135 144 346 197 xvii.4‚5.
393 145 466 185 IN
509 146 549 185 S.
584 144 919 185 JOANNEM.
984 144 1105 185 LIB.
1144 145 1218 184 XI.
1283 145 1415 185 CAP.
1444 145 1520 184 vl.
1643 144 1726 185 677

136 275 276 304 νεται.
330 252 461 317 πλὴν
493 256 553 307 ὡς
589 253 655 304 ε”τι
688 252 774 317 τὴν
805 253 1057 318 ἀνθρώπου
1095 253 1287 321 μορφὴν
1313 254 1644 319 περικείμενος,
1672 251 1725 302 τὸ

135 337 218 398 τῆς
264 334 492 398 αἰτήσεως
541 335 801 386 πλάττεται
846 337 1029 402 σχῆμα,
1075 338 1150 385 καὶ
1195 338 1256 388 ὡς
1301 337 1384 385 οὐκ
1428 335 1548 402 ε”χων
1593 338 1724 384 αἰτεῖ·

135 415 292 467 πάντα
325 416 418 483 γὰρ
455 417 690 486 ἀνθρώπῳ
721 416 850 481 παρὰ
878 421 1018 467 Θεοῦ.
1074 421 1110 467 εἱ
1149 416 1241 483 γὰρ
1279 420 1352 467 καὶ
1390 418 1459 467 ὅτι
1496 415 1726 479 μάλιστα,

137 496 254 548 καθὸ
288 498 409 551 Θεὸς
447 499 497 549 ἐκ
530 502 656 549 Θεοῦ
695 499 968 564 γεγέννηται
1006 498 1211 564 Πατρὸς,
1238 498 1379 567 δόξης
1414 502 1496 562 τῆς
1532 503 1725 564 θεοπρε-

96 585 255 637 5ποῦς
293 581 376 630 οὐκ
415 580 583 645 ἐρημος
622 579 693 644 ἦν,
721 582 832 630 ἀλλ’
862 581 1048 646 ἐπείπερ
1087 582 1135 630 ἐν
1170 585 1315 650 καιρῷ
1352 584 1435 644 τῆς
1475 582 1580 630 καθ’
1611 581 1732 644 ἡμᾶς

138 662 399 725 οἰκονομίας
455 662 740 713 συνέστειλέ
790 686 891 715 πως
945 661 1102 726 αὐτὴν,
1153 661 1206 713 τὸ
1264 662 1552 731 ἀδοξότατον
1602 664 1731 712 τουτὶ

137 748 282 806 σῶμα
326 744 507 807 λαβὼν,
547 747 610 798 ὡς
655 747 876 796 ἀποῦσαν
916 747 1106 807 ἀληθῶς
1151 745 1358 809 εὐλόγως
1405 744 1614 810 ἐπιζητεῖ,
1654 746 1771 794 καὶῑι

137 831 276 877 τοῦτο
304 827 458 891 λε’γων
485 829 546 880 ὡς
573 826 836 893 ἄνθρωπος.
890 832 1100 877 τοιοῦτον
1126 826 1180 876 δέ
1209 850 1253 876 τι
1288 828 1443 880 συνεὶς
1480 828 1555 876 καὶ
1591 825 1730 879 αὐτὸς

138 908 248 972 ἡμῖν
279 909 303 958 ὁ
341 907 498 976 σοφὸς
536 907 808 959 ἐπιστέλλει
842 913 1037 962 Παῦλος
1074 911 1180 975 περὶ
1216 910 1358 960 αὑτοῦ
1398 916 1424 937 “
1445 912 1601 959 Τοῦτο
1637 907 1730 973 γὰρ

71 1013 119 1038 10
139 996 166 1018 “
194 991 438 1057 φρονείτω,
467 993 631 1058 φησὶν,
658 990 858 1044 ἕκαστος
897 992 1026 1054 ὑμῶν
1058 989 1083 1041 ὸ
1123 992 1197 1040 καὶ
1236 992 1284 1041 ἐν
1310 994 1511 1058 Χριστῷ
1541 991 1726 1053 Ἰησοῦ,

140 1078 166 1100 “
193 1071 243 1125 ὃς
283 1073 331 1122 ἐν
369 1077 532 1140 μορφῇ
573 1076 699 1123 Θεοῦ
739 1072 964 1139 ὑπάρχων
1003 1073 1089 1140 οὐχ
1128 1071 1383 1138 ἁρπαγμὸν
1421 1071 1638 1136 ἡγήσατο
1676 1069 1731 1122 τὸ

141 1160 168 1183 “
194 1152 307 1204 εἶναι
345 1154 430 1205 ἰ’σα
469 1158 592 1224 Θεῷ,
623 1156 732 1205 ἀλλ’
763 1153 927 1206 ἑαυτὸν
962 1153 1159 1205 ε’κένωσε
1199 1154 1391 1221 μορφὴν
1428 1154 1600 1205 δούλου
1640 1161 1730 1204 λα-

140 1242 168 1266 “
192 1234 309 1297 βων,
361 1238 409 1286 ἐν
459 1236 716 1300 ὁμοιώματι
769 1236 1031 1302 ἀνθρώπων
1081 1235 1341 1302 γενόμενος,
1394 1239 1470 1287 καὶ
1519 1236 1733 1304 σχήματι

141 1323 168 1347 “
194 1319 390 1384 εὑρεθεὶς
421 1320 483 1371 ὡς
515 1319 764 1385 ἄνθρωπος
793 1318 1105 1369 ἐταπείνωσεν
1131 1317 1308 1380 ἑαυτὸν,
1334 1317 1581 1383 γενόμενος
1607 1317 1726 1382 ὑπή-

140 1489 168 1511 “
195 1483 336 1533 αὐτὸν
368 1484 656 1551 ὑπερύψωσε
693 1485 768 1533 καὶ
801 1483 1057 1550 ἐχαρίσατο
1092 1483 1218 1551 αὐτῷ
1252 1481 1306 1533 τὸ
1345 1482 1492 1545 ὄνομα
1527 1481 1581 1533 τὸ
1618 1481 1734 1547 ὑπὲρ

141 1570 168 1593 “
193 1568 290 1615 πᾶν
328 1564 490 1628 ὄνομα,
521 1565 596 1615 ἵνα
635 1567 682 1615 ἐν
713 1568 779 1634 τῷ
818 1563 1013 1627 ὀνόματι
1043 1565 1207 1628 Ἰησοῦ
1239 1567 1457 1630 Χριστοῦ
1492 1569 1588 1615 πᾶν
1620 1563 1735 1630 γόνυ

140 1652 167 1674 “
195 1646 367 1714 κάμψῃ
418 1647 705 1713 ἐπουρανίων
754 1648 828 1697 καὶ
882 1646 1098 1711 ἐπιγείων
1150 1648 1227 1697 καὶ
1278 1647 1614 1713 καταχθονίων,
1660 1648 1735 1697 καὶ

142 1736 169 1758 “
195 1733 332 1780 πᾶσα
371 1733 584 1794 γλῶσσα
622 1728 1038 1797 ἐξομολογήσηται
1076 1728 1147 1779 ὅτι
1185 1728 1358 1795 Κύριος
1389 1730 1578 1792 Ἰησοῦς
1615 1732 1735 1794 Χρι-

75 1818 170 1850 20“
196 1810 312 1864 στὸς
357 1814 420 1863 εἷς
466 1810 612 1879 δόξαν
652 1814 776 1861 Θεοῦ
823 1810 1053 1876 Πατρός.”
1112 1809 1306 1878 ὑψηλὸν
1350 1810 1442 1876 γὰρ
1488 1810 1602 1861 ὄντα
1652 1810 1736 1861 τὸν

142 1891 274 1955 Υἱὸν,
312 1892 429 1943 καθὸ
467 1893 676 1960 πέφηνεν
715 1892 771 1961 ἐξ
811 1894 952 1943 αὐτοῦ
993 1893 1114 1945 Θεὸς
1161 1893 1382 1955 δηλονότι
1424 1895 1498 1943 καὶ
1540 1892 1731 1958 Κύριος,

143 1973 277 2025 οὐδὲν
314 1974 455 2038 ἧττον
494 1977 556 2027 ὡς
601 1974 852 2040 ἄνθρωπον
891 1976 1030 2041 ὑψῶν
1071 1973 1438 2040 ἀναγέγραπται,
1481 1971 1518 2043 ᾧ
1558 1973 1612 2024 τὸ
1650 1976 1734 2037 τῆς

143 2058 259 2109 ἰδίας
299 2056 492 2124 φύσεως
530 2056 748 2107 ταπεινὸν
778 2055 832 2107 τὸ
872 2059 1055 2107 δεῖσθαι
1094 2054 1282 2109 πάντως
1321 2057 1566 2124 ὑψοῦσθαι
1603 2079 1734 2122 περι-

142 2143 353 2189 ποιεῖται.
405 2137 530 2207 δόξης
562 2139 643 2188 οῦν
671 2138 761 2204 ἄρα
798 2140 880 2201 τῆς
916 2138 1031 2191 ἰδίας
1064 2136 1149 2201 τὴν
1174 2137 1478 2205 ἐπανάληψιν
1505 2140 1580 2189 καὶ
1615 2137 1774 2201 μετάο

77 2235 125 2273 25
144 2218 323 2286 σαρκὸς
357 2224 556 2271 ἀπαιτεῖ·
602 2222 678 2270 καὶ
716 2220 820 2287 οὐχὶ
852 2217 1039 2272 πάντως
1075 2223 1157 2283 τῆς
1192 2220 1355 2270 ἑαυτοῦ
1389 2220 1531 2288 δόξης
1565 2220 1734 2286 ἔρημος

110 2347 111 2350 ,
143 2301 221 2362 ὧν,
249 2305 285 2352 εἷ
326 2304 400 2352 καὶ
439 2301 506 2365 μὴ
541 2301 685 2363 λάβοι
719 2301 863 2369 τυχὸν
890 2301 948 2352 τὰ
981 2300 1173 2352 τοιαῦτά
1208 2306 1376 2370 φησιν·
1418 2304 1472 2352 οὐ
1510 2301 1603 2368 γὰρ
1642 2302 1734 2370 ἔξω

144 2388 239 2434 τῶν
277 2385 403 2434 ἰδίων
442 2383 725 2452 ἀξιωμάτων
763 2385 788 2434 ὁ
827 2383 983 2449 Λόγος
1023 2383 1081 2448 ἧν
1118 2384 1310 2435 πώποτε
1350 2383 1471 2438 Θεὸς
1510 2382 1734 2452 ὑπάρχων

145 2466 385 2529 ἀληθινός·
430 2467 540 2516 ἀλλ’
570 2468 631 2518 ὡς
670 2469 731 2519 εὶς
771 2465 917 2534 δόξαν
951 2465 1037 2529 τὴν
1072 2467 1197 2534 αὐτῷ
1234 2471 1516 2531 προσοῦσαν
1551 2469 1619 2517 ἀεὶ
1658 2469 1733 2517 καὶ

145 2547 287 2598 αὑτὸν
321 2547 403 2597 τὸν
438 2548 554 2598 ’ἴδιον
589 2547 837 2615 ἀναφεῇοων
873 2546 1002 2609 ναὸν,
1032 2553 1224 2610 μᾶλλον
1257 2547 1304 2597 δέ
1342 2547 1458 2610 μετὰ
1496 2551 1578 2611 τῆς
1617 2549 1734 2601 ἰδίας

80 2649 128 2686 30
147 2629 311 2679 ἑαυτὸν
338 2628 626 2693 ἀνακομίζων
654 2629 845 2694 σαρκὸς,
873 2630 926 2679 δι’
953 2627 1010 2692 ἢν
1037 2629 1063 2692 ἡ
1100 2628 1278 2697 μεταξὺ
1308 2629 1734 2694 παρηκολούθησεν

147 2711 326 2779 ἀδοξία.
384 2711 458 2760 ἵνα
497 2709 589 2775 γὰρ
628 2709 692 2773 μὴ
732 2711 888 2771 δοκοίη
923 2712 1021 2759 τισὶ
1057 2709 1143 2772 τὴν
1178 2712 1348 2775 ἀτριβῆ
1391 2733 1439 2760 τε
1482 2712 1557 2760 καὶ
1593 2711 1732 2779 ξένην

148 2794 223 2842 καὶ
259 2794 311 2842 οὐ
346 2790 495 2843 πάλαι
533 2791 887 2854 κατειθισμένην
919 2792 1044 2859 αὐτῷ
1079 2790 1224 2859 δόξαν
1256 2797 1410 2855 αἰτεῖν,
1438 2793 1731 2857 προκόσμιον

621 2953 672 2975 12.
699 2942 836 2986 μορφὴν
854 2940 978 2976 δηύλου
996 2941 1062 2976 hoc
1081 2941 1201 2976 ordine
1222 2942 1262 2976 E.

141 1406 168 1428 ‘⁶
195 1422 302 1454 κοος
327 1401 465 1467 μέχρι
498 1400 718 1463 θανάτου,
745 1400 949 1452 θανάτου
985 1399 1033 1450 δὲ
1068 1405 1294 1466 σταυροῦ·
1339 1400 1409 1450 διὸ
1445 1402 1520 1451 καὶ
1557 1401 1582 1451 ὁ
1611 1400 1731 1452 Θεὸς
1749 1411 1776 1452 b

1798 757 1884 790 959
1902 754 1955 790 Α.

1793 907 1878 938 Phil.
1895 908 1927 938 ii.

1794 960 1851 991 5-1
1863 961 1888 981 1.
