2001 3261
309 150 391 188 202
713 145 762 184 B.
795 141 1068 184 CYRILLI
1111 136 1491 180 ALEXANDR.
1750 127 1892 183 1³38-

310 255 616 327 προσεκύνησεν
655 257 717 308 ὡς
757 252 894 315 Θεὸν,
934 275 970 302 ει
1014 249 1079 314 μὴ
1119 247 1243 300 Θεὸν
1283 245 1396 297 εἶναι
1439 262 1762 301 πεπιστευκεν,
1801 234 1895 287 ἀπο

310 345 394 390 τοῦ
425 336 674 404 γεγονότος
710 339 771 390 εἷς
806 333 949 386 αὐτὸν
975 356 1051 383 και
1085 327 1369 396 παραδόξως
1406 322 1743 387 τετελεσμένου
1780 318 1894 370 θαύ-

311 444 458 485 ματος
502 422 576 471 ἐπι
620 418 674 470 τὸ
720 422 910 486 φρονεῖν
951 416 1071 465 ούτω
1116 407 1583 512 παιδαγωγούμενος.
1654 400 1809 464 ἐπειδὴ
1849 398 1897 450 δὲ

314 504 432 567 όλην
470 503 556 566 τὴν
594 500 662 552 ἐπ’
706 501 830 568 αὐτῷ
869 494 1195 564 πραγματείαν
1234 497 1295 546 εἰς
1337 491 1390 542 τὸ
1436 494 1530 541 τῶν
1567 488 1712 538 ἐθνῶν
1751 504 1894 547 μετη-

276 586 525 652 θγάγομεν
562 583 839 650 πρόσωπον,
879 580 991 647 φερε
1034 574 1090 639 δὴ
1131 599 1234 642 περι
1275 572 1442 625 τούτου
1481 570 1694 634 λεγωμεν
1731 563 1894 617 πάλιν.
1919 579 1941 616 5

313 668 464 729 βλεπε
507 667 598 732 γάρ
644 688 723 728 μοι
765 666 1042 728 πληροῦντα
1084 658 1158 709 διὰ
1198 660 1282 721 τῆς
1320 650 1694 722 προσκηνήσεως
1731 649 1814 710 τῆς
1852 647 1900 696 ἐν

313 748 541 813 πνεύματι
577 746 796 812 λατρείας
831 743 914 795 τὸν
939 743 1105 801 τύπον,
1135 744 1196 793 εἶς
1231 737 1284 789 ὸν
1310 731 1662 804 ἐχειραγωγήθη
1696 753 1756 780 τα
1791 727 1900 790 ἑθνη

315 831 391 884 διὰ
426 834 508 895 τῆς
540 831 761 882 πι’.στεως
812 825 1092 887 βουθυσίαις
1129 821 1223 889 γὰρ
1261 821 1337 872 καὶ
1375 819 1658 876 λιβανωτοῖς
1696 835 1771 864 και
1802 815 1902 863 ταῖς

314 918 410 966 τῶν
458 912 627 980 ἑτερων
678 909 807 979 ζῴων
855 909 1214 975 προσαγωγαῖς,
1257 900 1525 969 θεραπεύειν
1575 895 1633 960 ἧν
1683 895 1787 948 ε’θος
1838 894 1904 961 τῷ

313 994 516 1062 Ισραὴλ
550 991 634 1044 τὸν
667 991 888 1043 ἁπαντων
920 989 1097 1055 Κύριον
1129 987 1226 1037 κατ’
1256 985 1492 1049 ἐπίταγμα
1529 977 1733 1043 νομικόν
1780 998 1822 1026 οι
1856 943 1904 1025 διὲ
1928 993 1975 1018 10

316 1078 372 1147 ἐξ
404 1079 551 1128 ε’θνῶν
577 1071 952 1131 πεπιστευκότες,
980 1072 1033 1121 οὐ
1068 1068 1243 1132 ταύτην
1277 1066 1415 1117 ἰ’σασι
1450 1085 1532 1126 της
1568 1059 1786 1126 λατρείας
1820 1055 1906 1119 τὴν

94 1175 177 1208 633
192 1172 242 1206 A·
280 1160 442 1220 366612,
469 1156 728 1222 ἐτράποντο
768 1155 816 1206 δὲ
854 1153 940 1217 τὴν
974 1151 1150 1218 ἑτεραν,
1183 1170 1414 1209 τουτεστι,
1446 1145 1531 1209 τὴν
1565 1138 1902 1204 πνευματικὴν,

320 1241 375 1307 ἢν
415 1240 471 1305 δὴ
517 1242 591 1291 καὶ
636 1238 852 1303 μαλιστα
898 1236 1046 1303 φιλην
1092 1233 1218 1301 αυτ-ὧ
1266 1254 1340 1281 και
1387 1226 1547 1292 ηδίονα
1597 1229 1749 1294 φησιν
1793 1219 1907 1272 εἰναι

95 1324 237 1406 {HM
321 1323 456 1377 Θεός.
525 1345 578 1372 ου
616 1343 710 1387 γαρ
750 1328 774 1349 “
798 1318 1013 1387 φαγομαι
1057 1337 1165 1381 κρεα
1208 1313 1405 1378 ταύρων,
1446 1311 1610 1378 φησιν,
1651 1305 1760 1356 ἀλλ
1803 1301 1907 1353 ουδὲ

321 1413 347 1435 “
375 1404 489 1468 αἱμα
533 1402 723 1469 τράγων
761 1400 970 1464 πίομαι.”
1032 1396 1155 1449 θύειν
1204 1395 1251 1446 δε
1295 1398 1486 1457 μᾶλλον
1528 1390 1637 1454 ἡμῖν
1677 1407 1909 1438 επιταττει
1931 1401 1977 1439 15

97 1493 147 1523 Ib.
166 1502 213 1532 14-
323 1496 348 1517 “
377 1487 547 1538 θυσίαν
582 1483 842 1545 αἱνεΗσεως,’
871 1502 1103 1541 τουτεστι,
1138 1475 1224 1540 τὴν
1259 1475 1355 1537 μετ’
1396 1475 1517 1541 ᾠδης
1555 1467 1905 1536 προσκύνησιν,

321 1574 383 1622 εὶς
413 1567 470 1632 ὴν
497 1568 567 1618 ότι
599 1565 788 1618 πάντως
823 1562 1116 1626 ἀναβησεται
1152 1559 1211 1610 τὰ
1248 1557 1357 1620 ε”θνη
1397 1554 1472 1606 διὰ
1506 1556 1588 1616 τῆς
1623 1572 1829 1603 πιστεως
1861 1549 1910 1598 ἐν

320 1651 471 1719 Αγίῳ
503 1648 745 1710 Πνεύματι
783 1645 1029 1711 θεωρήσας
1064 1643 1088 1692 6
1123 1639 1336 1709 μελωδὸς
1373 1639 1433 1691 ὡς
1469 1634 1589 1701 πρὸς
1622 1632 1705 1684 τὸν
1734 1630 1911 1696 Κύριον

100 1731 235 1813 fam.
322 1733 454 1796 ἡμων
493 1733 568 1782 καὶ
608 1726 808 1794 Σωτηρα
848 1731 999 1794 φησιν
1026 1733 1052 1755 “
1078 1728 1226 1775 Πᾶσα
1263 1721 1291 1785 ἡ
1331 1723 1392 1785 γῆ
1432 1711 1911 1784 προσκυνησάτωσαν

279 1824 305 1864 b
324 1824 350 1844 ‘⁶
377 1838 455 1864 σοι
480 1837 553 1864 και
580 1809 889 1881 ψαλατωσάν
916 1830 1009 1870 σοι,
1036 1804 1344 1874 ψαλάτωσαν
1372 1801 1427 1865 δη
1453 1805 1519 1869 τῷ
1546 1797 1744 1861 ὀνόματί
1771 1817 1878 1846 σου.
1933 1816 1981 1841 20

325 1896 455 1948 ἀλλα
500 1919 575 1946 και
622 1893 759 1946 αυτὸς
805 1893 830 1942 6
879 1891 1052 1988 Κύριος
1098 1889 1229 1951 ἡμῶν
1267 1886 1455 1948 Ἰησοῦς
1500 1884 1524 1933 ὁ
1568 1878 1781 1947 Χριστὸς
1829 1879 1912 1939 τῆς

326 1981 515 2041 νομικῆς
543 1976 762 2041 λατρειας
789 1975 836 2024 ἐν
863 1973 1103 2034 ἀμείνοσιν
1131 1970 1282 2020 οὖσαν
1309 1963 1560 2017 ἐπιδεικνυς
1592 1961 1677 2026 τὴν
1702 1981 1909 2021 πνευμα-

104 2063 212 2134 {7⁰12ss
325 2084 469 2124 τικ77ν,
503 2057 621 2124 πρὸς
655 2080 740 2120 την
776 2057 825 2106 ἐκ
859 2057 940 2118 τῆς
976 2052 1239 2116 Σαμαρείας
1274 2045 1473 2115 γυναῖκά
1511 2049 1634 2113 φησι
1662 2051 1688 2072 “
1711 2039 1919 2092 Πίστευε

344 2150 474 2205 ίμοι,
513 2140 664 2206 γύναι,
705 2138 775 2188 ὅτι
814 2137 996 2203 ἐρχεται
1037 2131 1136 2198 ὡρα
1176 2132 1252 2182 ὅτε
1293 2131 1393 2180 οὔτε
1440 2130 1488 2179 ἐν
1527 2149 1592 2194 τῳ
1630 2124 1724 2190 ὄρει
1763 2122 1913 2190 τούτω

104 2223 227 2304 {3²3³
329 2231 354 2252 ‘⁶
381 2224 485 2272 οὔτε
536 2224 584 2272 ἐν
623 2218 978 2285 Ιεροσολύμοις
1029 2235 1389 2279 προσκυνησετε
1441 2211 1507 2278 τῷ
1555 2206 1727 2272 Πατρί.
1800 2204 1910 2254 ἀλλ’
1936 2220 1984 2259 25

329 2312 355 2334 ‘⁶
382 2326 564 2371 ερχεται
603 2301 701 2367 ὥρα
739 2323 812 2351 και
850 2304 931 2349 νῦν
964 2299 1110 2357 ἐστιν,
1142 2294 1217 2345 ὅτε
1257 2316 1298 2343 οι
1338 2291 1551 2355 ἀληθινοι
1590 2287 1913 2354 προσκυνηταὶ

329 2385 777 2450 “προσκυν7’7σουσι
815 2384 880 2450 τῷ
918 2380 1073 2443 Πατρι
1112 2378 1159 2427 ἐν
1194 2374 1427 2437 πνεύματι
1465 2395 1539 2422 και
1578 2368 1790 2436 ἀληθεια·
1840 2368 1916 2418 καὶ

330 2466 476 2533 “γὰρ
509 2468 533 2516 6
563 2464 731 2530 Πατηρ
767 2461 1003 2514 τοιούτους
1038 2460 1164 2525 ζητεῖ
1194 2479 1302 2510 τους
1337 2474 1722 2521 προσκυνουντας
1757 2448 1914 2500 αὐτόν.

347 2554 568 2612 ίπνεῦμα
600 2548 624 2597 6
658 2545 792 2606 Θεὸς,
833 2568 907 2594 και
947 2565 1053 2595 τους
1091 2543 1477 2605 προσκυνοῦντας
1517 2533 1657 2585 αυτὸν
1689 2534 1737 2582 ἐν
1774 2531 1914 2582 πνεύ-

348 2641 496 2694 ματι
523 2653 599 2680 και
624 2627 822 2694 ἀληθειᾳ
850 2629 921 2675 δει
941 2622 1255 2691 προσκυνεῖν.
1260 2615 1672 2683 διαλογιζόμεθα
1709 2612 1756 2664 δε
1791 2618 1910 2681 φρο-
1939 2632 1988 2668 3ο

384 2783 410 2805 Ι.
438 2771 525 2804 Θεον
541 2780 638 2813 prlus
659 2767 827 2812 Β.Ξ1.Θεῲ
846 2764 914 2799 Ed.
1029 2764 1060 2796 S.
1088 2762 1148 2805 μὲν
1165 2776 1230 2805 γαρ
1250 2772 1279 2793 a.
1396 2769 1449 2802 13.
1476 2757 1584 2801 φίλην
1604 2754 1706 2800 [φιλὴ
1711 2768 1727 2787 ν
1748 2752 1788 2786 Β.
1793 2750 1807 2796 ]
1828 2751 1917 2784 αὐτῶ

336 2818 375 2850 Β.
380 2830 409 2851 a.
427 2818 543 2860 φιλεῖν
560 2816 660 2849 αὐτὸν
680 2814 769 2847 Hols
774 2819 798 2846 t.
809 2801 884 2846 Ed.
967 2808 1073 2844 ιδιονίι
1094 2811 1145 2850 (=
1165 2807 1273 2841 ἵδιονα
1291 2805 1333 2839 ad
1353 2804 1437 2838 ιδιον
1455 2804 1667 2841 correctum)
1690 2800 1730 2832 B.
1748 2798 1833 2832 ’ίδιον
1855 2797 1916 2830 Ht.

334 2864 446 2906 ἡδίονα
464 2861 600 2896 emend.
622 2867 659 2894 ut
678 2859 844 2893 adnotat
838 2870 912 2901 lpse
932 2857 1024 2890 Aub.
1044 2862 1077 2889 et
1094 2857 1141 2888 ita
1160 2867 1189 2888 a.
1284 2865 1335 2893 14.
1354 2849 1674 2899 φάγομαι-πίομαι
1696 2846 1736 2878 Β.
1755 2845 1891 2889 φάγωμ
1884 2857 1917 2876 ιι

333 2911 504 2950 -πὶωμαι
522 2920 553 2941 a.
575 2907 638 2942 Ed.
771 2916 822 2949 17.
850 2905 896 2939 εἷς
914 2902 1033 2937 deest
1027 2914 1060 2935 m
1083 2902 1123 2935 Β.
1144 2899 1335 2943 assumpsit
1353 2910 1370 2931 e
1390 2898 1417 2930 (
1421 2902 1466 2930 ·1t.
1485 2902 1523 2928 ut
1541 2894 1611 2927 vid.
1631 2892 1724 2926 A.ub
1789 2889 1915 2932 ἀναβή-

335 2955 446 2999 σεται]
471 2959 505 2995 ἦ-
527 2956 616 2998 φησι
636 2961 667 2995 (e
690 2953 716 2987 13
733 2964 802 2996 mg
824 2952 890 2985 huc
910 2948 1163 2983 1111122'·szr1e1en
1186 2947 1246 2980 llt
1255 2949 1264 2988 )
1286 2940 1717 2985 Ε«1.23.πίστευσόν
1729 2936 1823 2971 Aub.
