2037 3266
308 142 392 181 4158
712 144 760 185 B.
796 145 1072 186 CYRILLI
1114 146 1496 187 ALEXANDR.
1640 145 1724 186 xiv.
1744 157 1809 195 12,
1831 156 1894 198 13.

309 252 385 301 καὶ
422 251 658 320 ἐξουσίαν,
691 253 823 304 ἀλλὰ
857 255 943 318 τὴν
981 256 1054 306 ἐπὶ
1092 257 1235 306 πολύ·
1279 257 1457 326 μείζονα
1494 253 1602 320 γὰρ,
1635 255 1801 322 φησὶν,
1834 249 1898 302 ῶν

309 332 401 399 ἐγὼ
434 335 666 399 πεποίηκα
700 337 887 396 ποιήσει.
944 338 1058 405 ὁρᾷς
1094 338 1176 388 οὖν
1207 337 1333 391 ὅπως
1368 337 1619 388 ἀνακόπτει
1654 335 1898 403 χρησίμως·

308 419 403 465 τῶν
429 417 484 466 δι’
513 417 723 471 ἐναντίας
749 417 804 469 τὸ
831 417 1024 483 θράσος,
1049 421 1125 469 καὶ
1152 418 1445 485 ἀνασειράζει
1471 418 1648 485 τρόπον
1673 415 1777 468 τινὰ
1802 420 1900 468 τοῖς

306 497 521 565 ἐλέγχοις
557 498 835 566 ἐρχομένους
873 499 992 550 κατὰ
1028 506 1245 565 πετρῶν;
1292 503 1388 567 ἐρεῖ
1420 499 1514 567 γάρ
1551 524 1622 554 τις
1659 500 1815 551 αὐτοῖς
1830 495 1899 548 ςΩ

308 577 495 644 ἀνόητοι
532 583 607 630 καὶ
640 583 830 648 τυφλοὶ,
859 580 1004 645 μηδὲν
1030 583 1085 651 ἐξ
1118 583 1282 633 ἑαυτοῦ
1319 585 1602 647 δεδυνῆσθαι
1639 585 1899 647 κατορθοῦν
1919 594 1941 633 5

88 674 175 710 803
190 674 242 709 A.
268 660 619 729 ειὺπειληφότες
664 661 748 713 τὸν
786 662 918 726 Υἱὸν,
963 667 1317 731 κεχορηγῆσθαι
1364 664 1411 715 δὲ
1457 670 1648 727 μᾶλλον
1692 663 1779 727 τὴν
1823 663 1897 730 ἐφ’

306 740 459 793 ἅπασι
495 749 591 797 τοῖς
624 742 908 813 παραδόξως
943 746 1295 809 τετελεσμένοις
1330 746 1526 810 δύναμίν
1555 769 1605 797 τε
1645 747 1720 797 καὶ
1758 745 1896 814 ἐξου-

305 825 417 874 σίαν
444 824 534 875 ὑπὸ
565 831 649 875 τοῦ
677 826 885 892 Πατρός·
929 831 1031 880 πῶς
1056 831 1132 879 καὶ
1158 829 1339 898 μείζονα
1365 833 1626 893 κατορθοῦν
1653 826 1894 893 ἐπαγγέλ-

305 913 440 957 λεται
468 907 640 958 δώσειν
661 913 757 961 τοῖς
783 908 1093 960 πιστεύουσιν
1115 914 1178 963 εἷς
1205 909 1372 972 aim-6113
1409 915 1509 964 πῶς
1537 909 1562 961 ὃ
1588 908 1652 973 μὴ
1680 910 1900 975 δέδρακεν

305 989 458 1052 αὐτὸς,
511 990 667 1056 ἕτερος
717 991 1026 1056 κατορθώσει,
1078 992 1163 1057 τὴν
1213 992 1324 1059 παρ’
1375 994 1518 1044 αὐτοῦ
1567 991 1899 1054 δανεισάμενος
1922 1009 1971 1035 10

305 1071 534 1134 δυναμιν·
524 1113 535 1134 ,
583 1071 667 1123 θεα
705 1096 799 1138 γαρ
835 1073 963 1128 ὁπως
1003 1075 1085 1125 οὐκ
1125 1074 1304 1171 εἴρηκεν
1339 1077 1388 1125 ἐν
1419 1073 1600 1128 τούτοις
1639 1076 1709 1125 ὅτι
1749 1096 1894 1141 χορη-

304 1152 444 1217 γήσει
491 1159 587 1208 τοῖς
631 1177 916 1206 πιστευουσι
961 1155 1156 1220 δύναμιν
1201 1158 1225 1207 ὁ
1275 1156 1458 1222 Πατὴρ,
1503 1157 1616 1207 ἀλλ
1654 1155 1719 1207 “O
1759 1180 1800 1206 τι
1847 1153 1900 1207 ὧν

306 1238 510 1296 enirm-me
538 1236 575 1287 ἐν
602 1244 661 1306 τῷ
688 1239 870 1306 ὀνόματι
903 1263 989 1305 μου
1024 1263 1207 1299 vomo-o).
1265 1240 1289 1289 ὁ
1316 1238 1364 1289 δε
1396 1244 1492 1292 τοῖς
1527 1239 1696 1292 ἀλλοις
1732 1261 1806 1288 και
1840 1237 1900 1288 τὰ

262 1326 288 1367 b
305 1318 443 1384 μείζω
481 1317 714 1370 δύνασθαι
752 1324 1012 1386 κατορθοῦν
1039 1322 1100 1374 ὡς
1129 1319 1251 1375 Θεὸς
1276 1320 1521 1383 ἐπιδιδοὺς,
1547 1325 1649 1374 πῶς
1676 1318 1733 1371 ἂν
1759 1319 1900 1373 αὐτὸς

305 1400 572 1467 ἐχορηγήθη
610 1402 720 1466 παρ’
749 1401 906 1467 ἑτέρου
940 1401 994 1452 τὸ
1034 1401 1298 1465 δύνασθαι;
1350 1404 1518 1454 οὐκοῦν
1545 1405 1687 1469 λῆρος
1724 1401 1808 1465 μὲν
1839 1401 1898 1453 τὰ
1921 1424 1968 1463 15

305 1482 487 1532 ἐκείνων
521 1488 767 1537 παντελῶς
809 1486 884 1534 καὶ
930 1486 1073 1537 ὕθλος
1119 1488 1286 1538 εἰκαῖος
1326 1487 1399 1535 καὶ
1440 1485 1773 1547 δαιμονιώδους
1811 1486 1896 1535 δυ-

304 1564 539 1629 στροπιάς
592 1565 845 1631 εὑρήματα.
919 1565 1281 1631 πεπερασμένην
1326 1566 1374 1617 δὲ
1420 1568 1634 1629 οὐδαμῶς
1685 1565 1771 1630 τὴν
1815 1572 1899 1617 τοῦ

303 1649 422 1696 Υἱοῦ
464 1647 660 1709 δύναμιν
696 1648 934 1712 θεωρήσαι
974 1671 1043 1701 τις
1083 1647 1154 1710 ἂν,
1188 1647 1291 1699 οὐδὲ
1329 1648 1584 1713 διήκουσαν
1619 1648 1704 1712 μὲν
1742 1649 1822 1699 ἐπί
1854 1671 1899 1699 τι

303 1732 398 1778 τῶν
426 1728 586 1790 ὄντων,
616 1731 697 1779 οὐκ
733 1731 975 1794 ἀρκοῦσαν
1006 1728 1052 1781 δὲ
1091 1735 1187 1783 τοῖς
1222 1731 1286 1781 ε”τι
1322 1731 1546 1797 μείζοσιν,
1573 1731 1682 1780 ἀλλ’
1713 1729 1898 1796 ὅσαπερ

305 1808 361 1859 ἂν
386 1809 614 1871 βούλοιτο
640 1811 788 1861 ταῦτα
813 1834 861 1862 τε
891 1816 1083 1878 δρῶσαν
1110 1811 1328 1875 εὐκόλως,
1357 1815 1433 1863 καὶ
1460 1818 1556 1867 τοῖς
1582 1812 1730 1880 ἀξίοις
1756 1835 1893 1879 χαρι-
1919 1834 1970 1860 20

303 1892 498 1957 ζομένην
534 1892 588 1943 τὸ
627 1898 723 1947 τοῖς
763 1894 884 1948 ἰ’σοις
923 1894 1083 1961 τυχὸν,
1117 1895 1265 1959 ἤγουν
1301 1898 1375 1945 καὶ
1415 1894 1755 1960 ὑπερκειμένοις
1794 1897 1896 1945 ἐνα-

302 1973 562 2040 βρύνεσθαι
614 1975 794 2029 θώκοις.
864 1978 939 2026 καὶ
989 1975 1054 2039 μή
1107 1999 1175 2030 τις
1227 1978 1398 2028 οἷέσθω
1448 1977 1602 2043 λέγειν
1652 1976 1774 2039 ἡμᾶς
1826 1976 1896 2027 ὅτι

265 2058 546 2122 οπεριέσται
585 2056 699 2108 ποτὲ
737 2057 791 2108 τὸ
832 2057 1070 2108 δυ’νασθαί
1099 2082 1189 2109 τινι
1226 2064 1320 2109 τῶν
1350 2059 1436 2123 τὴν
1468 2063 1530 2113 εἰς
1565 2058 1707 2109 αὑτὸν
1732 2060 1898 2109 πίστιν

303 2139 620 2203 τετιμηκότων
659 2143 1007 2206 δημιουργῆσαι
1049 2140 1134 2204 μὲν
1174 2140 1385 2207 οὐρανὸν,
1426 2142 1562 2206 ἥλιον
1600 2139 1648 2191 δὲ
1689 2142 1764 2190 καὶ
1806 2163 1893 2190 σε-

304 2220 468 2283 λήνην,
502 2221 649 2285 ἤγουν
684 2221 767 2271 τὸν
802 2225 1039 2289 περιφανῆ
1079 2227 1174 2272 τῶν
1208 2221 1420 2287 ἀστέρων
1452 2222 1597 2289 χορὸν
1632 2221 1891 2290 ἀναδεῖξαι,
1916 2246 1965 2286 25

304 2303 379 2351 καὶ
407 2302 566 2351 κτίσαι
600 2300 745 2369 τυχὸν
771 2300 1007 2367 ἀγγέλους
1041 2302 1068 2367 ἢ
1106 2306 1197 2367 γῆν
1224 2302 1251 2367 ἦ
1287 2303 1344 2354 τὰ
1379 2305 1427 2354 ἐν
1454 2305 1587 2370 αὐτῇ.
1642 2303 1895 2368 τέτραπται

303 2381 397 2448 γὰρ
437 2383 519 2433 οὐκ
557 2384 606 2432 ἐν
645 2383 826 2437 τούτοις
866 2385 890 2433 ὁ
929 2390 1012 2435 τοῦ
1051 2384 1201 2449 λόγου
1239 2383 1435 2444 σκοπὸς,
1471 2385 1581 2434 ἀλλ’
1620 2383 1692 2451 ἐφ’
1730 2383 1797 2437 οἷς
1837 2383 1894 2448 ἦν

304 2463 423 2516 εἰκὸς
456 2464 760 2524 συντείνεται,
790 2488 864 2515 και
900 2468 983 2529 τῆς
1014 2467 1445 2532 ἀνθρωποπρεποῦς
1480 2464 1812 2531 λαμπρότητος
1845 2467 1895 2516 ἐν

304 2545 422 2614 δόξῃ
450 2547 572 2613 φημι
597 2569 671 2596 και
701 2548 926 2616 ἁγιασμῶ
961 2570 1016 2597 το
1051 2571 1222 2614 μετρον
1249 2549 1335 2615 οὐχ
1364 2547 1646 2615 ὑπερτρεχει.
1700 2546 1775 2597 δια
1801 2570 1893 2613 γαρ

303 2650 373 2677 τοι
399 2651 538 2678 τουτο
563 2627 897 2694 περιστελλων
924 2627 1088 2694 ὥσπερ
1115 2635 1197 2680 τοῦ
1223 2630 1372 2694 λόγου
1398 2653 1481 2681 τον
1506 2631 1577 2697 ἐφ’
1601 2629 1714 2695 όπερ
1741 2629 1799 2680 ἄν
1824 2652 1892 2682 τις
1915 2653 1965 2690 30

302 2708 531 2769 βουλοιτο
573 2708 763 2776 δρόμον,
810 2733 885 2761 και
929 2710 1089 2773 μόνοις
1134 2717 1230 2764 τοῖς
1273 2713 1382 2778 παρ’
1426 2713 1567 2762 αυτοῦ
1611 2711 1892 2779 παραδόξως

260 2792 652 2855 (1τετελεσμένοις
690 2793 762 2842 ἐπὶ
802 2795 884 2855 τῆς
923 2795 1025 2857 γῆς,
1058 2792 1133 2843 ὅτε
1173 2793 1366 2859 γε’γονεν
1405 2794 1666 2859 ἅνθρωπος,
1697 2797 1792 2843 τῶν
1826 2792 1891 2843 ε”τι

843 2942 897 2977 26.
925 2943 977 2976 καὶ
995 2950 1218 2989 assumptum
1238 2956 1278 2978 ex
1300 2945 1339 2978 Ec
