2022 3272
119 146 300 201 xvii.13.
367 148 438 187 IN
476 148 518 188 S.
552 148 884 188 JOANNEM.
949 149 1073 188 Llss.
1111 150 1185 189 XI.
1249 152 1381 190 CAP.
1421 152 1492 190 lx.
1621 155 1698 195 707

119 257 272 318 μένοις
305 258 538 324 ἐνέργειαν
564 263 753 323 μᾶλλον
782 258 841 309 ἂν
865 258 1033 324 πρέποι
1065 264 1122 326 τῇ
1162 262 1244 323 τῆς
1281 260 1498 324 θεότητος
1534 263 1700 311 ἀπονε-

119 343 308 401 μεῖσθαι
346 340 476 408 δόξῃ.
527 339 738 406 ἡγιάζετο
772 339 867 406 γὰρ
893 342 968 391 καὶ
999 341 1111 391 αὐτὸ
1144 341 1198 392 τὸ
1235 348 1317 392 τοῦ
1351 344 1526 408 Κυρίου
1559 347 1702 405 σῶμα

119 425 177 488 τῇ
227 427 310 472 τοῦ
352 422 599 475 ἑνωθέντος
645 421 806 488 Λόγου
849 421 1052 486 δυνάμει,
1097 423 1286 488 ἐνεργὸν
1330 423 1378 474 δὲ
1423 427 1542 475 οὕτω
1585 423 1703 489 πρὸς

119 504 340 568 εὐλογίαν
378 505 487 568 ἡμῖν
525 506 817 555 ἀποτελεῖται
855 504 941 568 τὴν
978 504 1225 568 μυστικὴν,
1258 507 1320 559 ὡς
1359 508 1434 556 καὶ
1473 506 1703 556 δύνασθαι

77 584 202 643 5τὸν
241 585 356 635 ἴδιον
394 587 503 649 ἡμῖν
540 585 813 654 ἐμφυτεύειν
852 585 1108 651 ἁγιασμόν.
1172 587 1410 654 τοιγάρτοι
1451 590 1527 639 καὶ
1565 587 1703 641 αὐτὸς

119 668 144 717 ὁ
173 666 340 733 Σωτὴρ
365 667 448 721 τὰς
479 668 597 734 πρὸς
621 668 873 721 Ἰουδαίους
905 667 1019 719 ποτὲ
1054 669 1281 737 διαλέξεις
1313 670 1600 733 ποιούμενος,
1629 673 1703 721 καὶ

117 748 282 800 πολλὰ
319 753 424 815 περὶ
463 752 545 813 τῆς
583 749 700 802 ἰδίας
735 750 889 815 λέγων
927 748 1120 816 σαρκὸς,
1153 751 1295 816 ἄρτον
1324 775 1373 802 τε
1408 753 1552 815 αὐτὴν
1579 753 1698 803 ἁπο-

119 835 279 880 καλῶν
303 829 526 897 ζωοποιὸν
552 831 698 885 ὄντως
732 833 807 882 καὶ
841 832 1066 895 ἀληθινόν
1093 840 1120 862 “
1140 833 1202 883 ‘O
1231 832 1324 899 γὰρ
1358 833 1511 900 ἄρτος,
1538 836 1873 910 φησὶν,1)·ζίῑηζἸἸ

120 919 147 941 ‘⁶
173 911 226 963 ’ὸν
253 913 344 978 ἐγὼ
376 913 517 963 δώσω
552 914 658 976 ὑμῖν
689 913 717 977 ἡ
753 911 888 982 σάρξ
917 937 1006 976 μου
1040 915 1169 965 ἐστὶν
1194 913 1251 978 ἢν
1276 914 1368 981 ἐγὼ
1409 916 1550 966 δώσω
1590 914 1704 983 ὑπὲρ
1829 911 1843 920 ⁹

54 1021 101 1045 10
119 1000 146 1022 ‘⁶
172 997 254 1058 τῆς
279 1000 362 1045 τοῦ
389 993 571 1057 κόσμου
598 994 760 1060 ζωῆς.”
804 995 1270 1061 καταπεπληγμένων
1295 1020 1344 1047 τε
1372 998 1480 1048 λίαν
1507 998 1703 1061 ἐκείνων,

117 1078 194 1126 καὶ
232 1080 332 1129 πῶς
371 1074 428 1126 ἂν
455 1077 611 1130 αὐτοῖς
644 1077 671 1140 ἡ
699 1079 781 1140 τῆς
807 1083 1035 1142 γηγενοῦς
1073 1078 1253 1143 σαρκὸς
1292 1079 1438 1148 φύσις
1475 1079 1705 1149 πρόξενος

117 1157 297 1224 γένοιτο
324 1161 406 1222 τῆς
441 1159 626 1209 αἰωνίου
658 1158 791 1224 ζωῆς,
822 1159 875 1208 οὑ
900 1159 1098 1225 μετρίως
1125 1159 1490 1227 διηπορηκότων,
1517 1162 1698 1212 ἀπολο-

117 1239 343 1304 γούμενος
382 1240 593 1308 ἔφασκεν
621 1247 647 1270 “
672 1241 737 1290 ‘H
766 1239 901 1309 σὰρξ
936 1242 1018 1291 οὐκ
1047 1244 1227 1309 ὠφελεῖ
1260 1242 1404 1305 οὐδὲν,
1431 1242 1486 1294 τὸ
1522 1243 1706 1307 πνεῦμά
1767 1247 1882 1287 11)-63·

119 1329 145 1351 “
170 1323 273 1372 ἐστι
317 1320 371 1372 τὸ
420 1321 687 1388 ζωοποιοῦν·
743 1321 803 1372 τὰ
845 1321 1032 1389 ῥήματα
1083 1322 1114 1373 ἃ
1161 1323 1253 1389 ἐγὼ
1305 1324 1528 1389 ἐλάλησα
1580 1326 1703 1388 ὑμῖν,

52 1430 98 1467 15
119 1409 149 1432 ‘⁶
172 1402 356 1466 πνεῦμά
396 1405 500 1455 ἐστι
538 1406 614 1455 καὶ
653 1403 745 1471 ζωή
780 1405 929 1454 ἐστι”’
983 1407 1222 1456 κάνταῦθα
1252 1405 1346 1472 γὰρ
1384 1405 1547 1469 πάλιν,
1575 1407 1707 1458 οὐδὲν

117 1487 318 1553 ὠφελεῖν
344 1485 574 1536 δύνασθαι
611 1485 698 1550 τὴν
723 1485 882 1552 σάρκα
922 1489 1087 1554 φησὶν,
1126 1486 1246 1554 πρὸς
1285 1487 1526 1553 ἁγιασμὸν
1553 1492 1703 1554 δηλο-

118 1565 216 1618 νότι
255 1569 329 1618 καὶ
369 1568 652 1634 ζωοποίησιν
690 1572 785 1619 τῶν
827 1568 1088 1636 δεχομένων
1128 1568 1286 1634 αὐτὴν,
1331 1570 1450 1621 ὅσον
1488 1571 1598 1636 ἧκεν
1643 1576 1705 1625 εἷς

117 1647 296 1715 σαρκὸς
333 1651 626 1715 ἀνθρωπίνης
657 1649 825 1718 φύσιν·
883 1650 996 1701 ὅταν
1036 1650 1083 1701 δὲ
1114 1654 1274 1715 νοῆται
1313 1654 1389 1703 καὶ
1426 1653 1745 1718 πιστεύηταιο

118 1736 201 1781 τοῦ
241 1729 403 1797 Λόγου
444 1731 564 1794 ναὸς,
598 1731 704 1783 τότε
744 1731 800 1796 δὴ
838 1730 1025 1786 πάντως
1063 1732 1198 1783 ε”σται
1237 1735 1312 1784 καὶ
1352 1735 1591 1800 ἁγιασμοῦ
1631 1737 1706 1786 καὶ

49 1841 99 1866 20
120 1812 235 1879 ζωῆς
272 1812 520 1882 πρόξενος,
554 1812 683 1878 πλὴν
718 1815 772 1863 οὐ
809 1813 999 1868 πάντως
1037 1813 1092 1864 δι’
1121 1815 1301 1879 ἑαυτὴν,
1340 1815 1472 1866 ἀλλὰ
1510 1815 1585 1867 διὰ
1623 1816 1706 1867 τὸν

120 1894 346 1945 ἑνωθέντα
382 1894 520 1958 Θεὸν,
558 1895 608 1949 ὅς
646 1897 776 1945 ἐστιν
812 1893 943 1960 ἅγιος
982 1895 1058 1946 καὶ
1099 1895 1322 1964 ζωή.τῇ
1363 1900 1446 1960 τῆς
1488 1898 1706 1962 θεότητος

121 1982 370 2042 τοιγαροῦν
408 1976 613 2046 ἐνεργείᾳ
650 1976 703 2027 τὸ
742 1976 939 2038 σύμπαν
979 1977 1240 2040 ἀποδιδοὺς,
1276 1977 1468 2043 ἀζήμιον
1508 1979 1711 2030 ε”σεσθαί

122 2062 246 2126 φησι
297 2063 393 2112 τοῖς
443 2060 606 2109 ἑαυτοῦ
653 2063 914 2122 μαθηταῖς,
940 2058 1058 2109 ὅσον
1100 2059 1210 2123 ἧκεν
1255 2063 1317 2114 εἷς
1364 2059 1417 2111 τὸ
1461 2066 1705 2127 τηρεῖσθαι

122 2138 271 2204 ζητεῖν
295 2139 381 2204 τὴν
403 2139 521 2204 μετὰ
559 2140 737 2206 σαρκὸς
775 2141 1110 2209 ἀποφοίτησιν.
1166 2145 1203 2192 εὶ
1242 2141 1335 2207 γὰρ
1370 2144 1445 2192 καὶ
1483 2143 1699 2194 συστέλ-

51 2249 70 2273 2
79 2246 100 2284 5
122 2228 253 2272 λοιτο
277 2220 421 2289 τυχὸν
447 2226 508 2275 εἷς
532 2221 772 2288 οὑράνους,
802 2223 912 2272 ἀλλ’
940 2223 1024 2273 οὐκ
1052 2221 1255 2274 ἀπέσται
1288 2228 1382 2274 τῶν
1409 2225 1704 2289 ἀγαπώντων

108 2301 262 2353 ,αὐτὸν
288 2304 312 2353 ὁ
342 2303 522 2370 Σωτὴρ,
549 2303 777 2354 συνέσται
805 2303 853 2354 δὲ
878 2303 1026 2355 πάλιν
1052 2308 1109 2372 τῇ
1134 2307 1215 2369 τῆς
1241 2305 1459 2370 θεότητος
1491 2306 1700 2375 ἐξουσία.

184 2384 283 2436 Ἵνα,
309 2386 464 2436 τοίνυν
484 2386 631 2453 ε”χοιεν
653 2384 723 2446 την
743 2385 889 2453 χαρὰν
909 2385 979 2445 την
1000 2387 1100 2454 ἑμην
1116 2386 1452 2455 πεπληρωμένην
1470 2389 1506 2439 ἐν
1524 2388 1704 2450 ἑαυτοῖς,

119 2467 264 2517 ταῦτα
301 2467 547 2531 λελάληκα
584 2468 620 2518 ἐν
646 2466 706 2536 n}
743 2470 899 2537 κόσμῳ
934 2469 1073 2535 φησί.
1128 2469 1196 2522 τίς
1223 2470 1303 2520 οῦν
1330 2470 1357 2533 ἡ
1385 2469 1704 2539 πεπληρωμένη
1725 2481 1752 2522 d

121 2549 196 2597 καὶ
233 2549 389 2598 τελεία
426 2547 580 2617 χαράς
632 2548 686 2599 τὸ
727 2549 891 2600 εἰδέναι
929 2552 1005 2600 καὶ
1043 2550 1293 2613 πιστεύειν,
1327 2552 1414 2618 οὐχ
1453 2550 1523 2601 ὅτι
1560 2551 1705 2614 μόνον

51 2661 100 2696 30
121 2630 225 2679 καθ’
254 2629 375 2692 ἡμᾶς
404 2627 463 2693 ἦν
489 2630 734 2697 ἄνθρωπος
759 2632 784 2681 ὁ
811 2631 1038 2697 Χριστὸς,
1067 2633 1178 2682 ἀλλ’
1215 2631 1286 2682 ὅτι
1319 2632 1437 2696 μετὰ
1472 2638 1556 2683 τοῦ
1591 2631 1705 2683 εἶναι

121 2711 226 2761 καθ’
267 2711 399 2774 ἡμᾶς,
425 2712 534 2778 δίχα
571 2710 716 2776 μόνης
754 2713 996 2778 ἁμαρτίας,
1036 2715 1111 2764 καὶ
1139 2712 1259 2766 Θεός
1298 2715 1428 2764 ἐστιν
1460 2713 1699 2777 ἀληθινός.

119 2791 361 2856 πρόδηλον
396 2793 476 2842 οῦν
506 2792 597 2858 ἄρα
636 2795 710 2843 καὶ
751 2793 1007 2857 οὐδαμόθεν
1046 2796 1334 2863 ἀμφίβολον,
1363 2795 1432 2845 ὅτι
1470 2795 1702 2861 παρέσται

168 2961 199 2983 2.
227 2952 285 2984 τοῦ
304 2952 418 2995 κυρίου
436 2953 472 2986 τὸ
492 2953 628 2987 inverso
649 2952 769 2987 ordine
790 2953 830 2987 E.
1057 2966 1109 3001 25.
1136 2956 1295 2998 οὐράνους
1316 2956 1355 2991 Ε.
1374 2957 1568 3000 ἀνθρώπους
1588 2957 1653 2991 Ed.

852 3022 878 3059 4
900 3021 927 3048 x
951 3021 974 3049 2
