2016 3246
92 462 110 492 3

91 1820 178 1853 569
194 1818 243 1853 A.

91 1892 197 1932 Supra
210 1891 251 1921 iv.

90 1945 119 1976 9.

92 2465 200 2505 Supra

92 2519 159 2539 ver.
177 2507 229 2547 46.

315 135 396 174 108
714 136 765 176 B.
798 136 1072 178 CYRILLI
1114 138 1495 179 ALEXANDR.
1726 137 1813 178 viii.
1829 137 1899 189 48.

313 244 637 306 δαιμονιῶντα,
672 247 810 312 φασὶ,
842 245 925 296 τὸν
960 249 1008 296 ἐκ
1044 249 1170 297 Θεοῦ
1208 246 1455 313 πεφηνότα
1493 251 1711 309 τολμῶσι
1749 245 1906 311 λέγειν

315 324 453 388 Θεὸν,
504 327 635 377 αὐτοὶ
686 331 878 391 μᾶλλον
928 329 976 378 ἐν
1025 328 1204 381 ἑαυτοῖς
1261 326 1315 379 τὸ
1373 327 1543 395 πικρὸν
1594 328 1778 396 ἔχοντες
1830 328 1906 378 καὶ

96 410 255 441 ὈΟΓ-Χῇ·
316 408 548 475 θεομάχον
586 408 841 472 δαιμόνιον·
886 410 1032 463 οὐδεὶς
1071 408 1165 475 γὰρ
1207 409 1335 475 λε’γει
1366 408 1608 474 Ἀνάθεμα
1639 411 1829 474 Ἰησοῦς
1868 413 1906 460 εἰ

271 489 379 554 ᾱμὴ
417 491 464 541 ἐν
492 489 800 556 Βεελζεβοῦλ,
827 490 947 541 κατὰ
983 490 1067 555 τὴν
1103 496 1188 541 τοῦ
1225 490 1425 542 Παύλου
1460 491 1639 559 φωνήν.
1695 496 1906 560 ψεῦσται

313 571 398 634 μὲν
438 572 519 623 οὖν
563 574 637 622 καὶ
678 573 901 639 ὑβρισταὶ
941 575 1016 623 καὶ
1062 574 1271 639 λοίδοροι
1315 576 1391 624 καὶ
1437 573 1513 623 διὰ
1557 573 1737 624 τούτων
1776 572 1946 631 ὅντες5

314 653 601 716 ἁλώσονται,
629 657 705 705 καὶ
742 658 992 722 θεομαχεῖν
1018 654 1286 718 εἰθισμένοι,
1314 654 1400 719 τὴν
1427 654 1707 721 πρέπουσαν
1733 655 1902 706 ἀποτί-

313 758 458 786 σουσι
486 736 619 800 δίκην
645 740 711 805 τῷ
737 735 893 787 πάντα
921 735 1137 804 ἰσχύοντι
1165 741 1315 804 κριτῇ.

389 817 626 882 Ζητητέον
674 818 721 869 δὲ
766 817 919 869 πάλιν
963 820 1050 869 κάν
1091 819 1241 888 τούτῳ
1285 818 1370 883 τὴν
1414 820 1584 881 αἰτίαν,
1629 819 1684 870 δι’
1728 818 1786 882 ἢν
1830 821 1906 869 καὶ

311 901 595 970 Σαμαρείτην
621 897 740 951 εἶναί
770 904 894 968 φασι
933 902 1009 952 καὶ
1038 898 1340 970 ὃαιμονιῶντα
1366 901 1448 952 τὸν
1479 900 1670 968 Κύριον.
1726 899 1780 951 τὸ
1812 899 1906 968 γὰρ

309 982 570 1048 προθέντας
609 986 754 1033 εἰπεῖν
781 986 850 1033 Οὐ
892 983 1049 1038 καλῶς
1089 987 1212 1051 ἡμεῖς
1251 982 1452 1049 λέγομεν,
1487 984 1767 1051 ὑπεμφαίνει
1804 1006 1904 1036 πως
1926 1006 1976 1033 10

311 1066 373 1118 ὡς
407 1065 476 1114 ἐπ’
505 1064 669 1117 αἰτίαις
707 1067 806 1115 τισὶ
847 1067 922 1116 καὶ
961 1067 1022 1118 ὡς
1059 1068 1345 1135 Σαμαρείτην
1379 1066 1673 1132 διασύρουσι,
1701 1067 1776 1116 καὶ
1812 1063 1906 1129 μὴν

311 1147 386 1196 καὶ
437 1144 491 1196 τὸ
541 1146 716 1211 ἕτερον,
764 1145 880 1211 ὅπερ
926 1150 1009 1210 τῆς
1053 1148 1237 1198 ἐκείνων
1283 1147 1388 1198 ε”στι
1433 1151 1675 1211 τολμῆσαι
1723 1149 1900 1217 φωνῆς.

274 1228 478 1279 οούκοῦν
506 1227 803 1294 Σαμαρείτην
840 1226 960 1279 εἷναί
995 1233 1150 1297 φασιν
1188 1232 1250 1284 ὡς
1289 1232 1641 1298 ἀδιαφοροῦντα
1679 1231 1783 1296 περὶ
1822 1228 1906 1282 τὰς

312 1308 505 1373 νομικὰς
549 1309 759 1373 ἐντολὰς,
806 1313 881 1361 καὶ
928 1309 1014 1374 τὴν
1055 1317 1138 1362 τοῦ
1181 1311 1436 1373 σαββάτου
1480 1311 1625 1362 λύσιν
1667 1313 1715 1362 ἐν
1756 1312 1904 1362 οὐδενὶ

313 1392 627 1458 λογιζόμενον.
681 1393 733 1443 οὐ
768 1391 861 1458 γὰρ
897 1392 1096 1459 ἀκριβὴς
1131 1393 1260 1460 παρὰ
1297 1399 1393 1447 τοῖς
1427 1394 1738 1460 Σαμαρείταις
1773 1394 1904 1444 ε’στῖν
1926 1413 1973 1452 15

310 1475 623 1537 Ἰουδαϊσμὸς,
648 1475 865 1538 μέμικται
902 1476 962 1525 δέ
985 1499 1086 1530 πως
1114 1476 1241 1527 ἔθεσι
1267 1481 1364 1530 τοῖς
1391 1477 1584 1530 ὀθνείοις
1612 1477 1687 1526 καὶ
1713 1477 1898 1540 ‘Emm-

311 1561 453 1610 νικοῖς
490 1557 518 1620 ἡ
558 1556 742 1607 ἐκείνων
778 1558 988 1622 λατρεία.
1034 1557 1062 1622 ἢ
1103 1559 1208 1608 καθ’
1238 1558 1394 1624 ἕτερον
1426 1558 1574 1623 λόγον
1606 1559 1904 1623 Σαμαρείτην

310 1638 536 1704 λε’γουσιν
570 1637 712 1689 αὐτὸν
750 1637 877 1701 εἶναι,
918 1640 1104 1705 ἐπείπερ
1146 1641 1455 1706 Σαμαρείταις
1494 1638 1551 1703 ἧν
1587 1640 1687 1693 ε”θος
1726 1640 1903 1694 ἑαυτοῖς

310 1720 395 1784 μὲν
427 1720 511 1785 τὴν
547 1720 846 1787 καθαρότητα
884 1726 1135 1788 μαρτυρεῖν
1167 1745 1217 1772 τε
1256 1724 1332 1772 καὶ
1370 1721 1728 1790 ἐπιψεύδεσθαι,
1761 1744 1903 1773 κατα-

274 1804 481 1867 εικρίνειν
508 1802 556 1854 δὲ
591 1802 697 1857 τοὺς
731 1804 914 1870 ἑτέρους
949 1806 1010 1856 ὡς
1046 1804 1450 1867 μεμολυσμένους.
1504 1802 1579 1854 διὰ
1606 1804 1782 1868 ταύτην
1807 1803 1901 1871 γὰρ
1923 1828 1974 1852 20

312 1882 440 1949 οἶμαι
480 1884 567 1949 τὴν
604 1884 853 1953 πρόφασιν
892 1892 919 1914 “
941 1887 1016 1936 Οὐ
1059 1891 1365 1953 συγχρῶνται
1404 1887 1622 1936 Ἰουδαῖοι
1662 1887 1898 1952 Σαμαρεί-

313 1974 340 1996 “
366 1968 511 2029 ταις,”
560 1966 679 2018 κατὰ
729 1967 782 2018 τὸ
832 1968 1178 2034 γεγραμμένον,
1233 1974 1572 2034 παραιτοῦνται
1622 1967 1669 2018 δὲ
1722 1970 1796 2019 καὶ
1846 1967 1902 2020 τὸ

311 2049 484 2115 ἑτέροις
522 2052 648 2101 τισὶν
687 2051 1043 2116 ἐπιμίσγεσθαι,
1074 2048 1544 2114 καταμυσαττόμενοι
1583 2048 1760 2115 τρόπον
1799 2050 1903 2102 τινὰ

311 2130 393 2182 τὸν
438 2134 646 2183 ἐντεῦθεν
690 2130 958 2195 μολυσμὸν,
1007 2133 1194 2197 ἐπείπερ
1244 2133 1399 2185 αὐτοῖς
1448 2132 1502 2182 τὸ
1552 2133 1698 2185 οὕτως
1742 2137 1902 2198 ληρεῖν

312 2214 463 2278 ὀρθῶς
491 2214 612 2280 ἔχειν
640 2215 776 2264 δοκεῖ.
839 2214 1156 2280 καταδικάζων
1183 2213 1231 2264 δὲ
1257 2217 1337 2276 τῆς
1365 2215 1603 2264 Ἰουδαίων
1629 2215 1901 2278 κακοηθείας
1924 2240 1970 2278 25

313 2296 338 2344 ὁ
378 2294 565 2361 Κύριος,
604 2294 726 2348 υἱοὺς
764 2293 850 2357 μὲν
890 2294 1056 2348 αὐτοὺς
1096 2294 1319 2346 ἀπεκάλει
1358 2300 1441 2346 τοῦ
1479 2294 1721 2359 διαβόλου,
1754 2298 1902 2366 ἑαυτῷ

313 2376 464 2442 γεμὴν
491 2377 545 2427 τὸ
571 2381 817 2430 παντελῶς
842 2377 1114 2427 ἀνυπαίτιον
1140 2381 1199 2430 εἰς
1225 2378 1468 2443 ἁμαρτίαν,
1496 2380 1571 2428 καὶ
1603 2378 1901 2443 καθαρότητα

315 2458 402 2521 τὴν
428 2462 491 2511 εἰς
525 2458 669 2525 ἄκρον
696 2460 1000 2524 ἐπιμαρτυρεῖ
1032 2459 1188 2523 λέγων
1217 2467 1242 2488 “
1263 2460 1348 2513 Τίς
1383 2460 1440 2527 ἐξ
1472 2461 1600 2523 ὑμῶν
1625 2458 1808 2527 ἐλέγχει
1841 2483 1900 2524 με

317 2547 343 2570 “
369 2542 474 2606 περὶ
507 2540 737 2606 ἁμαρτίας
757 2541 796 2602 ;'’
837 2545 975 2591 τοῦτο
1003 2539 1051 2590 δὲ
1079 2539 1135 2605 ἧν
1160 2543 1368 2606 ἐναργῶς
1403 2542 1550 2610 ἑαυτῷ
1579 2539 1663 2605 μὲν
1688 2540 1897 2607 καθαρό-

270 2634 297 2675 b
314 2646 446 2688 τητα,
471 2622 545 2673 διὰ
571 2627 654 2673 τοῦ
680 2620 745 2686 μὴ
773 2621 1006 2673 δύνασθαι
1031 2628 1299 2687 περιπεσεῖν
1326 2623 1543 2692 ἁμαρτίᾳ,
1564 2623 1649 2688 τὴν
1676 2622 1899 2675 ἀνωτάτω
1919 2644 1970 2681 30

365 2767 394 2790 1.
422 2757 642 2799 δαιμονιῶντα
662 2757 704 2790 Β.
722 2757 927 2801 δαιμονῶντα
947 2757 1013 2791 Ed.
1095 2758 1187 2802 φασὶ
1204 2763 1426 2802 assumptum
1446 2770 1487 2792 ex
1509 2758 1549 2791 B.
1572 2757 1689 2791 Holst.
1710 2758 1769 2803 qui
1787 2749 1899 2802 φῆσὶν

315 2802 491 2835 exhibent.
810 2815 842 2847 3.
868 2803 1001 2847 Ἰησοῦς
1023 2804 1061 2837 Β.
1082 2810 1120 2838 ut
1139 2816 1245 2847 supra
1266 2816 1282 2837 2
1297 2816 1314 2837 e
1332 2811 1363 2838 et
1383 2805 1476 2839 alibi.
1495 2804 1628 2847 Ἰησοῦν
1647 2816 1677 2838 a.
1694 2803 1810 2847 Ἰησοῦ
1830 2803 1896 2838 Ed.

315 2860 347 2892 9.
375 2849 593 2891 δαιμονιῶντιι
615 2850 655 2883 B.
674 2849 881 2891 δαιμονῶντα
901 2850 967 2885 Ed.
1070 2862 1121 2884 10.
1147 2851 1333 2894 προθέντας
1353 2851 1429 2885 Cat.
1451 2851 1549 2885 Harl.
1569 2856 1655 2883 teste
1673 2850 1766 2883 Allb.
1785 2865 1896 2894 προσ-

314 2895 431 2928 θέντας
454 2895 515 2928 Ed.
572 2896 668 2929 Nihil
686 2898 803 2929 notavi
823 2897 864 2930 de
884 2909 913 2930 a.
1040 2908 1089 2930 12.
1119 2898 1168 2929 καὶ
1189 2909 1257 2930 aSS.
1276 2909 1317 2930 ex
1338 2898 1412 2931 Ra.
1542 2906 1595 2938 25.
1623 2896 1715 2929 δοκεῖ
1732 2896 1895 2930 emendat

317 2940 446 2985 Heyse.
467 2941 574 2975 δοκειιι
594 2942 634 2976 ss.
656 2943 736 2985 δοκῇ
759 2943 819 2977 Ht.
842 2943 905 2977 Ed.
972 2945 1028 2986 τῆς
1051 2944 1089 2977 Β.
1112 2943 1174 2977 Ht.
1194 2943 1253 2979 τὰς
1270 2943 1364 2978 Aub.
1479 2953 1534 2987 27.
1560 2941 1615 2987 τὸ]
1637 2942 1694 2976 τὸν
1713 2943 1848 2988 Migne.
