2037 3266
335 145 420 185 586
739 145 790 187 B.
824 146 1098 188 CYRILLI
1140 146 1523 188 ALEXANDR.
1762 161 1830 186 xv.
1853 145 1916 185 18.

335 252 584 307 λυσιτελὲς
621 259 717 308 τοῖς
756 255 1066 320 ἀκροωμένοις
1110 257 1179 306 ἀεὶ
1216 255 1568 322 μηχανώμενος.
1620 257 1662 305 οἱ
1700 253 1785 317 μὲν
1825 252 1919 320 γὰρ

335 333 421 398 τὴν
453 335 684 400 ἐσομένην
710 335 817 387 ἔσθ’
854 336 930 387 ὅτε
964 338 1012 387 ἐν
1037 341 1134 390 τοῖς
1165 336 1362 400 σώμασι
1398 341 1493 387 τῶν
1518 339 1683 387 παθῶν
1710 338 1917 400 δυστρο-

334 416 448 467 πίαν
486 417 847 484 ἀνασειράζουσι
883 423 983 472 ταῖς
1021 416 1116 469 ἀπὸ
1154 421 1237 481 τῆς
1274 417 1440 485 τέχνης
1471 420 1758 484 ἐπαγωγαῖς·
1812 418 1837 467 ὁ
1871 415 1920 466 δὲ

334 496 422 562 τὴν
458 502 521 553 εἰς
551 498 605 550 rb
640 499 811 567 πρόσω
838 499 1047 566 πάροδον
1074 499 1366 567 ἀποφράττει
1401 505 1498 553 τοῖς
1532 505 1703 562 κακοῖς,
1729 501 1917 567 προφυ-

335 585 576 635 λακτικαῖς
609 580 773 648 ὥσπερ
799 583 899 632 τισὶ
936 581 1332 648 προανατειχίζων
1363 583 1573 635 ἐντολαῖς
1604 580 1690 645 τὴν
1716 579 1919 631 ἑκάστου
1938 610 1961 648 5

335 662 515 729 ψυχήν.
567 662 721 727 ἐπειδὴ
761 664 916 714 τοίνυν
954 663 1158 727 ἔμελλον
1197 664 1279 714 οὐκ
1318 663 1390 732 ἐφ’
1424 663 1526 716 ἑνὸς
1564 663 1724 716 ἔθνους
1762 661 1919 729 τυχὸν,

336 745 447 793 ἀλλ’
489 745 592 795 οὐδὲ
632 747 707 795 ἐπὶ
747 745 903 812 χώρας
943 750 1051 808 μιᾶς
1087 744 1381 811 προεδρεύειν
1419 748 1461 795 οἱ
1504 746 1727 809 μαθηταὶ,
1769 747 1916 807 καθη-

337 825 585 890 γήσασθαι
624 827 672 878 δὲ
711 832 901 890 μᾶλλον
937 826 1129 891 ἁπάσης
1166 829 1249 890 τῆς
1290 828 1368 895 ὑφ’
1397 827 1529 895 ἡλίῳ,
1557 828 1632 877 καὶ
1671 830 1767 880 τοῖς
1801 823 1920 875 κατὰ

298 933 320 960 e
337 912 501 959 πᾶσαν
534 908 620 973 τὴν
647 908 917 972 οἰκουμένην
941 907 1023 959 τὸν
1049 907 1354 974 εὐαγγελικὸν
1380 911 1455 958 καὶ
1489 912 1614 959 θεῖον
1641 906 1920 974 διακηρῦξαι

337 988 502 1055 λόγον,
537 991 851 1057 παρατρέπειν
889 1013 937 1041 τε
977 989 1085 1044 τοὺς
1124 989 1444 1056 ἀκροωμένους
1483 991 1558 1041 ἐπὶ
1595 988 1649 1040 τὸ
1688 989 1816 1057 μόνῳ
1853 990 1920 1056 τῷ
1942 1015 1999 1048 ιο,

338 1074 446 1140 Θεῷ
485 1075 664 1134 δοκοῦν,
690 1075 766 1123 καὶ
799 1071 1083 1135 μεταθήσειν
1110 1071 1166 1140 ἐξ
1195 1072 1425 1137 ἁμαρτίας
1459 1072 1532 1122 ἐπὶ
1571 1070 1625 1121 rb
1655 1070 1921 1132 βούλεσθαι

337 1154 453 1218 δρᾶν
496 1152 555 1204 τὰ
600 1155 755 1208 αὐτοῖς
798 1153 1052 1220 πρέποντα,
1097 1154 1172 1204 καὶ
1222 1152 1397 1203 κανόνα
1446 1156 1528 1213 τῆς
1577 1153 1752 1202 ἑαυτῶν
1803 1151 1921 1218 ζωῆς

336 1239 571 1286 ποιεῖσθαι
609 1235 692 1286 τὸν
728 1234 887 1299 νόμον,
923 1237 1045 1303 φημὶ
1090 1234 1138 1286 δὲ
1184 1234 1267 1286 τὸν
1306 1233 1625 1300 εὐαγγελικὸν,
1653 1234 1920 1298 ἀναγκαίως

337 1317 492 1370 αὐτοῖς
532 1318 640 1383 παρ’
675 1317 806 1368 οὐδὲν
847 1321 1083 1368 ποιεῖσθαι
1125 1316 1300 1367 κελεύει
1341 1315 1394 1367 τὸ
1439 1315 1569 1382 παρὰ
1614 1321 1697 1366 τοῦ
1736 1314 1920 1377 κόσμου

336 1402 596 1460 μισεῖσθαι,
646 1399 874 1461 τουτέστι,
910 1398 1040 1465 παρὰ
1078 1403 1172 1449 τῶν
1212 1398 1514 1466 φρονούντων
1553 1396 1611 1448 τὰ
1650 1399 1699 1448 ἐν
1738 1396 1918 1464 κόσμῳ,
1942 1419 1988 1458 15

336 1481 411 1529 καὶ
439 1480 707 1548 φιληδόνως
744 1504 794 1531 τε
833 1483 907 1531 καὶ
934 1483 1123 1541 ἀσεβῶς
1150 1480 1238 1546 ζῆν
1265 1479 1513 1543 ἑλομένων.
1563 1481 1638 1530 καὶ
1664 1478 1733 1532 τίς
1769 1476 1827 1528 ἂν
1852 1477 1920 1541 ε’ίη

334 1559 482 1611 πάλιν
516 1563 540 1612 ὁ
579 1561 745 1613 τούτου
785 1561 963 1626 λόγος;
1021 1560 1112 1627 ἆρα
1144 1560 1250 1626 γὰρ,
1285 1560 1389 1612 εἰπέ
1416 1583 1509 1624 μοι,
1538 1560 1735 1629 φήσειεν
1765 1559 1824 1610 ἄν
1849 1581 1919 1612 τις

335 1641 491 1710 τυχὸν,
516 1643 575 1694 τὰ
601 1649 792 1694 τοιαῦτα
827 1648 923 1697 τοῖς
962 1644 1126 1694 ἑαυτοῦ
1165 1646 1393 1705 μαθηταῖς
1431 1642 1784 1693 διακελεύεσθαι
1823 1643 1917 1691 δεῖν

114 1737 268 1772 895A
295 1725 613 1789 ιιέδοκίμασεν
658 1727 683 1775 ὁ
725 1724 955 1791 Χριστὸς,
997 1724 1238 1791 ἐπωφελες
1283 1747 1328 1774 τι
1372 1747 1533 1791 χρημα
1578 1723 1632 1774 rb
1671 1726 1917 1787 μισεῖσθαι

336 1804 525 1869 δεικνυς,
557 1807 831 1872 ἀδιακρίτως
869 1829 918 1857 τε
958 1828 1034 1856 και
1073 1806 1141 1857 ἐπ’
1172 1807 1319 1856 οὐδενι
1358 1805 1503 1872 τυχὸν
1529 1810 1624 1856 τῶν
1650 1805 1918 1869 ἀναγκαίων
1940 1826 1989 1852 20

335 1891 398 1941 εἷς
422 1886 619 1952 ὅνησινς
658 1888 813 1954 ἄπαγε
852 1891 935 1952 τῆς
975 1886 1192 1950 ἀμαθίας
1249 1888 1302 1937 οὐ
1337 1886 1429 1953 γὰρ
1454 1886 1511 1937 ἂν
1537 1889 1600 1941 εἷς
1626 1892 1765 1937 τοῦτο
1804 1885 1913 1936 διώ-

334 1974 506 2021 λισθεν
547 1971 572 2020 ὁ
616 1969 762 2035 λόγος
809 1970 947 2039 αὐτῷ·
1013 1967 1067 2020 τὸ
1117 1972 1363 2032 μισεῖσθαι
1415 1967 1463 2019 δὲ
1515 1969 1602 2036 οὐχ
1647 1969 1813 2020 ἁπλῶς
1864 1967 1917 2017 οὐ

335 2051 530 2121 σφόδρα
581 2052 911 2121 φυλάττεσθαι
959 2050 1090 2115 παρὰ
1141 2049 1318 2104 παντὸς
1369 2049 1703 2113 συμβουλεύει,
1756 2052 1915 2114 διωρι-

337 2134 523 2198 σμένως
565 2136 717 2204 φησὶν
763 2132 939 2200 ἄριστά
987 2155 1037 2183 τε
1078 2133 1154 2183 καὶ
1198 2131 1549 2197 διακεκριμένως
1596 2137 1646 2182 Εἰ
1691 2137 1709 2184 ὁ
1752 2131 1920 2198 κόσμος

335 2218 455 2285 ὑμᾶς
487 2219 622 2284 μισεῖ,
648 2215 906 2277 τουτέστιν,
932 2218 969 2264 εἰ
996 2215 1072 2265 καὶ
1103 2214 1330 2276 μέλλοιεν
1357 2214 1474 2276 ὑμᾶς
1501 2212 1577 2263 διὰ
1602 2213 1772 2275 μίσους
1799 2212 1919 2279 ἔχειν
1940 2230 1989 2269 25

337 2301 381 2347 οἱ
419 2297 479 2348 τὰ
517 2299 565 2347 ἐν
602 2295 770 2365 κόσμῳ
806 2295 1116 2359 τετιμηκότες,
1151 2296 1226 2345 καὶ
1264 2293 1387 2357 μόνα
1427 2298 1708 2362 φρονοῦντες
1745 2292 1805 2344 τὰ
1844 2293 1919 2344 ἐπὶ

293 2381 421 2442 Βτῆς
469 2381 570 2444 γῆς,
622 2378 724 2429 ’ίστε
775 2376 831 2441 δὴ
882 2377 1001 2439 τότε,
1044 2377 1182 2444 φησὶ,
1233 2374 1598 2441 προπεπονθότα
1648 2380 1786 2426 τοῦτο
1836 2374 1919 2425 τὸν

339 2460 666 2511 Διδάσκαλον.
736 2458 807 2510 ὅτι
856 2457 905 2508 δὲ
948 2462 1045 2511 τοῖς
1095 2462 1189 2508 τῶν
1230 2458 1510 2508 καλλίστων
1554 2460 1825 2522 εἷσηγηταῖς
1866 2456 1920 2506 οὐ

338 2543 531 2609 μετρίαν
562 2541 680 2592 οἴσει
714 2539 799 2605 τὴν
826 2539 994 2604 ὄνησιν
1019 2545 1102 2590 τοῦ
1131 2541 1352 2604 Σωτῆρος
1379 2539 1406 2602 ἡ
1434 2537 1617 2602 ἐντολὴ,
1642 2539 1820 2589 κατίδοι
1851 2559 1920 2591 τις

338 2623 395 2675 ἂν
430 2624 478 2675 εὖ
515 2623 648 2687 μάλα
686 2623 870 2691 ῥαδίως,
910 2625 947 2672 εἰ
982 2625 1039 2688 τῇ
1079 2624 1175 2671 τῶν
1213 2618 1509 2686 πραγμάτων
1547 2618 1723 2689 ἐνορῴη
1762 2618 1918 2688 φύσει.
1941 2635 1990 2672 30

339 2705 485 2773 φίλον
521 2704 606 2769 μὲν
645 2704 738 2770 γάρ
775 2726 874 2757 πως
913 2704 994 2764 ἀεὶ,
1035 2706 1226 2766 μᾶλλον
1267 2701 1317 2752 δὲ
1362 2704 1425 2755 ὡς
1465 2701 1637 2753 ἐπίπαν
1672 2703 1913 2751 ἐσπουδα-

392 2887 444 2922 16.
471 2902 506 2921 τε
524 2894 747 2933 assumptum
764 2899 805 2923 ex
824 2887 865 2922 E.
1207 2885 1330 2919 18-20.
1357 2885 1389 2918 A
1406 2885 1510 2931 τυχὸν
1527 2884 1570 2920 ad
1588 2884 1692 2930 τυχὸν
1708 2882 1858 2918 transilit
1876 2881 1918 2916 E.

343 2944 397 2977 24.
423 2948 458 2968 τε
476 2935 585 2979 φησιν
604 2934 644 2969 Ε.
929 2943 984 2977 29.
1009 2931 1148 2977 μετρίαν
1166 2932 1208 2967 Ε.
1226 2932 1368 2977 μετρίως
1386 2931 1453 2967 Ed.
