2037 3266
326 130 409 171 606
728 134 778 175 B.
811 134 1086 176 CYRILLI
1128 115 1511 178 ALEXANDR.
1667 138 1821 188 xv.26,
1840 150 1908 190 27.

324 239 585 305 κακόνοιαν,
611 243 921 310 προειρηκότα
960 244 1008 296 δὲ
1042 250 1233 309 μᾶλλον
1268 248 1343 297 καὶ
1382 246 1452 297 ὅτι
1491 246 1576 309 μὲν
1614 246 1748 297 ἔσται
1786 269 1905 311 προ-

325 321 578 386 εγνωκότα,
605 325 888 392 κεχρημένον
921 326 1071 392 γεμὴν
1103 326 1357 393 ἡμερότητί
1387 351 1437 379 τε
1476 330 1551 379 καὶ
1591 330 1908 397 ἀμνησικακίᾳ

324 407 591 471 θεοπρεπεῖ.
643 408 946 473 παρατέθεικε
972 408 1066 474 γὰρ
1102 411 1177 460 καὶ
1204 410 1531 474 ἀκαθηκόντως
1559 412 1706 464 οὕτως
1732 413 1901 461 διακει-

321 486 475 548 μένοις
507 487 592 539 τὸν
617 493 679 543 εἰς
714 490 953 556 σωτηρίαν
979 497 1217 541 καλοῦντα
1254 491 1415 557 λόγον,
1442 491 1562 558 πρὸς
1587 492 1642 542 τὸ
1673 494 1749 542 καὶ
1784 491 1900 542 θαύ-

277 582 303 623 b
322 591 443 631 μασι
480 575 706 632 βεβαιοῦν
733 575 816 635 τῆς
853 575 916 625 εἷς
954 571 1096 623 αὑτὸν
1121 573 1328 627 πίστεως
1365 573 1451 637 τὴν
1476 574 1750 638 ὁμολογίαν,
1777 574 1904 639 εἴπερ
1924 598 1946 636 5

319 649 437 705 τινὲς
475 651 602 716 ἦσαν
628 655 797 719 ἀγαθοὶ
833 656 908 704 καὶ
947 655 1249 720 εὐγνώμονες.
1305 658 1484 725 ὠφελεῖ
1513 655 1560 706 δὲ
1585 656 1780 724 σφόδρα
1818 658 1905 707 κάν

319 732 470 802 τούτῳ
520 733 629 789 τοὺς
676 735 905 799 μαθητὰς,
951 737 1006 787 ἵν’
1054 737 1388 801 ἀμνησικάκως
1438 739 1514 788 καὶ
1563 742 1659 790 τοῖς
1706 737 1905 804 ὑβρίζειν

319 815 485 869 αὐτοὺς
516 818 805 884 ἐπιχειροῦσι
831 815 914 868 τὸν
948 821 1030 882 τῆς
1055 821 1294 884 σωτηρίας
1329 821 1612 885 προτείνωσι
1637 818 1800 884 λόγον,
1828 822 1904 870 καὶ

285 905 292 909 ’
317 899 416 948 κατ’
444 896 558 949 αὐτὸ
586 899 642 963 δὴ
668 905 806 951 τοῦτο
832 901 931 951 κατ’
960 901 1089 968 ἰ’χνος
1122 900 1268 955 ἰόντες
1301 901 1544 969 φαίνοιντο
1582 905 1666 966 τῆς
1704 904 1751 952 ἐν
1777 903 1904 970 αὐτῷ

316 983 393 1030 καὶ
436 981 609 1050 πρώτῳ
661 982 1011 1051 διαλαμψάσης
1053 986 1233 1049 ἀρετῆς.
1304 985 1347 1035 εἴ
1390 1007 1434 1035 τι
1476 984 1569 1051 γὰρ
1614 983 1810 1049 ἀγαθὸν,
1855 986 1903 1034 ἐν

315 1062 488 1132 πρώτῳ
514 1067 714 1133 Χριστῷ
752 1067 828 1115 καὶ
866 1066 939 1134 ἐφ’
980 1066 1113 1129 ἡμᾶς,
1150 1069 1226 1117 καὶ
1265 1067 1322 1136 ἐξ
1357 1068 1498 1118 αὐτοῦ
1540 1067 1713 1132 διέρπει
1746 1066 1903 1117 πάντα

314 1143 373 1193 τὰ
410 1144 674 1197 κάλλιστα.

276 1294 296 1317 0

247 1326 443 1373 26“O†01v
486 1327 528 1368 δὲ
572 1328 677 1386 ἕλθῌ
718 1330 740 1372 ὁ
781 1331 1061 1386 ΠαρακλΗτοο
1106 1333 1153 1373 ὃν
1196 1332 1282 1379 &sch
1326 1334 1485 1382 Πέμψω
1528 1329 1622 1380 ὑμῖν
1664 1333 1779 1388 Παρὰ
1825 1337 1898 1374 τοῦ

379 1411 562 1467 Πατρὸο,
606 1412 653 1453 τὸ
698 1417 864 1461 Πνεῦμα
908 1416 986 1455 Πῖο
1026 1414 1229 1456 (ihm->esoce
1274 1417 1296 1457 ὃ
1341 1415 1456 1471 Παρὰ
1502 1420 1575 1457 τοῦ
1618 1416 1788 1472 Πατρὸε
1831 1417 1900 1457 ἑκ-

245 1508 290 1547 27
383 1495 622 1550 Πορεύεται,
652 1493 818 1536 ἐκεῖνος
851 1498 1115 1554 μαρτυρήσει
1150 1498 1247 1555 Περὶ
1284 1500 1404 1547 ἐμοῦ·
1445 1499 1514 1540 καὶ
1551 1497 1669 1547 ὑμεῖς
1708 1499 1752 1541 δὲ
1791 1514 1896 1556 μαρ-

377 1575 555 1633 τυρεῖτε,
593 1579 657 1620 ὅτι
696 1579 762 1620 ἀπ’
807 1581 941 1636 ἀρχῆς
979 1582 1062 1629 μετ’
1106 1583 1210 1630 ἐμοῦ
1249 1583 1359 1625 ἐστε.

88 1702 198 1775 θηρὶ-ζ
392 1695 712 1755 Μεμισῆσθαι
748 1693 903 1759 λέγων
929 1694 1094 1746 ἑαυτόν
1119 1718 1167 1746 τε
1205 1698 1280 1746 καὶ
1317 1695 1398 1747 τὸν
1427 1697 1620 1762 Πατέρα
1649 1695 1779 1762 παρὰ
1804 1700 1900 1746 τῶν

89 1757 130 1775 ve
153 1771 159 1776 .
223 1769 229 1776 ι

89 1795 141 1826 Jb.
158 1755 218 1835 2514
315 1774 559 1824 ἀσυνέτων
597 1776 850 1838 Ἰουδαίων,
889 1779 964 1827 καὶ
1003 1783 1140 1828 τοῦτο
1180 1778 1357 1844 δωρεὰν
1396 1780 1471 1829 καὶ
1508 1780 1576 1829 ἐπ’
1618 1779 1766 1829 οὐδενὶ
1806 1783 1899 1829 τῶν

315 1855 516 1918 εἰκότων,
544 1857 927 1924 συμπαρεισάγει
953 1858 1007 1909 τὸ
1036 1863 1231 1922 Πνεῦμα
1266 1860 1526 1927 χρησίμως,
1562 1861 1677 1923 ὁμοῦ
1710 1862 1785 1910 καὶ
1817 1863 1899 1924 τῆς

271 1939 453 2003 (Ῑὰγίας
492 1939 696 2006 Τριάδος
742 1940 829 2004 τὴν
868 1940 1213 2007 ἀναπλήρωσιν
1257 1944 1462 2006 ἐμποιῶν
1506 1947 1572 2012 τῷ
1619 1941 1777 2011 Λόγῳ,
1822 1944 1898 1993 καὶ

315 2019 430 2071 αὐτὸ
476 2021 523 2071 δὲ
570 2020 746 2076 δεικνὺς
792 2024 1221 2087 συνητιμασμένον,
1267 2024 1343 2074 ἵνα
1390 2023 1668 2089 ὁλοκλήρως
1706 2026 1754 2074 ἐν
1798 2027 1899 2092 Υἱῷ

315 2102 705 2172 πεπαρῳνηκότες
723 2104 1010 2171 ἐλέγχωνται
1032 2109 1126 2155 τῶν
1145 2104 1430 2174 παραδόξων
1457 2109 1498 2156 οὶ
1524 2108 1688 2171 θεωροὶ
1715 2107 1790 2155 καὶ
1815 2109 1899 2169 τῆς

315 2184 538 2235 ἀνωτάτω
577 2190 750 2236 πασῶν
777 2187 940 2239 οὐσίας
975 2186 1060 2250 τὴν
1099 2188 1244 2240 οὕτως
1273 2189 1488 2255 ὑπερφυᾶ
1526 2188 1898 2253 καθυβρίσαντες

315 2266 525 2329 δύναμιν,
572 2268 626 2316 δι’
675 2265 741 2317 ὧν
784 2269 870 2334 οὐχ
911 2266 1038 2321 ὅπως
1079 2269 1435 2336 παραδέχεσθαι
1487 2271 1582 2318 δεῖν
1626 2267 1774 2337 ᾤοντο
1815 2268 1898 2320 τὸν

314 2347 544 2413 Χριστὸν,
596 2348 747 2399 καίτοι
796 2355 1200 2415 τερατουργοῦντα
1251 2350 1396 2418 ξένως
1451 2354 1513 2404 εἷς
1563 2352 1897 2419 πληροφορίαν

314 2431 483 2492 αὐτῶν,
528 2431 637 2480 ἀλλ’
686 2428 752 2480 ὧν
793 2430 882 2494 ἤδη
928 2429 1201 2496 δεδράκασι·
1263 2431 1652 2496 δεδυσσεβήκασι
1695 2432 1790 2499 γὰρ
1834 2437 1896 2487 εἷς

313 2511 470 2572 αὐτὸν,
513 2509 543 2562 ἃ
582 2514 658 2562 καὶ
695 2510 840 2575 μόνον
879 2514 1010 2562 ἐστὶν
1049 2514 1268 2577 ἐννοῆσαι
1308 2512 1518 2582 φρικτόν.
1577 2515 1737 2577 καίτοι,
1778 2515 1895 2583 φαίη

312 2594 407 2660 γὰρ
457 2594 515 2645 ἄν
562 2617 631 2648 τις
675 2593 833 2662 τυχὸν,
878 2592 915 2643 ὦ
959 2593 1216 2663 παράφρον
1259 2596 1471 2658 Ἰουδαΐε,
1521 2594 1773 2659 θαυμάτων
1815 2619 1896 2648 σοι

359 2774 392 2803 4.
417 2759 473 2806 τὸ]
493 2763 539 2807 τῷ
559 2761 601 2795 Ε.
821 2771 852 2806 7.
880 2761 958 2797 τοὺς
974 2762 1123 2806 μαθητὰς
1142 2762 1182 2797 Ε.
1201 2765 1271 2799 τοῖς
1287 2763 1450 2807 μαθηταῖς
1469 2762 1535 2797 Ed.
1587 2762 1745 2798 Statim''
1731 2765 1771 2798 ιν’
1790 2763 1893 2808 ἀμνη-

311 2810 457 2843 σικάκως
476 2808 517 2841 Ε.
523 2809 559 2841 F.
580 2807 646 2841 Ed.
665 2819 738 2851 mg.
757 2823 808 2841 ινα
825 2809 1039 2852 μνησικάκως
1056 2809 1123 2843 Ed.
1396 2821 1448 2844 10.
1473 2812 1595 2856 πρώτῳ
1615 2810 1655 2844 Ε.
1672 2813 1806 2854 πρώτης
1824 2811 1892 2845 Ed.

315 2866 366 2899 13
393 2854 451 2888 οὖν
468 2866 530 2898 pro
548 2855 583 2888 δὲ
604 2855 644 2888 Ε.
717 2857 776 2888 τοῦ
795 2863 1019 2899 assumptum
1038 2867 1079 2888 ex
1099 2856 1141 2889 E.
1471 2867 1527 2890 21.
1553 2858 1634 2890 αὐτὸ
1654 2857 1695 2890 Ε.
1713 2858 1803 2902 αὐτῷ
1823 2856 1891 2891 Ed.

309 2915 600 2944 συνητιμασμενον
627 2901 664 2935 F.
693 2900 759 2934 Ed.
785 2912 856 2943 mO'.
891 2916 1211 2945 σινητισμασμενον
1239 2902 1278 2936 E.
1307 2917 1618 2947 συνητοιμασμενον
1645 2902 1712 2936 Ed.
1763 2902 1890 2937 Statim

307 2947 346 2981 ιν’
368 2948 406 2981 F
616 2948 698 2980 28.
726 2948 908 2991 πηριὶφρον
929 2947 968 2981 Ε.
986 2950 1177 2993 παράφρων
1197 2949 1261 2982 Ed.

1926 1006 1975 1032 10

1922 1515 1970 1553 15

1920 1972 1969 1996 20

1918 2383 1968 2421 25
