<?xml version="1.0" encoding="UTF-8"?>
<!DOCTYPE html PUBLIC "-//W3C//DTD XHTML 1.0 Transitional//EN"
    "http://www.w3.org/TR/xhtml1/DTD/xhtml1-transitional.dtd">
<html xmlns="http://www.w3.org/1999/xhtml" xml:lang="en" lang="en">
 <head>
  <title>
</title>
<meta http-equiv="Content-Type" content="text/html;charset=utf-8" />
  <meta name='ocr-system' content='tesseract 3.04.00' />
  <meta name='ocr-capabilities' content='ocr_page ocr_carea ocr_par ocr_line ocrx_word'/>
</head>
<body>
  <div class='ocr_page' id='page_1' title='image "./operacyrilli04cyriuoft/operacyrilli04cyriuoft_0453.png"; bbox 0 0 2022 3272; ppageno 0'>
   <div class='ocr_carea' id='block_1_1' title="bbox 85 138 1661 181">
    <p class='ocr_par' dir='ltr' id='par_1_1' title="bbox 85 138 1661 181">
     <span class='ocr_line' id='line_1_1' title="bbox 85 138 1661 181; baseline -0.001 -3"><span class='ocrx_word' id='word_1_1' title='bbox 85 138 252 180; x_wconf 82' lang='lat' dir='ltr'>xiv.11.</span> <span class='ocrx_word' id='word_1_2' title='bbox 330 140 403 180; x_wconf 89' lang='lat' dir='ltr'>IN</span> <span class='ocrx_word' id='word_1_3' title='bbox 446 139 488 180; x_wconf 88' lang='lat' dir='ltr'>S.</span> <span class='ocrx_word' id='word_1_4' title='bbox 523 139 858 181; x_wconf 78' lang='lat' dir='ltr'>JOANNEM..</span> <span class='ocrx_word' id='word_1_5' title='bbox 924 139 1159 180; x_wconf 26' lang='lat' dir='ltr'>&gt;L113.1x.</span> <span class='ocrx_word' id='word_1_6' title='bbox 1224 140 1356 180; x_wconf 67' lang='lat' dir='ltr'>(JAP.</span> <span class='ocrx_word' id='word_1_7' title='bbox 1394 139 1426 179; x_wconf 90' lang='grc' dir='ltr'>Ι.</span> <span class='ocrx_word' id='word_1_8' title='bbox 1589 141 1661 178; x_wconf 76' lang='lat' dir='ltr'>¹l-l-l</span> 
     </span>
    </p>
   </div>
   <div class='ocr_carea' id='block_1_2' title="bbox 20 246 1907 1962">
    <p class='ocr_par' dir='ltr' id='par_1_2' title="bbox 84 246 1718 559">
     <span class='ocr_line' id='line_1_2' title="bbox 87 246 1673 316; baseline -0.001 -19"><span class='ocrx_word' id='word_1_9' title='bbox 87 246 260 314; x_wconf 78' lang='grc' dir='ltr'>Κύριος</span> <span class='ocrx_word' id='word_1_10' title='bbox 287 247 335 298; x_wconf 75' lang='grc' dir='ltr'>δὲ</span> <span class='ocrx_word' id='word_1_11' title='bbox 361 248 531 309; x_wconf 81' lang='grc' dir='ltr'>αὐτόςς</span> <span class='ocrx_word' id='word_1_12' title='bbox 575 251 611 299; x_wconf 81' lang='grc' dir='ltr'>εὶ</span> <span class='ocrx_word' id='word_1_13' title='bbox 638 248 732 316; x_wconf 75' lang='grc' dir='ltr'>γὰρ</span> <span class='ocrx_word' id='word_1_14' title='bbox 761 251 835 300; x_wconf 75' lang='grc' dir='ltr'>καὶ</span> <span class='ocrx_word' id='word_1_15' title='bbox 864 251 950 300; x_wconf 74' lang='grc' dir='ltr'>υἱοὶ</span> <span class='ocrx_word' id='word_1_16' title='bbox 977 248 1245 313; x_wconf 79' lang='grc' dir='ltr'>κεκλήμεθα</span> <span class='ocrx_word' id='word_1_17' title='bbox 1273 251 1414 308; x_wconf 79' lang='grc' dir='ltr'>Θεοῦ,</span> <span class='ocrx_word' id='word_1_18' title='bbox 1442 246 1526 310; x_wconf 82' lang='grc' dir='ltr'>τὴν</span> <span class='ocrx_word' id='word_1_19' title='bbox 1553 248 1673 297; x_wconf 75' lang='grc' dir='ltr'>ἰδίαν</span> 
     </span>
     <span class='ocr_line' id='line_1_3' title="bbox 85 328 1674 397; baseline -0.001 -17"><span class='ocrx_word' id='word_1_20' title='bbox 85 328 235 397; x_wconf 86' lang='grc' dir='ltr'>φύσιν</span> <span class='ocrx_word' id='word_1_21' title='bbox 275 330 407 381; x_wconf 74' lang='grc' dir='ltr'>οὐδὲν</span> <span class='ocrx_word' id='word_1_22' title='bbox 448 331 589 395; x_wconf 76' lang='grc' dir='ltr'>ἧττον</span> <span class='ocrx_word' id='word_1_23' title='bbox 633 331 1037 397; x_wconf 79' lang='grc' dir='ltr'>ἐπιγινώσκοντες,</span> <span class='ocrx_word' id='word_1_24' title='bbox 1079 332 1162 381; x_wconf 83' lang='grc' dir='ltr'>οὐκ</span> <span class='ocrx_word' id='word_1_25' title='bbox 1213 328 1539 397; x_wconf 80' lang='grc' dir='ltr'>αἰσχυνόμεθα</span> <span class='ocrx_word' id='word_1_26' title='bbox 1588 328 1674 392; x_wconf 79' lang='grc' dir='ltr'>τὴν</span> 
     </span>
     <span class='ocr_line' id='line_1_4' title="bbox 84 410 1670 480; baseline -0.001 -18"><span class='ocrx_word' id='word_1_27' title='bbox 84 410 247 480; x_wconf 77' lang='grc' dir='ltr'>δόξαν·</span> <span class='ocrx_word' id='word_1_28' title='bbox 291 413 429 467; x_wconf 77' lang='grc' dir='ltr'>αὐτὸς</span> <span class='ocrx_word' id='word_1_29' title='bbox 465 413 513 464; x_wconf 77' lang='grc' dir='ltr'>δὲ</span> <span class='ocrx_word' id='word_1_30' title='bbox 549 414 654 465; x_wconf 74' lang='grc' dir='ltr'>εἰπέ</span> <span class='ocrx_word' id='word_1_31' title='bbox 681 437 774 477; x_wconf 86' lang='grc' dir='ltr'>μοι,</span> <span class='ocrx_word' id='word_1_32' title='bbox 803 413 880 464; x_wconf 75' lang='grc' dir='ltr'>διὰ</span> <span class='ocrx_word' id='word_1_33' title='bbox 904 415 1045 465; x_wconf 89' lang='grc' dir='ltr'>ποίαν</span> <span class='ocrx_word' id='word_1_34' title='bbox 1071 414 1237 474; x_wconf 82' lang='grc' dir='ltr'>αἰτίαν,</span> <span class='ocrx_word' id='word_1_35' title='bbox 1263 412 1391 478; x_wconf 88' lang='grc' dir='ltr'>ε’ίπερ</span> <span class='ocrx_word' id='word_1_36' title='bbox 1425 413 1528 461; x_wconf 79' lang='grc' dir='ltr'>ἐστὶ</span> <span class='ocrx_word' id='word_1_37' title='bbox 1563 412 1670 461; x_wconf 88' lang='grc' dir='ltr'>καθ’</span> 
     </span>
     <span class='ocr_line' id='line_1_5' title="bbox 85 492 1718 559; baseline -0.001 -16"><span class='ocrx_word' id='word_1_38' title='bbox 85 493 218 557; x_wconf 82' lang='grc' dir='ltr'>ἡμᾶς,</span> <span class='ocrx_word' id='word_1_39' title='bbox 247 496 322 545; x_wconf 79' lang='grc' dir='ltr'>καὶ</span> <span class='ocrx_word' id='word_1_40' title='bbox 348 497 446 546; x_wconf 90' lang='grc' dir='ltr'>κατ’</span> <span class='ocrx_word' id='word_1_41' title='bbox 477 495 608 546; x_wconf 78' lang='grc' dir='ltr'>οὐδὲν</span> <span class='ocrx_word' id='word_1_42' title='bbox 634 500 728 546; x_wconf 89' lang='grc' dir='ltr'>τῶν</span> <span class='ocrx_word' id='word_1_43' title='bbox 754 495 1026 559; x_wconf 82' lang='grc' dir='ltr'>κτισμάτων</span> <span class='ocrx_word' id='word_1_44' title='bbox 1053 498 1101 546; x_wconf 86' lang='grc' dir='ltr'>ἐν</span> <span class='ocrx_word' id='word_1_45' title='bbox 1127 495 1356 556; x_wconf 80' lang='grc' dir='ltr'>ἀμείνοσι,</span> <span class='ocrx_word' id='word_1_46' title='bbox 1383 492 1502 544; x_wconf 89' lang='grc' dir='ltr'>κατά</span> <span class='ocrx_word' id='word_1_47' title='bbox 1533 516 1587 559; x_wconf 90' lang='grc' dir='ltr'>γε</span> <span class='ocrx_word' id='word_1_48' title='bbox 1617 492 1671 544; x_wconf 84' lang='grc' dir='ltr'>τὸ</span> <span class='ocrx_word' id='word_1_49' title='bbox 1692 503 1718 543; x_wconf 88' lang='lat' dir='ltr'>d</span> 
     </span>
    </p>

    <p class='ocr_par' dir='ltr' id='par_1_3' title="bbox 41 572 1857 989">
     <span class='ocr_line' id='line_1_6' title="bbox 41 572 1675 647; baseline -0.001 -18"><span class='ocrx_word' id='word_1_50' title='bbox 41 572 151 638; x_wconf 84' lang='grc' dir='ltr'>5μὴ</span> <span class='ocrx_word' id='word_1_51' title='bbox 195 574 311 627; x_wconf 75' lang='grc' dir='ltr'>εἶναι</span> <span class='ocrx_word' id='word_1_52' title='bbox 356 577 476 628; x_wconf 79' lang='grc' dir='ltr'>κατὰ</span> <span class='ocrx_word' id='word_1_53' title='bbox 525 577 676 647; x_wconf 82' lang='grc' dir='ltr'>φύσιν</span> <span class='ocrx_word' id='word_1_54' title='bbox 717 579 854 632; x_wconf 64' lang='lat'>(3⁶69-</span> <span class='ocrx_word' id='word_1_55' title='bbox 915 583 1055 629; x_wconf 85' lang='grc' dir='ltr'>τοῦτο</span> <span class='ocrx_word' id='word_1_56' title='bbox 1103 577 1197 644; x_wconf 79' lang='grc' dir='ltr'>γὰρ</span> <span class='ocrx_word' id='word_1_57' title='bbox 1240 581 1338 630; x_wconf 89' lang='grc' dir='ltr'>τοῖς</span> <span class='ocrx_word' id='word_1_58' title='bbox 1381 574 1675 627; x_wconf 78' lang='grc' dir='ltr'>ἀπαιδεύτοις</span> 
     </span>
     <span class='ocr_line' id='line_1_7' title="bbox 85 655 1676 725; baseline -0.001 -17"><span class='ocrx_word' id='word_1_59' title='bbox 85 660 226 708; x_wconf 85' lang='grc' dir='ltr'>δοκεῖ·</span> <span class='ocrx_word' id='word_1_60' title='bbox 283 660 333 709; x_wconf 86' lang='grc' dir='ltr'>τί</span> <span class='ocrx_word' id='word_1_61' title='bbox 369 659 435 724; x_wconf 81' lang='grc' dir='ltr'>μὴ</span> <span class='ocrx_word' id='word_1_62' title='bbox 480 662 585 722; x_wconf 89' lang='grc' dir='ltr'>μεθ’</span> <span class='ocrx_word' id='word_1_63' title='bbox 627 661 758 724; x_wconf 81' lang='grc' dir='ltr'>ἡμῶν</span> <span class='ocrx_word' id='word_1_64' title='bbox 796 661 1027 725; x_wconf 81' lang='grc' dir='ltr'>ὁμολογεῖ</span> <span class='ocrx_word' id='word_1_65' title='bbox 1066 660 1151 724; x_wconf 86' lang='grc' dir='ltr'>τὴν</span> <span class='ocrx_word' id='word_1_66' title='bbox 1187 659 1438 720; x_wconf 70' lang='grc' dir='ltr'>δουλείαν,</span> <span class='ocrx_word' id='word_1_67' title='bbox 1498 657 1583 721; x_wconf 87' lang='grc' dir='ltr'>τὴν</span> <span class='ocrx_word' id='word_1_68' title='bbox 1628 655 1676 706; x_wconf 79' lang='grc' dir='ltr'>δὲ</span> 
     </span>
     <span class='ocr_line' id='line_1_8' title="bbox 84 738 1676 810; baseline -0.002 -19"><span class='ocrx_word' id='word_1_69' title='bbox 84 740 364 806; x_wconf 73' lang='grc' dir='ltr'>πρέπουσαν</span> <span class='ocrx_word' id='word_1_70' title='bbox 396 744 470 792; x_wconf 73' lang='grc' dir='ltr'>καὶ</span> <span class='ocrx_word' id='word_1_71' title='bbox 507 742 809 806; x_wconf 73' lang='grc' dir='ltr'>ἀνακειμένην</span> <span class='ocrx_word' id='word_1_72' title='bbox 842 744 996 796; x_wconf 85' lang='grc' dir='ltr'>ὶδικῶς</span> <span class='ocrx_word' id='word_1_73' title='bbox 1034 746 1092 810; x_wconf 79' lang='grc' dir='ltr'>τῇ</span> <span class='ocrx_word' id='word_1_74' title='bbox 1132 743 1233 810; x_wconf 74' lang='grc' dir='ltr'>θείᾳ</span> <span class='ocrx_word' id='word_1_75' title='bbox 1272 741 1417 809; x_wconf 84' lang='grc' dir='ltr'>φύσει</span> <span class='ocrx_word' id='word_1_76' title='bbox 1456 738 1595 803; x_wconf 84' lang='grc' dir='ltr'>τιμήν</span> <span class='ocrx_word' id='word_1_77' title='bbox 1626 760 1676 789; x_wconf 88' lang='grc' dir='ltr'>τε</span> 
     </span>
     <span class='ocr_line' id='line_1_9' title="bbox 86 821 1675 893; baseline -0.002 -20"><span class='ocrx_word' id='word_1_78' title='bbox 86 825 163 874; x_wconf 83' lang='grc' dir='ltr'>καὶ</span> <span class='ocrx_word' id='word_1_79' title='bbox 201 822 348 892; x_wconf 75' lang='grc' dir='ltr'>δόξαν</span> <span class='ocrx_word' id='word_1_80' title='bbox 386 825 534 893; x_wconf 72' lang='grc' dir='ltr'>ἑαυτῷ</span> <span class='ocrx_word' id='word_1_81' title='bbox 572 826 787 891; x_wconf 73' lang='grc' dir='ltr'>περιθεὶς,</span> <span class='ocrx_word' id='word_1_82' title='bbox 819 830 914 878; x_wconf 89' lang='grc' dir='ltr'>τοῖς</span> <span class='ocrx_word' id='word_1_83' title='bbox 953 825 1103 890; x_wconf 78' lang='grc' dir='ltr'>ἁγίοις</span> <span class='ocrx_word' id='word_1_84' title='bbox 1141 827 1374 888; x_wconf 79' lang='grc' dir='ltr'>μαθηταῖς</span> <span class='ocrx_word' id='word_1_85' title='bbox 1412 821 1675 888; x_wconf 84' lang='grc' dir='ltr'>εὑρίσκεται</span> 
     </span>
     <span class='ocr_line' id='line_1_10' title="bbox 87 904 1857 989; baseline -0.002 -34"><span class='ocrx_word' id='word_1_86' title='bbox 87 905 245 971; x_wconf 79' lang='grc' dir='ltr'>λέγων</span> <span class='ocrx_word' id='word_1_87' title='bbox 271 913 298 936; x_wconf 78' lang='lat'>‘⁶</span> <span class='ocrx_word' id='word_1_88' title='bbox 319 908 478 970; x_wconf 62' lang='grc' dir='ltr'>”Υμεῖς</span> <span class='ocrx_word' id='word_1_89' title='bbox 504 907 698 958; x_wconf 71' lang='grc' dir='ltr'>καλεῖτέ</span> <span class='ocrx_word' id='word_1_90' title='bbox 718 929 775 970; x_wconf 89' lang='grc' dir='ltr'>με</span> <span class='ocrx_word' id='word_1_91' title='bbox 802 907 865 957; x_wconf 79' lang='lat' dir='ltr'>‘O</span> <span class='ocrx_word' id='word_1_92' title='bbox 894 906 1051 973; x_wconf 82' lang='grc' dir='ltr'>κύριος</span> <span class='ocrx_word' id='word_1_93' title='bbox 1086 907 1163 956; x_wconf 77' lang='grc' dir='ltr'>καὶ</span> <span class='ocrx_word' id='word_1_94' title='bbox 1200 907 1224 956; x_wconf 87' lang='grc' dir='ltr'>ὁ</span> <span class='ocrx_word' id='word_1_95' title='bbox 1259 904 1568 966; x_wconf 84' lang='grc' dir='ltr'>διδάσκαλος,</span> <span class='ocrx_word' id='word_1_96' title='bbox 1599 904 1675 953; x_wconf 82' lang='grc' dir='ltr'>καὶ</span> <span class='ocrx_word' id='word_1_97' title='bbox 1737 908 1857 989; x_wconf 36' lang='lat' dir='ltr'>33¹}ss</span> 
     </span>
    </p>

    <p class='ocr_par' dir='ltr' id='par_1_4' title="bbox 20 975 1867 1382">
     <span class='ocr_line' id='line_1_11' title="bbox 20 975 1867 1056; baseline -0.003 -16"><span class='ocrx_word' id='word_1_98' title='bbox 20 1005 68 1032; x_wconf 87' lang='lat'>10</span> <span class='ocrx_word' id='word_1_99' title='bbox 89 995 116 1018; x_wconf 77' lang='lat'>‘⁶</span> <span class='ocrx_word' id='word_1_100' title='bbox 142 994 301 1043; x_wconf 86' lang='grc' dir='ltr'>καλῶς</span> <span class='ocrx_word' id='word_1_101' title='bbox 333 990 510 1055; x_wconf 77' lang='grc' dir='ltr'>λε’γετε·</span> <span class='ocrx_word' id='word_1_102' title='bbox 553 991 643 1053; x_wconf 80' lang='grc' dir='ltr'>εἰμὶ</span> <span class='ocrx_word' id='word_1_103' title='bbox 678 987 818 1056; x_wconf 85' lang='grc' dir='ltr'>γάρ.”</span> <span class='ocrx_word' id='word_1_104' title='bbox 871 991 947 1039; x_wconf 82' lang='grc' dir='ltr'>καὶ</span> <span class='ocrx_word' id='word_1_105' title='bbox 983 993 1131 1040; x_wconf 82' lang='grc' dir='ltr'>ταῦτα</span> <span class='ocrx_word' id='word_1_106' title='bbox 1167 986 1251 1052; x_wconf 79' lang='grc' dir='ltr'>μὲν</span> <span class='ocrx_word' id='word_1_107' title='bbox 1279 988 1303 1038; x_wconf 86' lang='grc' dir='ltr'><em>ὁ</em></span> <span class='ocrx_word' id='word_1_108' title='bbox 1331 985 1515 1052; x_wconf 84' lang='grc' dir='ltr'>Σωτήρ·</span> <span class='ocrx_word' id='word_1_109' title='bbox 1559 989 1602 1036; x_wconf 79' lang='grc' dir='ltr'>οἱ</span> <span class='ocrx_word' id='word_1_110' title='bbox 1627 983 1677 1035; x_wconf 85' lang='grc' dir='ltr'>δὲ</span> <span class='ocrx_word' id='word_1_111' title='bbox 1738 976 1746 982; x_wconf 41' lang='lat'><strong><em>⁴</em></strong></span> <span class='ocrx_word' id='word_1_112' title='bbox 1801 977 1806 982; x_wconf 43' lang='grc'><em>“</em></span> <span class='ocrx_word' id='word_1_113' title='bbox 1841 975 1867 990; x_wconf 47' lang='grc'>”</span> 
     </span>
     <span class='ocr_line' id='line_1_12' title="bbox 88 1067 1674 1138; baseline -0.004 -16"><span class='ocrx_word' id='word_1_114' title='bbox 88 1072 232 1122; x_wconf 88' lang='grc' dir='ltr'>καλοί</span> <span class='ocrx_word' id='word_1_115' title='bbox 265 1095 314 1122; x_wconf 88' lang='grc' dir='ltr'>τε</span> <span class='ocrx_word' id='word_1_116' title='bbox 353 1074 429 1122; x_wconf 85' lang='grc' dir='ltr'>καὶ</span> <span class='ocrx_word' id='word_1_117' title='bbox 467 1073 636 1138; x_wconf 77' lang='grc' dir='ltr'>ἀγαθοὶ</span> <span class='ocrx_word' id='word_1_118' title='bbox 674 1076 769 1122; x_wconf 86' lang='grc' dir='ltr'>τῶν</span> <span class='ocrx_word' id='word_1_119' title='bbox 804 1072 903 1122; x_wconf 86' lang='grc' dir='ltr'>κατ’</span> <span class='ocrx_word' id='word_1_120' title='bbox 937 1072 1081 1122; x_wconf 83' lang='grc' dir='ltr'>αὐτοῦ</span> <span class='ocrx_word' id='word_1_121' title='bbox 1120 1067 1372 1136; x_wconf 77' lang='grc' dir='ltr'>δογμάτων</span> <span class='ocrx_word' id='word_1_122' title='bbox 1406 1068 1674 1132; x_wconf 76' lang='grc' dir='ltr'>εἰσηγηταὶ,</span> 
     </span>
     <span class='ocr_line' id='line_1_13' title="bbox 87 1151 1718 1220; baseline -0.001 -17"><span class='ocrx_word' id='word_1_123' title='bbox 87 1154 332 1205; x_wconf 79' lang='grc' dir='ltr'>ἐπαινοῦσι</span> <span class='ocrx_word' id='word_1_124' title='bbox 366 1153 451 1218; x_wconf 72' lang='grc' dir='ltr'>μὲν</span> <span class='ocrx_word' id='word_1_125' title='bbox 477 1154 681 1220; x_wconf 79' lang='grc' dir='ltr'>λέγοντα</span> <span class='ocrx_word' id='word_1_126' title='bbox 708 1155 783 1204; x_wconf 83' lang='grc' dir='ltr'>καὶ</span> <span class='ocrx_word' id='word_1_127' title='bbox 810 1152 1164 1216; x_wconf 82' lang='grc' dir='ltr'>διατεινόμενον,</span> <span class='ocrx_word' id='word_1_128' title='bbox 1191 1155 1253 1205; x_wconf 87' lang='grc' dir='ltr'>ὡς</span> <span class='ocrx_word' id='word_1_129' title='bbox 1288 1151 1354 1215; x_wconf 76' lang='grc' dir='ltr'>ε’ίη</span> <span class='ocrx_word' id='word_1_130' title='bbox 1388 1153 1677 1214; x_wconf 79' lang='grc' dir='ltr'>παναληθῶς</span> <span class='ocrx_word' id='word_1_131' title='bbox 1696 1174 1718 1201; x_wconf 82' lang='lat' dir='ltr'>e</span> 
     </span>
     <span class='ocr_line' id='line_1_14' title="bbox 89 1231 1672 1303; baseline -0.004 -16"><span class='ocrx_word' id='word_1_132' title='bbox 89 1235 378 1300; x_wconf 81' lang='grc' dir='ltr'>καλούμενος</span> <span class='ocrx_word' id='word_1_133' title='bbox 425 1236 613 1303; x_wconf 84' lang='grc' dir='ltr'>Κύριος,</span> <span class='ocrx_word' id='word_1_134' title='bbox 653 1239 736 1300; x_wconf 79' lang='grc' dir='ltr'>τῆς</span> <span class='ocrx_word' id='word_1_135' title='bbox 788 1234 837 1287; x_wconf 76' lang='grc' dir='ltr'>δὲ</span> <span class='ocrx_word' id='word_1_136' title='bbox 882 1235 1001 1286; x_wconf 80' lang='grc' dir='ltr'>κατὰ</span> <span class='ocrx_word' id='word_1_137' title='bbox 1047 1234 1198 1303; x_wconf 85' lang='grc' dir='ltr'>φύσιν</span> <span class='ocrx_word' id='word_1_138' title='bbox 1243 1233 1513 1300; x_wconf 79' lang='grc' dir='ltr'>κυριότητος</span> <span class='ocrx_word' id='word_1_139' title='bbox 1555 1231 1672 1300; x_wconf 75' lang='grc' dir='ltr'>ἐξω-</span> 
     </span>
     <span class='ocr_line' id='line_1_15' title="bbox 90 1311 1680 1382; baseline -0.004 -13"><span class='ocrx_word' id='word_1_140' title='bbox 90 1321 278 1371; x_wconf 85' lang='grc' dir='ltr'>θοῦντες</span> <span class='ocrx_word' id='word_1_141' title='bbox 317 1317 459 1370; x_wconf 77' lang='grc' dir='ltr'>αὐτὸν</span> <span class='ocrx_word' id='word_1_142' title='bbox 498 1317 574 1369; x_wconf 78' lang='grc' dir='ltr'>διὰ</span> <span class='ocrx_word' id='word_1_143' title='bbox 611 1324 695 1369; x_wconf 82' lang='grc' dir='ltr'>τοῦ</span> <span class='ocrx_word' id='word_1_144' title='bbox 735 1316 800 1382; x_wconf 89' lang='grc' dir='ltr'>μὴ</span> <span class='ocrx_word' id='word_1_145' title='bbox 838 1318 1106 1379; x_wconf 81' lang='grc' dir='ltr'>βούλεσθαι</span> <span class='ocrx_word' id='word_1_146' title='bbox 1145 1314 1270 1367; x_wconf 74' lang='grc' dir='ltr'>Θεὸν</span> <span class='ocrx_word' id='word_1_147' title='bbox 1309 1317 1359 1366; x_wconf 88' lang='grc' dir='ltr'>ἐκ</span> <span class='ocrx_word' id='word_1_148' title='bbox 1398 1319 1522 1366; x_wconf 75' lang='grc' dir='ltr'>Θεοῦ</span> <span class='ocrx_word' id='word_1_149' title='bbox 1559 1311 1680 1364; x_wconf 78' lang='grc' dir='ltr'>κατὰ</span> 
     </span>
    </p>

    <p class='ocr_par' dir='ltr' id='par_1_5' title="bbox 23 1396 1680 1551">
     <span class='ocr_line' id='line_1_16' title="bbox 23 1396 1680 1469; baseline -0.002 -18"><span class='ocrx_word' id='word_1_150' title='bbox 23 1412 70 1452; x_wconf 90' lang='lat'>15</span> <span class='ocrx_word' id='word_1_151' title='bbox 93 1400 243 1469; x_wconf 85' lang='grc' dir='ltr'>φύσιν</span> <span class='ocrx_word' id='word_1_152' title='bbox 288 1401 555 1466; x_wconf 80' lang='grc' dir='ltr'>ὁμολογεῖν,</span> <span class='ocrx_word' id='word_1_153' title='bbox 600 1402 677 1451; x_wconf 77' lang='grc' dir='ltr'>καὶ</span> <span class='ocrx_word' id='word_1_154' title='bbox 721 1403 804 1464; x_wconf 82' lang='grc' dir='ltr'>τῆς</span> <span class='ocrx_word' id='word_1_155' title='bbox 853 1401 1030 1451; x_wconf 81' lang='grc' dir='ltr'>ἑαυτῶν</span> <span class='ocrx_word' id='word_1_156' title='bbox 1073 1399 1327 1465; x_wconf 79' lang='grc' dir='ltr'>βδελυρίας</span> <span class='ocrx_word' id='word_1_157' title='bbox 1379 1396 1439 1448; x_wconf 79' lang='grc' dir='ltr'>τὰ</span> <span class='ocrx_word' id='word_1_158' title='bbox 1488 1396 1680 1448; x_wconf 88' lang='grc' dir='ltr'>πάντων</span> 
     </span>
     <span class='ocr_line' id='line_1_17' title="bbox 91 1482 1094 1551; baseline -0.001 -17"><span class='ocrx_word' id='word_1_159' title='bbox 91 1483 324 1551; x_wconf 78' lang='grc' dir='ltr'>αἴσχιστα</span> <span class='ocrx_word' id='word_1_160' title='bbox 362 1487 640 1549; x_wconf 81' lang='grc' dir='ltr'>κατηγορεῖν</span> <span class='ocrx_word' id='word_1_161' title='bbox 679 1483 732 1533; x_wconf 82' lang='grc' dir='ltr'>οὐ</span> <span class='ocrx_word' id='word_1_162' title='bbox 770 1482 1094 1534; x_wconf 85' lang='grc' dir='ltr'>πιστεύουσιν.</span> 
     </span>
    </p>

    <p class='ocr_par' dir='ltr' id='par_1_6' title="bbox 157 1560 1680 1632">
     <span class='ocr_line' id='line_1_18' title="bbox 157 1560 1680 1632; baseline -0.001 -16"><span class='ocrx_word' id='word_1_163' title='bbox 157 1563 275 1616; x_wconf 72' lang='grc' dir='ltr'>ΓὈτι</span> <span class='ocrx_word' id='word_1_164' title='bbox 300 1564 394 1632; x_wconf 78' lang='grc' dir='ltr'>γὰρ</span> <span class='ocrx_word' id='word_1_165' title='bbox 420 1565 502 1616; x_wconf 81' lang='grc' dir='ltr'>οὐκ</span> <span class='ocrx_word' id='word_1_166' title='bbox 528 1566 576 1616; x_wconf 89' lang='grc' dir='ltr'>ἐν</span> <span class='ocrx_word' id='word_1_167' title='bbox 601 1569 698 1619; x_wconf 86' lang='grc' dir='ltr'>τοῖς</span> <span class='ocrx_word' id='word_1_168' title='bbox 722 1563 807 1628; x_wconf 86' lang='grc' dir='ltr'>τὴν</span> <span class='ocrx_word' id='word_1_169' title='bbox 834 1562 1058 1628; x_wconf 86' lang='grc' dir='ltr'>δουλικὴν</span> <span class='ocrx_word' id='word_1_170' title='bbox 1085 1563 1250 1630; x_wconf 75' lang='grc' dir='ltr'>ἔχουσι</span> <span class='ocrx_word' id='word_1_171' title='bbox 1275 1560 1427 1630; x_wconf 75' lang='grc' dir='ltr'>τάξιν,</span> <span class='ocrx_word' id='word_1_172' title='bbox 1455 1560 1559 1611; x_wconf 79' lang='grc' dir='ltr'>οὐδὲ</span> <span class='ocrx_word' id='word_1_173' title='bbox 1585 1565 1680 1614; x_wconf 85' lang='grc' dir='ltr'>τοῖς</span> 
     </span>
    </p>

    <p class='ocr_par' dir='ltr' id='par_1_7' title="bbox 89 1643 1683 1797">
     <span class='ocr_line' id='line_1_19' title="bbox 89 1643 1683 1713; baseline -0.004 -15"><span class='ocrx_word' id='word_1_174' title='bbox 89 1651 185 1698; x_wconf 88' lang='grc' dir='ltr'>τῶν</span> <span class='ocrx_word' id='word_1_175' title='bbox 210 1647 477 1713; x_wconf 85' lang='grc' dir='ltr'>γεγονότων</span> <span class='ocrx_word' id='word_1_176' title='bbox 504 1644 789 1712; x_wconf 83' lang='grc' dir='ltr'>καταλόγοις</span> <span class='ocrx_word' id='word_1_177' title='bbox 815 1646 1079 1711; x_wconf 81' lang='grc' dir='ltr'>ἐναρίθμιος</span> <span class='ocrx_word' id='word_1_178' title='bbox 1105 1643 1220 1695; x_wconf 76' lang='grc' dir='ltr'>εἶναι</span> <span class='ocrx_word' id='word_1_179' title='bbox 1246 1645 1485 1706; x_wconf 83' lang='grc' dir='ltr'>βούλεται,</span> <span class='ocrx_word' id='word_1_180' title='bbox 1513 1643 1683 1704; x_wconf 75' lang='grc' dir='ltr'>βλέπει</span> 
     </span>
     <span class='ocr_line' id='line_1_20' title="bbox 93 1725 1683 1797; baseline -0.004 -17"><span class='ocrx_word' id='word_1_181' title='bbox 93 1728 141 1781; x_wconf 80' lang='grc' dir='ltr'>δὲ</span> <span class='ocrx_word' id='word_1_182' title='bbox 167 1734 360 1794; x_wconf 80' lang='grc' dir='ltr'>μᾶλλον</span> <span class='ocrx_word' id='word_1_183' title='bbox 384 1733 447 1783; x_wconf 82' lang='grc' dir='ltr'>εὶς</span> <span class='ocrx_word' id='word_1_184' title='bbox 472 1727 559 1793; x_wconf 85' lang='grc' dir='ltr'>τὴν</span> <span class='ocrx_word' id='word_1_185' title='bbox 584 1730 786 1780; x_wconf 81' lang='grc' dir='ltr'>ἐνοῦσαν</span> <span class='ocrx_word' id='word_1_186' title='bbox 812 1729 938 1797; x_wconf 73' lang='grc' dir='ltr'>αὐτῷ</span> <span class='ocrx_word' id='word_1_187' title='bbox 970 1726 1089 1778; x_wconf 76' lang='grc' dir='ltr'>κατὰ</span> <span class='ocrx_word' id='word_1_188' title='bbox 1115 1727 1266 1796; x_wconf 86' lang='grc' dir='ltr'>φύσιν</span> <span class='ocrx_word' id='word_1_189' title='bbox 1291 1725 1576 1791; x_wconf 86' lang='grc' dir='ltr'>ἐλευθερίαν,</span> <span class='ocrx_word' id='word_1_190' title='bbox 1607 1726 1683 1775; x_wconf 82' lang='grc' dir='ltr'>καὶ</span> 
     </span>
    </p>

    <p class='ocr_par' dir='ltr' id='par_1_8' title="bbox 25 1806 1907 1962">
     <span class='ocr_line' id='line_1_21' title="bbox 25 1806 1907 1879; baseline -0.004 -16"><span class='ocrx_word' id='word_1_191' title='bbox 25 1834 74 1859; x_wconf 87' lang='lat'>20</span> <span class='ocrx_word' id='word_1_192' title='bbox 93 1810 169 1863; x_wconf 77' lang='grc' dir='ltr'>ὅτε</span> <span class='ocrx_word' id='word_1_193' title='bbox 195 1812 389 1877; x_wconf 74' lang='grc' dir='ltr'>γε’γονεν</span> <span class='ocrx_word' id='word_1_194' title='bbox 416 1813 464 1862; x_wconf 86' lang='grc' dir='ltr'>ἐν</span> <span class='ocrx_word' id='word_1_195' title='bbox 490 1814 549 1879; x_wconf 83' lang='grc' dir='ltr'>τῇ</span> <span class='ocrx_word' id='word_1_196' title='bbox 584 1816 668 1862; x_wconf 87' lang='grc' dir='ltr'>τοῦ</span> <span class='ocrx_word' id='word_1_197' title='bbox 702 1811 875 1861; x_wconf 85' lang='grc' dir='ltr'>δούλου</span> <span class='ocrx_word' id='word_1_198' title='bbox 901 1814 1080 1879; x_wconf 83' lang='grc' dir='ltr'>μορφῇ,</span> <span class='ocrx_word' id='word_1_199' title='bbox 1107 1811 1182 1860; x_wconf 80' lang='grc' dir='ltr'>καὶ</span> <span class='ocrx_word' id='word_1_200' title='bbox 1218 1808 1293 1860; x_wconf 79' lang='grc' dir='ltr'>διὰ</span> <span class='ocrx_word' id='word_1_201' title='bbox 1327 1807 1495 1859; x_wconf 79' lang='grc' dir='ltr'>τούτου</span> <span class='ocrx_word' id='word_1_202' title='bbox 1527 1806 1675 1869; x_wconf 90' lang='grc' dir='ltr'>συνή-</span> <span class='ocrx_word' id='word_1_203' title='bbox 1698 1827 1720 1852; x_wconf 82' lang='lat' dir='ltr'>a</span> <span class='ocrx_word' id='word_1_204' title='bbox 1760 1818 1841 1853; x_wconf 84' lang='grc'>’791</span> <span class='ocrx_word' id='word_1_205' title='bbox 1854 1817 1907 1853; x_wconf 84' lang='grc' dir='ltr'>Α.</span> 
     </span>
     <span class='ocr_line' id='line_1_22' title="bbox 92 1889 1682 1962; baseline -0.002 -18"><span class='ocrx_word' id='word_1_206' title='bbox 92 1916 207 1947; x_wconf 91' lang='grc' dir='ltr'>σεις.</span> <span class='ocrx_word' id='word_1_207' title='bbox 263 1894 459 1962; x_wconf 83' lang='grc' dir='ltr'>ἀφίκετο</span> <span class='ocrx_word' id='word_1_208' title='bbox 502 1892 588 1957; x_wconf 77' lang='grc' dir='ltr'>μὲν</span> <span class='ocrx_word' id='word_1_209' title='bbox 627 1892 721 1959; x_wconf 78' lang='grc' dir='ltr'>γὰρ</span> <span class='ocrx_word' id='word_1_210' title='bbox 765 1894 814 1944; x_wconf 82' lang='grc' dir='ltr'>ἐν</span> <span class='ocrx_word' id='word_1_211' title='bbox 856 1890 1201 1960; x_wconf 78' lang='grc' dir='ltr'>Καφαρναοὺμ,</span> <span class='ocrx_word' id='word_1_212' title='bbox 1242 1889 1454 1954; x_wconf 88' lang='grc' dir='ltr'>καθάπερ</span> <span class='ocrx_word' id='word_1_213' title='bbox 1498 1890 1546 1939; x_wconf 84' lang='grc' dir='ltr'>ἐν</span> <span class='ocrx_word' id='word_1_214' title='bbox 1586 1893 1682 1942; x_wconf 90' lang='grc' dir='ltr'>τοῖς</span> 
     </span>
    </p>
   </div>
   <div class='ocr_carea' id='block_1_3' title="bbox 92 1969 1907 2088">
    <p class='ocr_par' dir='ltr' id='par_1_9' title="bbox 92 1969 1907 2088">
     <span class='ocr_line' id='line_1_23' title="bbox 92 1969 1683 2042; baseline -0.004 -16"><span class='ocrx_word' id='word_1_215' title='bbox 92 1976 383 2042; x_wconf 80' lang='grc' dir='ltr'>εὐαγγελίοις</span> <span class='ocrx_word' id='word_1_216' title='bbox 428 1976 708 2042; x_wconf 69' lang='grc' dir='ltr'>ἀνέγνωμεν·</span> <span class='ocrx_word' id='word_1_217' title='bbox 768 1977 810 2025; x_wconf 83' lang='grc' dir='ltr'>οὶ</span> <span class='ocrx_word' id='word_1_218' title='bbox 853 1972 902 2024; x_wconf 82' lang='grc' dir='ltr'>δὲ</span> <span class='ocrx_word' id='word_1_219' title='bbox 946 1979 1029 2024; x_wconf 84' lang='grc' dir='ltr'>τοῦ</span> <span class='ocrx_word' id='word_1_220' title='bbox 1072 1971 1191 2023; x_wconf 79' lang='grc' dir='ltr'>κατὰ</span> <span class='ocrx_word' id='word_1_221' title='bbox 1238 1972 1382 2036; x_wconf 85' lang='grc' dir='ltr'>νόμον</span> <span class='ocrx_word' id='word_1_222' title='bbox 1423 1969 1683 2038; x_wconf 83' lang='grc' dir='ltr'>διδράχμου</span> 
     </span>
     <span class='ocr_line' id='line_1_24' title="bbox 1742 2057 1907 2088; baseline -0.006 0"><span class='ocrx_word' id='word_1_223' title='bbox 1742 2057 1907 2088; x_wconf 68' lang='lat' dir='ltr'>SMatth.</span> 
     </span>
    </p>
   </div>
   <div class='ocr_carea' id='block_1_4' title="bbox 93 2052 1875 2141">
    <p class='ocr_par' dir='ltr' id='par_1_10' title="bbox 93 2052 1875 2141">
     <span class='ocr_line' id='line_1_25' title="bbox 93 2052 1875 2141; baseline 0.014 -34"><span class='ocrx_word' id='word_1_224' title='bbox 93 2057 369 2124; x_wconf 74' lang='grc' dir='ltr'>πράκτορες,</span> <span class='ocrx_word' id='word_1_225' title='bbox 422 2056 589 2128; x_wconf 71' lang='grc' dir='ltr'>Πέτρῳ</span> <span class='ocrx_word' id='word_1_226' title='bbox 638 2055 918 2123; x_wconf 65' lang='grc' dir='ltr'>ΊΠΟΟΟἾόΡΤξς</span> <span class='ocrx_word' id='word_1_227' title='bbox 969 2055 1184 2123; x_wconf 65' lang='grc' dir='ltr'>ἔφασκον</span> <span class='ocrx_word' id='word_1_228' title='bbox 1229 2060 1255 2083; x_wconf 60' lang='lat'>⁴⁶</span> <span class='ocrx_word' id='word_1_229' title='bbox 1280 2055 1342 2105; x_wconf 47' lang='lat' dir='ltr'>‘O</span> <span class='ocrx_word' id='word_1_230' title='bbox 1392 2052 1682 2106; x_wconf 60' lang='grc' dir='ltr'>διδάσκαλος</span> <span class='ocrx_word' id='word_1_231' title='bbox 1742 2109 1875 2141; x_wconf 63' lang='lat' dir='ltr'>xv1124</span> 
     </span>
    </p>
   </div>
   <div class='ocr_carea' id='block_1_5' title="bbox 28 2133 1870 2866">
    <p class='ocr_par' dir='ltr' id='par_1_11' title="bbox 28 2133 1870 2866">
     <span class='ocr_line' id='line_1_26' title="bbox 95 2133 1683 2205; baseline -0.002 -14"><span class='ocrx_word' id='word_1_232' title='bbox 95 2147 123 2169; x_wconf 74' lang='lat'>‘⁶</span> <span class='ocrx_word' id='word_1_233' title='bbox 148 2142 278 2203; x_wconf 80' lang='grc' dir='ltr'>ὑμῶν</span> <span class='ocrx_word' id='word_1_234' title='bbox 306 2140 360 2191; x_wconf 83' lang='grc' dir='ltr'>οὐ</span> <span class='ocrx_word' id='word_1_235' title='bbox 394 2143 524 2190; x_wconf 88' lang='grc' dir='ltr'>τελεῖ</span> <span class='ocrx_word' id='word_1_236' title='bbox 554 2138 608 2190; x_wconf 85' lang='grc' dir='ltr'>τὸ</span> <span class='ocrx_word' id='word_1_237' title='bbox 641 2139 901 2205; x_wconf 78' lang='grc' dir='ltr'>δίδραχμον</span> <span class='ocrx_word' id='word_1_238' title='bbox 920 2138 959 2198; x_wconf 86' lang='grc'>;”</span> <span class='ocrx_word' id='word_1_239' title='bbox 998 2139 1074 2188; x_wconf 79' lang='grc' dir='ltr'>καὶ</span> <span class='ocrx_word' id='word_1_240' title='bbox 1110 2135 1268 2200; x_wconf 83' lang='grc' dir='ltr'>ἐπειδὴ</span> <span class='ocrx_word' id='word_1_241' title='bbox 1303 2140 1441 2187; x_wconf 84' lang='grc' dir='ltr'>τοῦτο</span> <span class='ocrx_word' id='word_1_242' title='bbox 1467 2133 1683 2201; x_wconf 74' lang='grc' dir='ltr'>Χριστὸς</span> 
     </span>
     <span class='ocr_line' id='line_1_27' title="bbox 28 2216 1683 2287; baseline -0.004 -14"><span class='ocrx_word' id='word_1_243' title='bbox 28 2234 76 2273; x_wconf 84' lang='grc'>25</span> <span class='ocrx_word' id='word_1_244' title='bbox 96 2221 352 2285; x_wconf 81' lang='grc' dir='ltr'>διεπύθετο,</span> <span class='ocrx_word' id='word_1_245' title='bbox 401 2222 451 2272; x_wconf 90' lang='grc' dir='ltr'>τί</span> <span class='ocrx_word' id='word_1_246' title='bbox 498 2219 617 2287; x_wconf 83' lang='grc' dir='ltr'>πρὸς</span> <span class='ocrx_word' id='word_1_247' title='bbox 663 2220 746 2271; x_wconf 83' lang='grc' dir='ltr'>τὸν</span> <span class='ocrx_word' id='word_1_248' title='bbox 790 2221 976 2286; x_wconf 77' lang='grc' dir='ltr'>Πέτρον</span> <span class='ocrx_word' id='word_1_249' title='bbox 1025 2218 1320 2284; x_wconf 81' lang='grc' dir='ltr'>ἀπεκρίνατο,</span> <span class='ocrx_word' id='word_1_250' title='bbox 1374 2219 1550 2269; x_wconf 83' lang='grc' dir='ltr'>δίκαιον</span> <span class='ocrx_word' id='word_1_251' title='bbox 1602 2216 1683 2267; x_wconf 77' lang='grc' dir='ltr'>οὖν</span> 
     </span>
     <span class='ocr_line' id='line_1_28' title="bbox 97 2298 1862 2374; baseline -0.003 -19"><span class='ocrx_word' id='word_1_252' title='bbox 97 2307 208 2374; x_wconf 82' lang='grc' dir='ltr'>ἰδεῖν</span> <span class='ocrx_word' id='word_1_253' title='bbox 240 2307 353 2354; x_wconf 71' lang='lat' dir='ltr'>“Oi</span> <span class='ocrx_word' id='word_1_254' title='bbox 389 2307 610 2365; x_wconf 79' lang='grc' dir='ltr'>βασιλεῖς</span> <span class='ocrx_word' id='word_1_255' title='bbox 653 2305 736 2367; x_wconf 83' lang='grc' dir='ltr'>τῆς</span> <span class='ocrx_word' id='word_1_256' title='bbox 780 2305 869 2368; x_wconf 83' lang='grc' dir='ltr'>γῆς</span> <span class='ocrx_word' id='word_1_257' title='bbox 912 2300 1006 2353; x_wconf 84' lang='grc' dir='ltr'>ἀπὸ</span> <span class='ocrx_word' id='word_1_258' title='bbox 1045 2301 1185 2352; x_wconf 88' lang='grc' dir='ltr'>τίνων</span> <span class='ocrx_word' id='word_1_259' title='bbox 1225 2298 1533 2363; x_wconf 88' lang='grc' dir='ltr'>λαμβάνουσι</span> <span class='ocrx_word' id='word_1_260' title='bbox 1574 2301 1683 2362; x_wconf 86' lang='grc' dir='ltr'>κῆν-</span> <span class='ocrx_word' id='word_1_261' title='bbox 1746 2319 1862 2359; x_wconf 70' lang='lat' dir='ltr'><strong>Ib.25.</strong></span> 
     </span>
     <span class='ocr_line' id='line_1_29' title="bbox 97 2380 1686 2450; baseline -0.004 -12"><span class='ocrx_word' id='word_1_262' title='bbox 97 2392 125 2415; x_wconf 84' lang='lat'><strong>“</strong></span> <span class='ocrx_word' id='word_1_263' title='bbox 150 2409 241 2437; x_wconf 92' lang='grc' dir='ltr'>σον</span> <span class='ocrx_word' id='word_1_264' title='bbox 267 2385 296 2450; x_wconf 77' lang='grc' dir='ltr'>ἢ</span> <span class='ocrx_word' id='word_1_265' title='bbox 331 2385 447 2450; x_wconf 78' lang='grc' dir='ltr'>τέλη</span> <span class='ocrx_word' id='word_1_266' title='bbox 469 2407 482 2448; x_wconf 85' lang='lat'>3</span> <span class='ocrx_word' id='word_1_267' title='bbox 526 2383 621 2436; x_wconf 82' lang='grc' dir='ltr'>ἀπὸ</span> <span class='ocrx_word' id='word_1_268' title='bbox 648 2389 743 2436; x_wconf 88' lang='grc' dir='ltr'>τῶν</span> <span class='ocrx_word' id='word_1_269' title='bbox 770 2387 899 2447; x_wconf 79' lang='grc' dir='ltr'>υἱῶν,</span> <span class='ocrx_word' id='word_1_270' title='bbox 929 2383 957 2449; x_wconf 76' lang='grc' dir='ltr'>ἢ</span> <span class='ocrx_word' id='word_1_271' title='bbox 985 2383 1079 2435; x_wconf 83' lang='grc' dir='ltr'>ἀπὸ</span> <span class='ocrx_word' id='word_1_272' title='bbox 1106 2388 1200 2434; x_wconf 87' lang='grc' dir='ltr'>τῶν</span> <span class='ocrx_word' id='word_1_273' title='bbox 1226 2382 1495 2448; x_wconf 85' lang='grc' dir='ltr'>ἀλλοτρίων</span> <span class='ocrx_word' id='word_1_274' title='bbox 1517 2380 1560 2444; x_wconf 88' lang='grc'>;”</span> <span class='ocrx_word' id='word_1_275' title='bbox 1604 2386 1686 2433; x_wconf 85' lang='grc' dir='ltr'>τοῦ</span> 
     </span>
     <span class='ocr_line' id='line_1_30' title="bbox 98 2464 1681 2536; baseline -0.004 -17"><span class='ocrx_word' id='word_1_276' title='bbox 98 2466 147 2519; x_wconf 81' lang='grc' dir='ltr'>δὲ</span> <span class='ocrx_word' id='word_1_277' title='bbox 174 2466 358 2535; x_wconf 80' lang='grc' dir='ltr'>Πέτρου</span> <span class='ocrx_word' id='word_1_278' title='bbox 383 2471 554 2536; x_wconf 84' lang='grc' dir='ltr'>σοφῶς</span> <span class='ocrx_word' id='word_1_279' title='bbox 579 2489 628 2518; x_wconf 89' lang='grc' dir='ltr'>τε</span> <span class='ocrx_word' id='word_1_280' title='bbox 656 2468 731 2518; x_wconf 73' lang='grc' dir='ltr'>καὶ</span> <span class='ocrx_word' id='word_1_281' title='bbox 758 2470 987 2534; x_wconf 84' lang='grc' dir='ltr'>νουνεχῶς</span> <span class='ocrx_word' id='word_1_282' title='bbox 1013 2465 1096 2517; x_wconf 84' lang='grc' dir='ltr'>τὸν</span> <span class='ocrx_word' id='word_1_283' title='bbox 1122 2467 1206 2528; x_wconf 83' lang='grc' dir='ltr'>τῆς</span> <span class='ocrx_word' id='word_1_284' title='bbox 1240 2464 1494 2527; x_wconf 79' lang='grc' dir='ltr'>βασιλείας</span> <span class='ocrx_word' id='word_1_285' title='bbox 1527 2465 1681 2514; x_wconf 84' lang='grc' dir='ltr'>ἀλλό-</span> 
     </span>
     <span class='ocr_line' id='line_1_31' title="bbox 97 2546 1683 2617; baseline -0.004 -15"><span class='ocrx_word' id='word_1_286' title='bbox 97 2573 240 2617; x_wconf 90' lang='grc' dir='ltr'>τριον,</span> <span class='ocrx_word' id='word_1_287' title='bbox 281 2549 400 2601; x_wconf 72' lang='grc' dir='ltr'>ὅσον</span> <span class='ocrx_word' id='word_1_288' title='bbox 438 2554 500 2602; x_wconf 80' lang='grc' dir='ltr'>εἰς</span> <span class='ocrx_word' id='word_1_289' title='bbox 538 2548 672 2614; x_wconf 79' lang='grc' dir='ltr'>γένος</span> <span class='ocrx_word' id='word_1_290' title='bbox 711 2550 785 2599; x_wconf 77' lang='grc' dir='ltr'>καὶ</span> <span class='ocrx_word' id='word_1_291' title='bbox 823 2546 910 2612; x_wconf 87' lang='grc' dir='ltr'>τὴν</span> <span class='ocrx_word' id='word_1_292' title='bbox 948 2547 1055 2598; x_wconf 80' lang='grc' dir='ltr'>καθ’</span> <span class='ocrx_word' id='word_1_293' title='bbox 1093 2547 1214 2611; x_wconf 83' lang='grc' dir='ltr'>ἡμᾶς</span> <span class='ocrx_word' id='word_1_294' title='bbox 1253 2546 1506 2609; x_wconf 78' lang='grc' dir='ltr'>νοουμένην</span> <span class='ocrx_word' id='word_1_295' title='bbox 1544 2549 1683 2611; x_wconf 85' lang='grc' dir='ltr'>ἀγχι-</span> 
     </span>
     <span class='ocr_line' id='line_1_32' title="bbox 31 2625 1686 2695; baseline -0.005 -10"><span class='ocrx_word' id='word_1_296' title='bbox 31 2656 82 2692; x_wconf 84' lang='grc'>30</span> <span class='ocrx_word' id='word_1_297' title='bbox 99 2634 278 2695; x_wconf 87' lang='grc' dir='ltr'>στείαν,</span> <span class='ocrx_word' id='word_1_298' title='bbox 295 2633 572 2685; x_wconf 83' lang='grc' dir='ltr'>ὑποκεῖσθαι</span> <span class='ocrx_word' id='word_1_299' title='bbox 599 2634 692 2682; x_wconf 83' lang='grc' dir='ltr'>δεῖν</span> <span class='ocrx_word' id='word_1_300' title='bbox 717 2635 813 2684; x_wconf 85' lang='grc' dir='ltr'>τοῖς</span> <span class='ocrx_word' id='word_1_301' title='bbox 839 2633 1032 2693; x_wconf 86' lang='grc' dir='ltr'>θεσμοῖς</span> <span class='ocrx_word' id='word_1_302' title='bbox 1057 2627 1086 2692; x_wconf 77' lang='grc' dir='ltr'>ἢ</span> <span class='ocrx_word' id='word_1_303' title='bbox 1113 2633 1210 2681; x_wconf 88' lang='grc' dir='ltr'>τοῖς</span> <span class='ocrx_word' id='word_1_304' title='bbox 1235 2626 1428 2678; x_wconf 82' lang='grc' dir='ltr'>τέλεσιν</span> <span class='ocrx_word' id='word_1_305' title='bbox 1448 2625 1686 2691; x_wconf 78' lang='grc' dir='ltr'>ὁμολογή-</span> 
     </span>
     <span class='ocr_line' id='line_1_33' title="bbox 100 2708 1729 2779; baseline -0.006 -12"><span class='ocrx_word' id='word_1_306' title='bbox 100 2738 291 2777; x_wconf 83' lang='grc' dir='ltr'>σαντος,</span> <span class='ocrx_word' id='word_1_307' title='bbox 333 2713 466 2767; x_wconf 77' lang='grc' dir='ltr'>εὐθὺς</span> <span class='ocrx_word' id='word_1_308' title='bbox 518 2711 754 2779; x_wconf 83' lang='grc' dir='ltr'>ἐπήγαγεν</span> <span class='ocrx_word' id='word_1_309' title='bbox 799 2713 823 2762; x_wconf 86' lang='grc' dir='ltr'><strong>ὁ</strong></span> <span class='ocrx_word' id='word_1_310' title='bbox 867 2709 1081 2776; x_wconf 79' lang='grc' dir='ltr'>Χριστὸς</span> <span class='ocrx_word' id='word_1_311' title='bbox 1125 2710 1274 2777; x_wconf 77' lang='grc' dir='ltr'>ἑαυτῷ</span> <span class='ocrx_word' id='word_1_312' title='bbox 1317 2708 1402 2772; x_wconf 87' lang='grc' dir='ltr'>τὴν</span> <span class='ocrx_word' id='word_1_313' title='bbox 1451 2709 1729 2773; x_wconf 72' lang='grc' dir='ltr'>θεοπρεπῆι)</span> 
     </span>
     <span class='ocr_line' id='line_1_34' title="bbox 101 2789 1870 2866; baseline -0.007 -17"><span class='ocrx_word' id='word_1_314' title='bbox 101 2797 361 2866; x_wconf 84' lang='grc' dir='ltr'>μαρτυρίαν</span> <span class='ocrx_word' id='word_1_315' title='bbox 388 2798 450 2849; x_wconf 85' lang='grc' dir='ltr'>ὡς</span> <span class='ocrx_word' id='word_1_316' title='bbox 484 2796 675 2859; x_wconf 83' lang='grc' dir='ltr'>ἀληθῶς</span> <span class='ocrx_word' id='word_1_317' title='bbox 711 2795 911 2845; x_wconf 80' lang='grc' dir='ltr'>ἐνοῦσαν</span> <span class='ocrx_word' id='word_1_318' title='bbox 936 2791 1219 2858; x_wconf 67' lang='grc' dir='ltr'>προσνέμων</span> <span class='ocrx_word' id='word_1_319' title='bbox 1246 2797 1273 2820; x_wconf 86' lang='grc'><strong>“</strong></span> <span class='ocrx_word' id='word_1_320' title='bbox 1292 2789 1423 2857; x_wconf 78' lang='lat' dir='ltr'>’&#39;Apa</span> <span class='ocrx_word' id='word_1_321' title='bbox 1457 2812 1511 2856; x_wconf 92' lang='grc' dir='ltr'>γε</span> <span class='ocrx_word' id='word_1_322' title='bbox 1547 2790 1679 2840; x_wconf 84' lang='grc' dir='ltr'>ἐλεύ-</span> <span class='ocrx_word' id='word_1_323' title='bbox 1746 2807 1799 2838; x_wconf 81' lang='lat' dir='ltr'>lb.</span> <span class='ocrx_word' id='word_1_324' title='bbox 1822 2805 1870 2837; x_wconf 85' lang='lat'>26.</span> 
     </span>
    </p>
   </div>
   <div class='ocr_carea' id='block_1_6' title="bbox 160 2936 1545 3049">
    <p class='ocr_par' dir='ltr' id='par_1_12' title="bbox 160 2936 1545 3049">
     <span class='ocr_line' id='line_1_35' title="bbox 244 2936 1545 2986; baseline -0.004 -10"><span class='ocrx_word' id='word_1_325' title='bbox 244 2951 299 2985; x_wconf 85' lang='lat'>25.</span> <span class='ocrx_word' id='word_1_326' title='bbox 326 2941 523 2986; x_wconf 83' lang='grc' dir='ltr'>ἀπεκρίνετο</span> <span class='ocrx_word' id='word_1_327' title='bbox 541 2941 583 2976; x_wconf 85' lang='grc' dir='ltr'>Ε.</span> <span class='ocrx_word' id='word_1_328' title='bbox 1121 2939 1176 2972; x_wconf 82' lang='grc'>28.</span> <span class='ocrx_word' id='word_1_329' title='bbox 1204 2936 1340 2982; x_wconf 81' lang='grc' dir='ltr'>σοφῶς]</span> <span class='ocrx_word' id='word_1_330' title='bbox 1363 2938 1484 2981; x_wconf 81' lang='grc' dir='ltr'>σαφῶς</span> <span class='ocrx_word' id='word_1_331' title='bbox 1504 2936 1545 2971; x_wconf 79' lang='grc' dir='ltr'>Ε,</span> 
     </span>
     <span class='ocr_line' id='line_1_36' title="bbox 160 3007 944 3049; baseline -0.006 -11"><span class='ocrx_word' id='word_1_332' title='bbox 160 3010 252 3039; x_wconf 87' lang='lat' dir='ltr'>VOL.</span> <span class='ocrx_word' id='word_1_333' title='bbox 276 3010 324 3038; x_wconf 88' lang='lat'>11.</span> <span class='ocrx_word' id='word_1_334' title='bbox 875 3008 897 3049; x_wconf 81' lang='lat'>3</span> <span class='ocrx_word' id='word_1_335' title='bbox 922 3007 944 3033; x_wconf 88' lang='lat' dir='ltr'>L</span> 
     </span>
    </p>
   </div>
  </div>
 </body>
</html>
