2022 3272
83 124 250 179 xiv.15.
330 127 401 167 IN
446 128 489 167 S.
524 127 866 170 JOANNEM.
931 128 1057 169 LIB.
1093 128 1172 170 IX.
1234 130 1367 170 CAP.
1402 130 1435 171 I.
1594 129 1677 168 463

81 238 253 302 ψογεῖν
285 237 579 291 καταλαλιάς
614 238 847 291 ἀνοσίους.
908 238 1010 288 ἔστι
1050 237 1144 303 γὰρ
1180 240 1292 288 ἰδεῖν
1324 240 1399 288 καὶ
1437 237 1492 306 ἐξ
1524 238 1678 288 αὐτῶν

81 316 297 378 μάλιστα
337 323 430 369 τῶν
462 323 594 385 ἱερῶν
624 319 930 385 γραμμάτων,
959 322 1021 373 ὡς
1056 320 1290 386 προσίασι
1326 319 1410 382 μὲν
1437 323 1511 369 καὶ
1549 320 1674 387 ἐξαι-

82 400 274 450 τοῦνταί
295 423 412 454 τινες
437 402 509 452 ἐπὶ
536 406 602 471 τῷ
627 400 820 464 ὀνόματι
848 403 1005 464 αὐτοῦ,
1034 402 1247 468 δέχονται
1273 400 1422 468 γεμὴν
1447 402 1676 465 οὐδαμῶς,

82 480 136 530 τὸ
175 481 361 551 ἑκάστῳ
399 482 581 549 πρέπον
616 486 689 534 καὶ
728 489 825 538 τοῖς
859 488 1046 534 αἰτοῦσι
1084 484 1332 537 λυσιτελὲς
1373 485 1456 534 οὐκ
1494 484 1669 548 ἠγνοη-

42 561 219 616 5κότος
265 567 407 615 Θεοῦ.
477 565 552 616 ἵνα
592 565 748 616 τοίνυν
790 565 994 634 ἐπιδείξῃ
1039 570 1212 634 σαφῶς
1258 566 1283 615 6
1326 566 1499 631 Κύριος
1544 565 1676 628 ἡμῶν

81 638 269 709 Ἰησοῦς
303 647 327 696 6
359 646 586 712 Χριστὸς,
622 646 742 714 πρὸς
777 648 905 701 τίνας
939 649 1064 717 αὐτῷ
1100 647 1270 714 γε’γονέ
1297 671 1345 698 τε
1379 649 1453 698 καὶ
1485 647 1616 697 ἔστιν
1651 649 1722 697 6d

82 726 245 792 λόγος,
279 730 354 779 καὶ
387 729 514 780 τίσιν
544 729 571 793 ἡ
608 733 690 793 τῆς
726 730 1033 797 ὑποσχέσεως
1073 730 1313 797 ὀφείλεται
1352 729 1501 796 χάρις,
1537 730 1609 796 ἐφ’
1639 727 1676 798 ᾧ

82 809 217 860 ε”σται
261 833 337 860 και
380 813 583 874 ἀληθῶς,
622 811 942 877 παρεκόμισεν
983 809 1117 864 εὐθὺς
1159 816 1254 862 τῶν
1293 811 1587 877 ἀγαπώντων
1621 810 1675 861 τὸ

81 891 357 957 πρόσωπον,
400 915 475 943 και
516 892 600 944 τὸν
639 896 811 960 ἀκριβῆ
853 894 1180 993 νομοφύλακα
1218 892 1568 960 παραζεύγνυσι
1609 897 1676 943 τῶ

18 996 64 1022 10
84 972 231 1068 λόγω,
261 974 496 1028 δεικνυς
472 998 541 1026 οτι
576 974 695 1042 πρὸς
730 974 896 1030 αὐτους
930 978 1006 1027 καὶ
1037 976 1125 1043 οὐχ
1159 976 1338 1042 ἑτερους
1375 976 1402 1039 ἡ
1440 978 1523 1038 τῆς
1559 976 1671 1038 ἡμε-

81 1055 277 1121 ρότητος
309 1059 571 1123 ἐπαγγελια
605 1081 679 1108 και
716 1058 743 1122 ἡ
777 1063 872 1108 τῶν
896 1062 1222 1122 πνευματικῶν
1248 1059 1441 1123 ἀγαθῶν
1467 1058 1676 1110 ἐπίδοσις

83 1136 138 1186 δι’
166 1139 308 1190 αὐτοῦ
334 1139 560 1205 κρατήσει
592 1142 668 1191 καὶ
699 1138 964 1206 γενήσεται.
1019 1139 1089 1190 ὅτι
1116 1139 1209 1206 γὰρ
1236 1139 1356 1208 ὄκνῳ
1383 1138 1620 1193 πολλάκις
1647 1140 1675 1203 ἡ

82 1221 289 1286 χορηγὸς
326 1222 649 1274 συστέλλεται
688 1225 787 1290 χεὶρ
825 1228 910 1273 τοῦ
950 1226 1093 1282 Θεοῦ,
1131 1227 1227 1276 τοῖς
1267 1223 1350 1273 οὐκ
1389 1224 1539 1288 ὀρθῶς
1577 1222 1714 1274 ε’θε’-ο

83 1312 253 1355 λουσιν
309 1308 452 1355 αἰτεῖν
501 1303 555 1355 τὸ
611 1309 706 1355 τῶν
755 1305 1083 1355 ἐλπισθέντων
1130 1304 1454 1355 ἀποκλειόυσα
1508 1304 1671 1371 πέρας,

17 1399 64 1438 15
84 1385 309 1450 συνήσεις
355 1385 560 1440 εὐκόλως
603 1387 660 1456 ἐξ
697 1385 761 1437 ῶν
800 1388 824 1437 6
864 1390 1082 1453 Χριστοῦ
1127 1386 1339 1451 μαθητὴς
1384 1388 1676 1438 ἀποτείνεται

83 1468 287 1536 γράφων
313 1469 401 1519 ὡδί
423 1476 450 1498 “
468 1473 649 1520 Αἰτεῖτε
675 1492 750 1520 και
778 1469 832 1520 οὐ
858 1468 1145 1532 λαμβάνετε,
1172 1467 1288 1520 διότι
1315 1473 1468 1522 κακῶς
1494 1472 1676 1532 αἰτεῖτε,

84 1558 112 1580 “
138 1551 262 1601 ι’να’
239 1574 288 1601 εν
313 1555 413 1605 ταῖς
440 1552 676 1615 ἡδοναῖς
653 1556 782 1615 υμῶν
809 1550 1146 1616 δαπανήσετεΫ
1189 1550 1259 1602 διὸ
1292 1552 1367 1601 καὶ
1398 1550 1545 1602 πάλιν
1571 1553 1675 1618 περὶ

83 1637 178 1683 τῶν
205 1636 423 1702 διψυχεῖν
448 1633 679 1685 εἰωθότων
709 1633 837 1703 φησί
859 1641 887 1663 “
909 1633 996 1698 Μὴ
1028 1632 1122 1699 γὰρ
1157 1633 1329 1684 οἰεσθω
1365 1634 1390 1683 6
1426 1633 1675 1699 ἅνθρωπος

100 1716 321 1779 ίέκεῖνος,
369 1739 440 1767 οτι
492 1715 707 1785 λήψεταί
753 1739 798 1767 τι
848 1715 979 1782 παρὰ
1030 1721 1113 1767 τοῦ
1157 1715 1352 1782 Κυρικου
1417 1715 1535 1782 ἀνὴρ
1583 1739 1675 1782 γαρ

16 1804 111 1838 20⁶⁶
137 1797 353 1866 δίψυχος,
384 1797 712 1852 ἀκατάστατος
749 1801 798 1849 ἐν
834 1798 1014 1852 πάσαις
1052 1803 1153 1852 ταῖς
1193 1799 1316 1851 ὁδοῖς
1351 1799 1538 1848 αὐτοῦ.”
1579 1804 1675 1852 τοῖς

1737 1461 1770 1510 S.
1780 1461 1855 1491 Jac.

1737 1515 1780 1535 xv.
1799 1514 1828 1544 3.

1737 1631 1790 1662 Ib.
1807 1631 1826 1661 i.
1846 1638 1876 1670 7,

1737 1676 1768 1706 8.

83 1879 168 1942 μὲν
202 1879 295 1946 γάρ
333 1882 573 1945 ἐρωτῶσιν
613 1882 696 1931 οὐκ
735 1885 797 1934 εἰς
839 1881 1138 1947 κατόρθωσιν
1169 1881 1336 1946 ἀρετῆς
1373 1879 1459 1943 τὴν
1496 1881 1715 1931 ἅνωθενιι
1743 1894 1831 1930 807
1847 1893 1898 1928 Δ.

83 1960 234 2027 χάριν,
274 1961 384 2012 ἀλλ’
425 1967 487 2016 εἰς
525 1961 795 2013 ἀπόλαυσιν
834 1964 1062 2028 σαρκικῆς
1105 1962 1271 2025 ἡδονῆς
1314 1963 1390 2011 καὶ
1433 1966 1676 2024 κοσμικῶν

84 2045 353 2107 ἐπιθυμιῶν,
378 2047 628 2111 μονονουχὶ
655 2045 731 2095 καὶ
758 2043 1052 2112 ἀποφράττει
1078 2042 1132 2094 τὸ
1159 2044 1236 2097 οῦς
1264 2044 1288 2093 6
1317 2043 1452 2106 Θεὸς,
1481 2049 1681 2111 χορηγεῖ

672 2124 689 2142 A

85 2125 133 2177 δὲ
184 2130 429 2180 παντελῶς
455 2126 603 2176 οὐδέν·
664 2150 695 2176 α
739 2125 832 2192 γὰρ
876 2125 935 2176 ἀν
980 2124 1245 2194 ἀποφάσκῃ
1290 2128 1365 2176 καὶ
1419 2125 1675 2190 ἀπόβλητα

16 2217 65 2256 25
84 2210 271 2272 ποιῆται
311 2207 386 2258 διὰ
426 2207 512 2272 τὴν
550 2209 753 2258 ἐνοῦσαν
793 2209 949 2261 αὐτοῖς
988 2209 1258 2273 βδελυρίαν,
1296 2212 1396 2260 πῶς
1435 2206 1494 2257 ἀν
1531 2231 1675 2275 χορη-

84 2290 233 2355 γήσαι
264 2291 391 2341 τισίν
409 2312 421 2352 3
465 2291 492 2354 ἡ
529 2288 577 2340 δὲ
615 2289 809 2355 ἀπάσης
841 2289 1135 2355 γλυκύτητος
1167 2288 1299 2354 πηγὴ
1340 2293 1440 2343 πῶς
1473 2288 1532 2340 ἀν
1559 2289 1674 2354 αὐτὴ

83 2363 250 2438 πικρὸν
302 2372 576 2433 ἀναβλύσαι
626 2376 784 2436 νᾶμα,
844 2371 915 2422 ὅτι
967 2371 1015 2422 δὲ
1065 2376 1161 2424 τοῖς
1212 2377 1306 2422 τῶν
1348 2376 1674 2434 πνευματικῶν

84 2454 395 2521 χαρισμάτων
435 2456 656 2520 ἐρασταῖς
700 2455 914 2522 πλουσίᾳ
958 2477 1006 2505 τε
1053 2456 1127 2504 καὶ
1170 2453 1507 2521 προθυμοτάτῃ
1556 2456 1673 2520 χειρὶ

86 2536 285 2598 διανεζιιει
317 2535 376 2585 τὰ
413 2534 584 2600 ἀγαθὰ,
611 2535 811 2602 κατόψει
847 2536 1030 2603 ῥᾳδίως,
1058 2535 1172 2586 ὅταν
1203 2535 1413 2603 ἀκούσῃς
1450 2534 1673 2600 λε’γοντος

16 2638 67 2673 30
87 2617 161 2668 δια
205 2641 289 2682 μεν
329 2617 540 2667 εΗσαίου
583 2622 666 2667 τοῦ
707 2616 957 2685 προφήτου
1007 2616 1126 2681 πρὸς
1172 2616 1339 2669 αὐτούς
1380 2615 1446 2645 “”

1450 2620 1536 2666 Ετι
1580 2623 1672 2667 σοῦ
1690 2627 1716 2667 b

1740 2616 1795 2648 Es.
1810 2617 1877 2650 lxv.

1741 2670 1791 2699 24,
1809 2662 1850 2692 cf.

86 2707 114 2730 ‘⁶
134 2705 397 2754 λαλοῦντος
421 2700 509 2765 ε’ρῶ
537 2698 602 2750 Γ
584 2721 598 2748 ι
624 2699 760 2749 ἐστι·
750 2739 762 2761 ,
769 2696 891 2748 ”δια
918 2697 965 2748 δὲ
992 2721 1075 2762 της
1100 2703 1183 2748 τοῦ
1207 2696 1485 2765 ψάλλοντος
1513 2700 1673 2765 φωνῆς
1733 2703 1814 2735 lviii
1834 2715 1864 2746 9·

138 2889 190 2925 17.
217 2880 428 2923 δαπανὴσετε
448 2880 488 2914 Ε.
507 2878 721 2922 δαπανήσητε
742 2878 808 2913 Ed.
956 2889 1008 2921 19.
1035 2878 1094 2911 τοῦ
1111 2888 1180 2911 om.
1200 2877 1241 2911 E.
1386 2885 1441 2921 25.
1468 2877 1611 2910 ποιεῖται
1630 2875 1672 2910 Ε.

88 2928 143 2962 28.
170 2942 205 2961 τε
222 2939 291 2961 om.
311 2927 352 2961 E.
