1971 3272
74 141 127 183 ix.
147 157 214 199 33.
322 146 392 185 IN
436 146 478 186 S.
514 145 853 185 JOANNEM.
916 144 1142 184 L113.VI.
1206 145 1341 184 CAP.
1376 145 1410 183 Ι.
1584 145 1658 183 195

75 254 349 317 Αἰγυπτίων
376 258 417 305 οἱ
445 253 621 320 μάγοι;
664 254 740 305 διὰ
778 256 827 304 τί
861 253 925 318 μὴ
965 253 1042 304 διὰ
1081 257 1174 304 τῶν
1205 252 1326 303 ἰ’σων
1358 250 1504 305 ἰόντες
1541 255 1655 301 θαυ-

73 333 236 397 μάτων
262 335 347 399 τὴν
374 335 519 400 αὐτὴν
545 337 700 406 ἐκείνῳ
737 336 884 405 δόξαν
908 335 1265 400 ἀπηνεγκαντο;
1309 335 1419 384 ἀλλ’
1449 335 1564 399 ε’ρεῖς
1591 332 1663 383 ὅτι

74 415 237 481 γέγονε
276 417 359 480 μὲν
398 418 505 487 ὄφις
543 425 765 469 πεσοῦσα
804 417 922 484 πρὸς
962 420 1052 483 γῆν
1089 416 1265 483 ῥάβδος
1304 417 1331 480 ἡ
1374 414 1660 478 Μωυσαϊκὴ,

75 497 302 563 γεγόνασι
329 499 376 550 δὲ
403 499 536 551 οὐδὲν
562 501 704 565 ἧττον
732 503 807 550 καὶ
834 503 880 550 αἱ
907 504 1001 550 τῶν
1027 498 1210 563 μάγων.
1255 497 1526 564 ἀντακούσῃ
1551 497 1661 561 παρ’

33 591 55 629 5
77 579 208 643 ἡμῶν
242 582 304 634 ὡς
341 585 385 632 αὶ
426 582 510 645 μὲν
546 584 731 633 ἐκείνων
767 583 851 633 οὐκ
890 586 952 635 εἰς
991 582 1102 650 ὅφιν
1133 581 1522 645 μεταπεποιήντο,
1550 579 1661 629 ἀλλ’

75 660 133 726 ἧν
178 663 335 728 ἀπάτη
388 668 463 716 καὶ
517 664 782 733 φάντασμα
833 668 916 729 τῆς
961 664 1257 729 ἀνθρωπίνης
1302 663 1460 731 ὅψεως
1503 684 1657 725 παρα-

77 745 283 797 κλέπτον
310 746 394 811 τὴν
421 749 677 813 ἀκρίβειαν,
705 749 781 798 καὶ
808 747 951 814 τέχνη
984 770 1052 800 τις
1087 745 1144 810 ἦν
1170 744 1346 811 μαγικὴ
1374 744 1459 808 τὴν
1483 742 1663 810 ῥάβδον
1681 750 1708 792 b

77 829 139 882 ὡς
177 828 289 897 ὅφιν
326 830 696 881 ἐπιδεικνύουσα’
758 831 785 894 ἡ
832 829 880 880 δὲ
923 829 1172 882 Μωυσέως
1212 830 1401 891 ἀληθῶς
1447 830 1508 878 εἰς
1554 824 1665 892 ὅφιν

77 910 451 977 μετεσκευάζετο,
477 914 553 962 καὶ
583 916 645 965 εἷς
677 911 762 976 τὴν
789 917 872 962 τοῦ
899 912 1063 978 θηρίου
1088 909 1327 974 μετεπήδα
1355 909 1518 977 φύσιν.
1572 906 1666 958 ἀπὸ

11 1009 58 1034 10
79 990 126 1042 δὲ
177 995 260 1056 τῆς
311 995 543 1062 διαφορᾶς
593 997 676 1058 τῆς
722 999 817 1047 τοῖς
864 997 1001 1060 ἱεροῖς
1051 992 1314 1056 ἐντεθείσης
1364 990 1663 1056 γράμμασιν,

77 1073 250 1139 ἀληθὲς
290 1074 489 1144 κατόψει
527 1076 581 1127 τὸ
621 1076 876 1142 εἰρημένον.
939 1075 1180 1144 κατέφαγε
1219 1073 1313 1139 γὰρ
1351 1073 1379 1136 ἡ
1422 1071 1670 1125 Μωυσέως

78 1155 162 1210 τὰς
187 1158 373 1208 ἐκείνων
398 1157 619 1225 ῥάβδους”
663 1157 821 1222 ἐπειδὴ
853 1157 947 1224 γὰρ
973 1160 1018 1207 αἱ
1045 1155 1128 1220 μὲν
1156 1157 1204 1206 ε’ν
1231 1160 1397 1224 ψιλοῖς
1422 1154 1550 1219 ἦσαν
1575 1158 1670 1204 τῶν

79 1238 235 1307 ὄφεων
273 1240 537 1306 σχήμασιν,
576 1240 603 1304 ἡ
646 1239 694 1292 δὲ
733 1242 922 1304 ἀληθῶς
964 1262 1014 1290 τε
1060 1241 1135 1289 καὶ
1179 1242 1396 1306 φυσικῶς
1436 1242 1574 1287 τοῦτο
1612 1233 1670 1298 ἧν

81 1320 196 1388 ὅπερ
234 1322 464 1390 ἐφαίνετο,
501 1322 830 1390 παρεκομίσθη
870 1324 945 1373 καὶ
985 1325 1047 1375 εἷς
1086 1320 1246 1388 ὀργὴν,
1283 1321 1358 1371 ἵνα
1397 1317 1512 1388 ζῴον
1552 1317 1668 1386 φαί-

14 1415 60 1454 15
82 1426 229 1468 νηται,
267 1406 341 1454 καὶ
379 1403 557 1471 ῥάβδος
596 1405 759 1467 οὐκέτι,
800 1402 1077 1456 καταδάκνει
1117 1403 1165 1454 δὲ
1205 1405 1282 1453 καὶ
1321 1401 1436 1468 ὑπὲρ
1475 1400 1673 1463 δύναμιν

82 1484 231 1555 ὄφεως
258 1485 428 1556 ἀφάτω
461 1486 666 1551 δυνάμει,
694 1488 769 1538 καὶ
804 1485 858 1537 τὸ
893 1488 1015 1537 οὕτω
1052 1483 1267 1553 χαλεπὸν
1294 1483 1674 1553 ἐξευμαρῖζοντος

82 1573 164 1618 τοῦ
192 1571 334 1621 Θεοῦ.
387 1569 567 1634 λεγέτω
592 1569 648 1620 δέ
666 1592 745 1633 μοι
769 1567 919 1620 πάλιν
944 1569 969 1618 ὁ
997 1571 1274 1634 Φαρισαῖος,
1301 1570 1343 1617 οἱ
1369 1570 1469 1619 ταῖς
1496 1566 1672 1615 ἑαυτῶν
1692 1589 1714 1616 c

81 1650 273 1717 ῥάβδοις
315 1649 374 1702 τὰ
419 1655 513 1702 τῶν
559 1650 716 1719 ὄφεων
758 1650 991 1705 ἐπιθέντες
1037 1649 1280 1717 σχήματα,
1326 1650 1401 1699 καὶ
1451 1651 1551 1700 πῶς
1597 1648 1673 1697 καὶ

82 1737 215 1800 χεῖρα
241 1737 501 1799 λεπρῶσαν
528 1734 610 1784 οὐκ
642 1733 825 1802 ἔδειξαν
852 1731 1077 1798 καθαρὰν,
1105 1730 1423 1795 ἀτονήσαντες
1459 1728 1507 1780 δὲ
1542 1729 1670 1795 διαῤ-

16 1840 66 1866 20
82 1813 229 1882 ῥήδην
255 1815 470 1884 ἔφασκον
495 1814 792 1869 ιζΔάκτυλος
820 1818 946 1866 Θεοῦ
982 1815 1085 1865 ἐστι
1123 1814 1304 1864 τοῦτο.”
1352 1815 1452 1865 πῶς
1488 1809 1551 1873 δὲ,
1578 1809 1681 1861 εἰπέ
1737 1814 1858 1898 {gfff-9

83 1921 178 1961 μοι,
207 1903 302 1964 πῦρ
337 1897 393 1965 ἐξ
425 1898 635 1963 οὐρανῶν
661 1897 715 1947 οὐ
750 1900 957 1962 κατῆγον
989 1899 1030 1946 οἱ
1065 1902 1149 1946 τοῦ
1178 1894 1318 1945 Βαὰλ
1355 1896 1498 1960 ἱερεῖς,
1527 1893 1675 1942 καίτοι
1738 1902 1865 1974 {xffiffgz

86 1978 446 2045 κατενεγκόντος
463 1979 669 2041 εΗλίου;
700 1979 749 2028 ἐν
774 1978 1214 2045 προσωποληψίαις
1241 1977 1322 2026 οὖν
1343 1976 1435 2041 ἄρα
1461 1973 1520 2025 τὰ
1545 1973 1677 2040 παρὰ
1741 1989 1791 2027 38·
1823 1969 1830 1976 ³
1871 1955 1901 1983 4⁹

88 2065 244 2124 Θεοῦ;
287 2060 352 2125 μὴ
379 2060 577 2126 γένοιτο·
623 2060 798 2113 δίκαιος
825 2058 919 2126 γὰρ
946 2057 1011 2109 ὢν
1038 2060 1113 2109 καὶ
1141 2058 1329 2108 δικαίων
1357 2055 1574 2121 ἐραστὴς,
1603 2056 1678 2105 καὶ

88 2142 164 2194 διὰ
198 2142 283 2206 μὲν
309 2148 403 2193 τῶν
430 2143 577 2209 ἁγίων
603 2144 783 2209 ἐνεργεῖ
811 2141 870 2192 τὰ
906 2141 1185 2208 χαρίσματα
1219 2138 1279 2190 τὰ
1312 2136 1575 2206 παράδοξα,
1604 2136 1680 2188 διὰ

23 2242 69 2281 25
89 2225 138 2276 δὲ
163 2230 258 2276 τῶν
283 2223 696 2289 πλημμελούντων
722 2224 953 2286 οὐδαμῶς.
1002 2221 1307 2287 εὐλογώτατα
1333 2220 1488 2271 τοίνυν
1516 2221 1539 2269 ὁ
1565 2217 1678 2270 ποτε
1698 2227 1725 2268 d

89 2307 273 2376 τυφλὸς
315 2313 416 2361 ταῖς
460 2311 555 2357 τῶν
591 2306 869 2373 Φαρισαίων
908 2304 1309 2371 ἀθυρογλωττίαις
1352 2303 1561 2370 ἐπιτιμᾷ,
1605 2301 1680 2351 καὶ

90 2393 386 2454 πλημμελῶς
423 2388 608 2455 ἐλέγχει
646 2387 1020 2456 πεφρονηκότας,
1055 2386 1241 2450 ἐπείπερ
1281 2384 1364 2435 οὐκ
1403 2381 1521 2434 εἶναι’
1556 2387 1681 2451 φασι

92 2470 221 2542 παραὶ
260 2472 369 2523 Θεσῧ
402 2468 486 2521 τὸν
521 2472 570 2520 ἐκ
603 2476 687 2520 τοῦ
723 2469 956 2520 δύνασθαι
993 2471 1109 2534 δρᾶν
1140 2466 1199 2518 τὰ
1232 2464 1484 2533 παράδοξα
1522 2464 1682 2515 θεόθεν

94 2551 207 2603 ὅντα
232 2551 351 2604 κατὰ
377 2551 526 2620 φύσιν
551 2550 950 2617 μαρτυρούμενον.

142 2731 175 2762 4.
202 2720 298 2753 οὐδὲν
317 2719 389 2753 B.a.
412 2719 530 2752 Hols‘c.
548 2718 625 2752 οὐδὲ
642 2717 739 2751 Aub.
882 2724 915 2760 5.
943 2715 990 2750 εἷς
1007 2714 1106 2759 ὄφεις
1122 2713 1395 2758 μετεποιὴθησιιν
1412 2724 1442 2745 a.
1586 2722 1617 2755 7,
1646 2709 1684 2753 ἧν

96 2772 316 2810 assumptum
336 2777 377 2799 ex
397 2765 438 2799 B.
605 2775 655 2798 12.
681 2762 795 2806 ἐπειδὴ
813 2762 878 2806 γὰρ
897 2763 929 2795 αἱ
946 2762 1007 2805 μὲν
1024 2763 1060 2795 ἐν
1076 2762 1198 2806 ψιλοῖς
1215 2759 1303 2802 ἦσαν
1321 2771 1350 2792 a.
1370 2765 1403 2792 et
1420 2759 1467 2792 ita
1485 2757 1684 2791 emendavit

100 2812 230 2857 Heyse.
248 2813 320 2847 ἐπεὶ
343 2812 378 2845 δέ
401 2826 603 2856 παραιμενεν
620 2811 741 2854 ψιλοῖς
764 2808 852 2851 ἦσαν
872 2809 913 2841 B.
933 2809 985 2841 καὶ
1010 2809 1076 2852 γὰρ
1103 2806 1190 2850 ἦσαν
1213 2807 1248 2840 ἐν
1271 2807 1392 2850 ψιλοῖς
1419 2806 1482 2839 Ht.
1504 2804 1597 2838 unde
1616 2803 1683 2837 Ed.

103 2868 155 2901 13.
181 2860 375 2903 φυσικόστε
397 2858 437 2891 Β.
457 2857 654 2891 emendavit
674 2857 737 2890 Ht.
805 2855 930 2888 Statim
949 2856 1048 2888 τοῦτο
1068 2853 1106 2896 ἧν
1123 2865 1152 2887 a.
1172 2851 1263 2886 τοῦθ’
1285 2852 1326 2886 Β.
1346 2851 1412 2885 Ed.
1531 2851 1583 2885 18.
1610 2850 1684 2884 ε’πι-

100 2904 210 2940 θέντες
229 2905 302 2939 B.a.
321 2904 522 2938 ἐπιτιθέντες
542 2904 605 2938 Ht.
626 2903 692 2937 Ed.
760 2902 813 2935 καὶ
831 2901 928 2945 prius
947 2912 1016 2934 om.
1036 2912 1066 2935 a.
1175 2910 1230 2933 21.
1257 2899 1399 2941 οὐρανοῦ
1417 2909 1447 2931 a.
1562 2908 1617 2931 22.
1644 2897 1685 2931 τὰ

99 2951 188 2994 παρὰ
206 2963 236 2985 a.
255 2952 292 2985 τὸ
309 2952 400 2995 παρὰ
417 2953 477 2984 τοῦ
497 2950 562 2984 Ed.
709 2960 762 2993 23.
790 2949 835 2981 ὢν
852 2959 921 2981 om.
941 2959 968 2980 a.
1118 2957 1174 2991 29.
1201 2944 1298 2990 ὄντα]
1318 2942 1400 2979 εἶναι
1418 2956 1449 2979 a.

831 3015 943 3043 CCZ
