2022 3272
76 144 217 186 xiv.1.
465 146 536 186 IN
579 146 621 185 S.
656 145 991 185 JOANNL'M.
1058 144 1178 184 12113.
1220 144 1292 183 [x.
1583 141 1660 179 ‘1101

77 253 131 305 τὸ
158 253 305 319 ὄνομα
331 261 414 306 τοῦ
441 258 574 318 Υἱοῦ,
602 256 916 322 κηρυγμάτων
942 256 1263 320 εὐαγγελικῶν
1290 252 1526 315 ἐπίταγμα
1557 251 1665 316 φαί-

78 360 222 388 νεται.
278 340 349 388 δεῖ
369 337 462 404 γὰρ
488 338 728 389 πιστεύειν
753 337 860 391 τοῦς
887 338 933 388 οἵ
960 360 1014 402 γε
1043 341 1305 404 φρονοῦσιν
1332 335 1496 400 ὀρθῶς,
1524 332 1586 385 εἴς
1613 354 1663 396 γε

79 418 204 470 Θεὸν
233 420 437 486 Πατέρα,
466 422 540 471 καὶ
573 421 658 488 οὐχ
698 422 862 473 ἁπλῶς
898 424 961 474 εἷς
987 419 1118 481 Υὶὸν,
1146 417 1279 468 ἀλλὰ
1316 418 1390 466 καὶ
1427 417 1659 478 ε’νανθρω-

77 501 317 566 πήσαντα,
342 505 417 553 καὶ
444 507 506 556 εἶς
532 502 586 553 τὸ
616 506 813 566 Πνεῦμα
843 502 896 553 τὸ
921 501 1110 567 ΓἈγιον.
1168 502 1194 564 ἡ
1232 500 1316 563 μὲν
1342 498 1435 564 γὰρ
1471 496 1583 561 ἁγία
1617 518 1663 546 τε

36 597 58 636 5
79 587 156 634 καὶ
195 584 445 648 ὁμοούσιος
471 584 631 651 Τριάς,
660 587 734 635 καὶ
769 589 869 638 ταῖς
905 589 999 635 τῶν
1033 582 1277 647 ὀνομάτων
1305 584 1551 648 διαφοραῖς
1590 579 1666 628 καὶ

79 670 173 717 τῶν
223 667 499 733 προσώπων
548 666 775 730 ποιότησί
824 690 871 716 τε
929 668 1003 716 καὶ
1061 665 1261 729 ἰδιότησι
1311 659 1661 714 διαστέλλεται*

79 747 236 815 πατὴρ
276 748 369 815 γάρ
409 751 540 799 ἐστιν
575 750 599 799 ὁ
638 748 808 814 Πατὴρ
848 750 921 799 καὶ
963 749 1050 815 οὐχ
1089 747 1217 809 Υἱὸς,
1250 748 1326 797 καὶ
1366 743 1480 797 Υἱὸς
1518 743 1667 794 πάλιν

79 831 104 881 ὁ
143 829 258 884 Υἱὸς
297 833 372 881 καὶ
411 832 464 881 οὐ
506 830 689 896 Πατὴρ,
726 832 802 881 καὶ
844 834 1041 894 Πνεῦμα
1079 829 1134 880 τὸ
1173 833 1368 892 Πνεῦμα
1406 825 1459 877 τὸ
1490 825 1666 890 ‘'Aycov

78 911 193 964 ἴδιον
219 915 301 977 τῆς
334 912 568 977 θεότητος·
611 915 687 964 καὶ
723 918 785 967 εἰς
822 913 903 964 τὸν
931 912 1074 963 αὐτὸν
1100 915 1182 976 τῆς
1217 912 1381 964 οὐσίας
1419 912 1660 976 άνακεφα-
1684 916 1709 955 b

10 1019 58 1044 10
80 1000 297 1046 λαιοῦται
323 993 487 1060 λόγον,
515 996 569 1046 οὐ
601 999 723 1062 τρεῖς
756 995 881 1059 ἡμῖν,
909 996 1019 1045 ἀλλ’
1050 995 1130 1045 ἕνα
1157 993 1282 1045 Θεὸν
1307 991 1661 1060 ἐπιγράφουσα.

77 1075 208 1141 πλὴν
234 1075 553 1131 εὐδιαστόλως
580 1079 702 1146 φημὶ
728 1081 821 1128 δεῖν
847 1077 969 1141 ἡμᾶς
994 1080 1233 1128 ποιεῖσθαι
1264 1074 1349 1138 τὴν
1375 1076 1554 1135 πίστιν,
1582 1073 1668 1138 οὐχ

82 1159 249 1212 ἁπλῶς
275 1158 506 1224 λέγοντας
533 1158 831 1222 Πιστεύομεν
859 1164 917 1213 εἰς
946 1158 1065 1220 Θεὶν,
1094 1156 1206 1207 ἀλλ’
1230 1156 1557 1225 ἐξαπλοῦντας
1583 1154 1669 1218 τὴν

81 1241 361 1307 ὁμολογίαν,
411 1242 485 1292 καὶ
538 1242 726 1310 ἑκάστῳ
775 1241 1025 1309 προσώπῳ
1077 1239 1160 1290 τὸν
1206 1238 1348 1289 αὐτὸν
1393 1240 1476 1300 τῆς
1525 1234 1668 1304 δόξης

79 1323 384 1377 ἀνατιθέντας
422 1323 586 1390 λόγον.
645 1322 851 1391 διαφορὰ
892 1322 984 1388 γὰρ
1023 1323 1228 1375 πίστεως
1268 1320 1458 1384 οὐδεμία
1496 1319 1581 1382 μὲν
1620 1321 1668 1369 ἐν

13 1425 60 1464 15
81 1404 204 1468 ἡμῖν,
231 1406 284 1456 οὐ
310 1405 403 1472 γὰρ
431 1405 595 1472 μείζων
618 1405 703 1470 μὲν
730 1407 778 1456 ἐν
804 1406 916 1470 ἡμῖν
940 1406 967 1467 ἡ
994 1405 1156 1458 πίστις
1184 1405 1232 1454 ἐν
1258 1404 1427 1468 Πατρῖ,
1456 1400 1669 1451 ἐλάττων

80 1485 129 1537 δὲ
164 1488 211 1537 ἐν
237 1487 406 1556 Υἱῷ,ἢ
444 1489 518 1539 καὶ
553 1489 601 1538 ἐν
633 1489 699 1556 τῷ
723 1487 873 1556 “Αγίῳ
908 1487 1164 1549 Πνεύματι·
1206 1485 1318 1535 ἀλλ’
1348 1483 1410 1537 εἷς
1447 1507 1496 1534 τε
1530 1485 1605 1533 καὶ
1643 1485 1667 1533 ὁ

80 1567 220 1622 αὐτὸς
257 1572 341 1633 τῆς
379 1571 638 1636 ὁμολογίας
677 1570 784 1634 ὅρος
821 1592 871 1620 τε
908 1570 984 1620 καὶ
1022 1567 1209 1634 τρόπος,
1245 1565 1318 1617 διὰ
1358 1570 1499 1632 τριῶν
1534 1564 1706 1632 ἐρχό-ο

81 1672 218 1711 μενος
244 1651 490 1716 ὀνομάτων
516 1653 564 1702 ἐν
590 1651 682 1721 ἴσῳ
717 1656 783 1721 τῷ
814 1651 980 1720 μέτρῳ,
1008 1651 1083 1701 ἵνα
1109 1649 1226 1716 πρὸς
1254 1647 1449 1712 ἑνότητα
1477 1647 1668 1716 φύσεως

80 1734 157 1783 καὶ
184 1732 260 1784 διὰ
285 1732 466 1785 τούτων
492 1737 631 1785 ἰοῦσα
666 1735 890 1803 φαίνηται
924 1732 1073 1785 πάλιν
1099 1732 1127 1796 ἡ
1155 1732 1269 1797 ἁγία
1295 1729 1458 1797 Τριάς,
1485 1732 1664 1793 ἀκατη-

11 1844 62 1870 20
80 1812 282 1881 γόρητός
313 1838 362 1866 τε
397 1820 643 1869 παντελῶς
674 1816 702 1880 ἡ
738 1817 843 1882 περὶ
879 1814 1025 1880 αὐτὴν
1056 1813 1398 1874 διαλάμπουσα
1435 1811 1554 1880 δόξα
1592 1813 1667 1861 καὶ

82 1897 132 1947 ἐν
157 1901 258 1950 ταῖς
293 1898 534 1964 ἡμετέραις
572 1900 723 1967 ὁρῷτο
758 1901 939 1965 ψυχαῖς
973 1900 1036 1950 εἷς
1070 1895 1262 1961 Πατέρα
1297 1897 1371 1945 καὶ
1408 1897 1470 1946 εἷς
1495 1893 1612 1943 Υὶὸν
1639 1894 1666 1956 ἡ

79 1978 257 2042 πίστις,
297 1981 373 2030 καὶ
414 1980 490 2031 ὅτε
529 1980 723 2045 γέγονεν
761 1979 1024 2044 ἄνθρωπος,
1064 1980 1140 2028 καὶ
1179 1981 1241 2029 εἷς
1279 1976 1333 2026 τὸ
1375 1979 1573 2038 Πνεῦμα
1613 1973 1666 2025 τὸ

73 2057 268 2126 οἈγιον.
334 2063 410 2113 καὶ
449 2062 532 2112 οὐκ
571 2061 628 2112 ἂν
666 2059 793 2123 οἶμαι
833 2057 1034 2111 διὲλοιτό
1072 2081 1155 2122 τις,
1194 2058 1236 2108 εἴ
1275 2081 1330 2123 γε
1370 2059 1664 2126 σωφρονοίη,

79 2147 164 2193 τοῦ
190 2146 316 2194 Θεοῦ
343 2143 505 2209 Λόγου
529 2141 613 2194 τὸν
638 2145 687 2194 ἐκ
713 2142 949 2209 παρθένου
977 2141 1102 2204 ναὸν,
1131 2140 1248 2191 ὅσον
1274 2139 1382 2203 ἧκεν
1409 2143 1471 2192 εἷς
1502 2138 1556 2189 τὸ
1583 2142 1666 2202 τῆς

13 2244 62 2284 25
82 2224 292 2287 υἶότητος
318 2223 480 2292 χρῆμά
511 2229 650 2293 φημι·
696 2232 722 2254 “
743 2224 827 2277 Εἷς
861 2223 954 2291 γὰρ
985 2223 1157 2289 Κύριος
1183 2223 1372 2285 Ἰησοῦς
1399 2221 1662 2287 Χριστὸς,”
1727 2227 1843 2297 ‘¹5⁰¹'ss-

81 2305 202 2357 κατὰ
241 2306 328 2370 τὴν
367 2312 450 2357 τοῦ
493 2306 694 2358 Παύλου
736 2305 917 2376 φωνήν.
990 2307 1014 2356 ὁ
1061 2304 1109 2355 δὲ
1154 2303 1411 2367 διατέμνων
1451 2308 1514 2356 εἷς
1556 2307 1666 2354 υἱῶν
1684 2317 1712 2357 d

82 2384 230 2438 δυάδα
255 2388 339 2439 τὸν
365 2389 445 2439 ἕνα
471 2390 547 2439 καὶ
571 2388 730 2452 μόνον,
755 2388 875 2439 ἰ’στω
903 2386 959 2452 δὴ
985 2385 1174 2440 πάντως
1201 2384 1286 2449 τὴν
1310 2387 1474 2437 πίστιν
1501 2386 1667 2451 ἀρνού-

81 2493 233 2533 μενος.
305 2472 381 2520 καῖ
430 2476 546 2536 γοῦν
588 2471 613 2520 ὁ
663 2469 918 2522 θεσπέσιος
965 2473 1160 2521 Παῦλος
1211 2467 1294 2518 τὸν
1338 2470 1444 2534 περὶ
1488 2468 1668 2518 τούτων

82 2550 260 2619 ἄριστά
297 2574 346 2602 τε
381 2553 458 2601 καὶ
492 2553 602 2602 λίαν
634 2552 785 2617 ὀρθῶς
819 2551 1084 2618 ἐξυφαίνων
1114 2548 1276 2614 λόγον,
1303 2551 1356 2599 οὐ
1392 2548 1572 2614 γυμνὸν
1604 2553 1666 2603 εὶς

14 2662 63 2699 30
80 2634 246 2685 πίστιν
285 2631 573 2697 εἶσκεκόμικε
617 2630 700 2682 τδν
741 2634 1011 2696 Μονογενῆ,
1050 2631 1180 2680 ἀλλὰ
1218 2633 1294 2681 καὶ
1333 2632 1381 2680 ἐν
1419 2635 1515 2682 τοῖς
1554 2632 1662 2680 καθ’

80 2716 202 2780 ἡμᾶς
250 2713 497 2781 γεγονότα,
542 2714 800 2776 τουτέστιν,
847 2713 1098 2778 ἄνθρωπον
1142 2710 1444 2762 ἀποθανόντα
1490 2733 1537 2761 τε
1589 2714 1663 2762 καὶ

134 2905 164 2929 Ι.
190 2893 290 2939 Υἱοῦ]
311 2897 334 2912 “
349 2893 504 2928 Christi”
526 2892 603 2938 Syr.
765 2891 818 2926 16.
844 2894 861 2925 ὁ
879 2897 1101 2936 assumptum
1119 2902 1160 2926 ex
1180 2891 1222 2925 E.
1379 2901 1433 2924 20.
1462 2891 1512 2924 καὶ
1532 2902 1601 2925 om.
1622 2891 1664 2926 E,

87 2952 142 2975 21.
168 2944 191 2960 ‘⁶
207 2941 249 2974 In
268 2941 386 2976 Deum
405 2941 543 2975 Patrem
562 2940 669 2985 igitur
685 2941 720 2974 et
736 2939 773 2973 in
794 2939 950 2973 Filium’'
969 2939 1082 2983 pergit
1099 2945 1178 2983 post
1195 2937 1324 2972 omissa
1343 2936 1421 2983 Syr.

141 3007 234 3036 voL.
257 3008 306 3036 11.
840 3007 863 3047 3
886 3006 909 3032 F
