2022 3272
106 157 190 197 xiii.
213 170 278 199 20.
488 157 561 196 ]N
604 159 644 197 S.
681 157 1018 197 JQANNEM.
1082 156 1206 195 Llss.
1245 157 1318 196 lx.
1610 158 1689 195 3ss1

103 266 398 333 προκομίζων
436 265 519 316 τὸν
559 264 773 333 ἐ’λεγχον,
813 269 887 315 καὶ
934 265 1019 329 τὴν
1059 268 1142 328 τῆς
1185 265 1448 330 προδοσίας
1494 264 1694 323 ἔκβασιν

105 351 169 402 εἷς
195 353 393 412 σημεῖον
418 348 620 399 ἔσεσθαί
644 352 768 416 φησι
795 349 871 398 καὶ
906 351 967 400 εἰς
1000 346 1319 416 σαφεστάτην
1347 345 1587 413 ἀπόδειξιν
1614 351 1696 395 τοῦ

106 429 250 480 αὐτὸν
276 428 390 481 εἶναι
416 429 649 496 Χριστόν.
707 432 769 483 ὡς
796 429 888 496 γὰρ
924 430 1012 494 ἤδη
1048 428 1324 498 φθάσαντες
1351 427 1559 490 εἴπομεν,
1589 428 1612 476 ὁ
1640 427 1697 476 τὰ

107 511 183 562 διὰ
220 516 315 562 τῶν
354 516 488 578 ἱερῶν
526 512 820 579 γραμμάτων
859 511 1278 579 προκεκηρυγμένα
1317 515 1413 564 τοῖς
1454 516 1537 560 τοῦ
1574 533 1694 575 προ-

65 610 87 649 5
108 592 246 645 δότου
283 595 554 658 συμβαλὼν
589 593 910 659 τολμήμασιν,
936 592 1347 657 εὐσυνοπτοτάτην
1380 591 1437 643 ἂν
1464 591 1591 655 οἶμαι
1624 593 1698 641 καὶ

107 676 442 743 ἀταλαίπωρον
482 679 650 746 κομιδῇ
688 676 774 741 τὴν
813 679 882 728 ἐπ’
924 677 1050 746 αὐτῷ
1094 675 1372 744 κατάληψιν
1412 677 1582 739 ἀληθῆ,
1623 676 1697 724 καὶ

107 757 242 822 μάλα
267 759 452 827 ῥᾳδίως,
480 759 636 810 ἕλοιτο
663 760 735 810 ἄν.

1718 831 1739 857 e

105 919 241 968 Ἀμήν
268 919 380 969 ἀμὴν
401 921 513 968 λὲΓω
540 918 648 973 ὑμῖν,
669 922 691 963 ὁ
719 923 952 971 λαμβάνων
980 921 1030 962 ἄν
1057 936 1151 963 τινα
1180 921 1353 971 Πὲμψω,
1373 920 1449 968 ἐμὲ
1478 920 1696 967 λαμβάνει·
1723 933 1770 956 20

295 1004 318 1046 ὁ
346 1003 391 1045 δὲ
418 1004 492 1053 ἐμὲ
519 1005 751 1054 λαμβάνων
780 1006 986 1055 λαμβάνει
1013 1005 1085 1046 τὸν
1113 1004 1430 1046 ἀποστείλαντά
1459 1018 1524 1051 με.

42 1134 91 1160 10
188 1117 549 1187 Προαποδείξας
584 1119 833 1186 χρησίμως
865 1117 1030 1169 ἑαυτὸν
1056 1117 1170 1169 ὄντα
1196 1116 1413 1184 Χριστὸν
1440 1117 1516 1166 καὶ
1553 1115 1608 1166 δι’
1638 1113 1703 1165 ὧν

110 1198 309 1263 ἔμελλεν
348 1201 372 1250 ὁ
418 1200 653 1266 προδότης
697 1201 1061 1267 ἐμπαροινήσειν
1105 1202 1153 1251 ἐν
1195 1200 1335 1269 αὐτῷ,
1377 1197 1618 1266 χρήσιμόν
1661 1220 1706 1248 τι

109 1280 257 1333 πάλιν
284 1283 458 1333 ε’πινοεῖ
482 1282 602 1349 πρὸς
636 1283 907 1349 ἀνατροπὴν
933 1286 1016 1346 τῆς
1051 1283 1223 1333 ἐκείνου
1258 1282 1590 1341 κακοβουλίας.
1644 1281 1706 1332 ὡς

111 1363 426 1431 ἀμυδρότερός
461 1389 562 1419 πως
598 1367 724 1435 αὐτῷ
757 1364 946 1432 πρόεισι
982 1366 1057 1415 καὶ
1095 1370 1176 1415 νῦν
1204 1366 1228 1414 ὁ
1264 1363 1426 1429 λόγος·
1486 1361 1699 1427 συγκρύ-

112 1468 245 1497 πτειν
283 1446 378 1512 γάρ
417 1448 483 1498 ε”τι
521 1452 736 1513 πειρᾶται
776 1447 829 1498 τὸ
867 1445 1109 1512 τόλμημα,
1147 1448 1223 1497 καὶ
1262 1444 1535 1515 ἀναφανδὸν
1575 1446 1704 1496 οὔπω

47 1547 94 1587 15
115 1531 239 1598 φησὶ
286 1528 354 1583 τίς
406 1531 431 1580 ὁ
482 1530 750 1597 προδώσων
795 1529 952 1581 αὐτόν.
1021 1528 1272 1597 ἀπελέγχει
1318 1533 1584 1594 τοιγαροῦν,
1630 1528 1743 1577 mia
1782 1541 1926 1577 733A.

115 1610 249 1674 μάλα
291 1613 539 1679 χρησίμως
582 1611 701 1674 μετὰ
743 1617 934 1680 σαφοῦς
977 1611 1373 1678 παραδείγματος,
1417 1613 1478 1664 ὡς
1522 1608 1705 1674 ἀνάγκη

115 1697 256 1744 πᾶσα
295 1696 370 1744 καὶ
404 1697 467 1748 εἷς
501 1693 555 1744 τὸ
588 1700 671 1745 τοῦ
703 1697 828 1745 Θεοῦ
869 1694 943 1744 καὶ
973 1692 1164 1759 Πατρὸς
1203 1695 1390 1744 ἀναθεῖν
1421 1690 1704 1757 πρόσωπον,

116 1777 200 1839 τῆς
227 1779 289 1829 εἷς
316 1773 458 1826 αὐτὸν
484 1775 731 1841 γινομένης
759 1775 947 1842 ἀγάπης
973 1799 1022 1827 τε
1054 1778 1129 1826 καὶ
1163 1778 1301 1840 τιμῆς
1335 1774 1389 1826 το
1425 1775 1587 1840 πέρας·
1631 1774 1708 1823 καὶ

118 1858 222 1925 οὐχὶ
261 1857 411 1922 δήπου
449 1864 589 1909 τοῦτο
627 1857 794 1925 κυρίως
833 1859 959 1927 αὐτῷ
999 1858 1218 1908 δεικνύειν
1257 1855 1453 1919 σκοπὸς,
1492 1854 1616 1922 τάχα
1660 1854 1708 1905 δὲ

49 1964 100 1990 20
120 1944 312 2003 μᾶλλον
348 1939 400 1990 τὸ
439 1940 658 1994 ἐναντίως
697 1940 805 2007 ἕχον
839 1939 960 1990 κατὰ
997 1938 1084 2003 τὴν
1120 1938 1281 2008 δόξαν.
1336 1939 1470 2007 ἀφεὶς
1509 1936 1618 2004 γὰρ,
1646 1939 1708 1990 ὡς

119 2021 247 2084 ἔοικε,
284 2021 338 2072 τὸ
378 2021 524 2091 φάναι
562 2020 865 2088 γυμνότερον,
899 2020 1015 2087 ὅπερ
1054 2021 1232 2087 εἴρηκεν
1268 2022 1316 2071 ἐν
1350 2019 1532 2086 ἑτέροις,
1565 2041 1702 2070 τουτ-

121 2103 253 2155 έστιν
294 2105 404 2154 “‘O
448 2102 513 2168 μὴ
558 2107 707 2167 τιμῶν
748 2102 830 2154 τὸν
869 2102 987 2154 Υἱὸν
1033 2103 1138 2154 οὐδὲ
1184 2103 1268 2154 τὸν
1313 2101 1507 2169 Πατέρα
1547 2100 1706 2169 τιμᾷ·”
1771 2100 1877 2181 ’ῗῑῑῑζῑ

120 2185 356 2254 κεχώρηκε
381 2187 672 2249 μᾶλλον·ε’πὶ
703 2184 757 2236 τὸ
793 2186 1126 2254 εὐφημότερον,
1152 2185 1413 2251 ἐπιτρέπων
1438 2189 1535 2238 τοῖς
1560 2185 1701 2249 ἀκρο-
1727 2192 1755 2233 b
1843 2175 1847 2182 Ι

122 2267 315 2331 ωμένοις
340 2265 394 2318 τὸ
422 2272 541 2318 νοεῖν
567 2268 617 2317 ἐκ
643 2266 811 2318 τούτου
836 2267 890 2318 τὸ
916 2268 1139 2326 ἐναντίον,
1168 2267 1270 2318 ἐπεί
1296 2290 1367 2318 τοι
1401 2269 1478 2317 καὶ
1512 2268 1709 2328 ἀπειλῆς

54 2369 103 2409 25
123 2354 315 2414 μᾶλλον
358 2347 387 2413 ὴ
431 2352 704 2415 προτροπῆς
745 2347 802 2413 ἧν
842 2351 866 2400 ὁ
911 2348 1084 2416 καιρὸς,
1125 2351 1199 2400 ἐπὶ
1245 2348 1406 2415 θύραις
1448 2347 1582 2401 ὄντος
1627 2353 1710 2398 τοῦ

123 2430 441 2495 τολμήματος,
474 2433 550 2481 καὶ
583 2431 672 2495 ἤδη
704 2431 1028 2496 μελετωμένης
1061 2434 1144 2495 τῆς
1179 2432 1248 2482 ἐπ’
1282 2432 1408 2500 αὐτῷ
1445 2430 1705 2496 παροινίας.

123 2510 351 2575 βεβλήκει
385 2512 480 2578 γὰρ
513 2513 602 2577 ἤδη
635 2513 722 2576 τὴν
746 2512 924 2581 σκέψιν
951 2515 975 2564 ὁ
1007 2517 1223 2566 Σατανᾶς
1257 2516 1320 2566 εἷς
1355 2511 1441 2576 τὴν
1466 2517 1550 2562 τοῦ
1584 2534 1703 2576 προ-

125 2593 266 2644 δότου
292 2594 503 2659 καρδίαν.
556 2592 720 2660 ὥσπερ
753 2595 922 2656 τοίνυν,
949 2597 1115 2662 φησιν,
1143 2594 1220 2657 ἐμὲ
1255 2593 1311 2658 δὴ
1347 2593 1537 2646 πάντως
1570 2593 1712 2643 αὐτὸν

125 2676 202 2726 καὶ
237 2676 324 2742 οὐχ
359 2674 516 2741 ἕτερον
543 2675 822 2743 ὑποδέξαιτό
852 2698 935 2737 τις,
961 2675 1179 2741 τὸννπαρ’
1208 2677 1320 2738 ε”μοῦ
1347 2674 1711 2737 ἀπεσταλμένον

59 2780 108 2816 3ο
127 2760 166 2807 εἶ
190 2756 350 2818 λάβοι·
395 2758 542 2811 οὕτως
577 2758 601 2807 ὁ
633 2756 715 2807 τὸν
741 2756 871 2823 παρὰ
897 2761 1022 2808 Θεοῦ
1048 2759 1124 2806 καὶ
1155 2755 1346 2822 Πατρὸς
1372 2756 1711 2806 ἀποσταλέντα

127 2837 393 2907 δεξάμενος,
428 2837 571 2889 αὐτὸν
609 2837 667 2889 ἂν
705 2837 893 2892 εἰκότως
932 2838 1112 2906 δέχοιτο
1150 2837 1233 2889 τὸν
1261 2838 1469 2904 Πατέρα.
1523 2839 1634 2887 ἀλλ’
1661 2839 1750 2889 ἐνο

751 2974 802 2998 12.
829 2964 872 2999 ὡς
890 2963 932 2998 Ε.
951 2963 1004 2997 καὶ
1024 2963 1089 2997 Ed,

185 3030 280 3059 von.
302 3032 351 3059 Π.
890 3031 913 3072 3
936 3031 962 3058 A
