2037 3266
125 250 287 301 Sssssf‘sth·

126 305 218 325 xxm.
232 300 282 335 17.

348 134 432 174 608
751 133 801 173 Β.
835 132 1110 173 CYRILLI
1151 132 1530 173 ALEXANDR.
1691 147 1758 173 xv.
1780 132 1927 184 26,27.

354 240 707 308 εἰσκομίζοντες,
770 246 872 295 πῶς
935 241 1018 292 οὐκ
1083 239 1346 292 ἀκόλουθον
1396 243 1537 291 εἰπεῖν
1589 241 1802 306 (ίΜωροὶ
1853 241 1930 290 καὶ

350 330 379 353 “
404 324 619 392 τυφλοῖ,”
660 326 727 388 πῆ
767 323 823 388 δὴ
861 323 1009 375 πάλιν
1049 322 1194 376 ἰόντες
1225 324 1351 385 ὑμεῖς
1391 323 1473 373 οὐκ
1511 322 1813 384 αἰσθάνεσθε,
1853 322 1928 371 καὶ

349 409 433 470 τῆς
477 411 561 458 τοῦ
601 410 905 471 Μονογενοῦς
948 405 1287 470 κατεπαίρεσθε
1327 405 1482 474 δόξης,
1521 406 1571 455 ἐκ
1609 407 1691 468 τῆς
1732 402 1929 467 ἐνούσης

306 496 333 537 d
352 490 457 552 ὑμῖν
484 489 686 552 ἀμαθίας
711 488 903 541 ἀθλίους·
928 487 1223 553 συνείροντες
1261 487 1525 552 λογισμούς
1548 508 1559 548 ;
1616 490 1653 537 εἰ
1684 485 1777 551 γὰρ
1804 485 1929 538 ὅλως

126 1228 220 1279 Infra
308 1243 330 1269 e

125 1283 191 1303 xvl.
211 1281 259 1310 14.

130 2066 203 2100 911
223 2064 275 2099 A.
311 2074 331 2099 a

349 576 547 639 χορηγεῖ
579 569 633 621 τὸ
661 574 857 631 Πνεῦμα
890 568 1021 635 παρὰ
1050 574 1134 619 τοῦ
1175 567 1365 634 Πατρὸς
1399 570 1423 619 ὁ
1449 568 1576 630 Υἱὸς,
1615 570 1663 619 ἐν
1699 566 1927 634 ὑπηρετου
1947 585 1969 624 5

349 653 474 707 τινος
518 652 648 721 τάξει
691 651 1049 717 λελογισμένος,
1087 655 1187 704 πῶς
1237 652 1319 701 οὐκ
1364 652 1619 716 ἀναγκαῖον
1663 651 1927 713 ὁμολογεῖν,

350 737 411 789 ὡς
438 733 692 801 ἀλλότριον
718 733 802 797 με’ν
828 735 931 784 ἐστι
965 737 1209 787 παντελῶς
1245 736 1328 797 τῆς
1355 734 1517 786 οὐσίας
1550 733 1703 794 αὑτοῦ,
1730 731 1854 798 τάχα
1880 728 1928 780 δὲ

349 819 425 868 καὶ
451 817 639 880 ἄμεινον
665 817 807 867 αὐτοῦ
838 817 914 866 καὶ
942 814 1061 866 κατὰ
1086 814 1213 866 πολὺ
1247 819 1467 881 κρεῖττον,
1495 812 1641 880 ἄνπερ
1667 814 1812 865 οὕτως
1844 814 1928 878 ε”χῃ

349 898 470 949 κατά
496 922 547 964 γε
576 898 659 962 τὴν
685 898 792 964 παρ’
826 899 929 960 ὑμῖν
954 898 1158 961 ἀμαθίαν
1181 919 1192 959 ;
1238 901 1275 948 εἷ
1306 895 1400 962 γὰρ
1426 898 1508 947 οὐκ
1541 898 1589 946 ἐκ
1624 901 1706 947 τοῦ
1736 893 1928 960 Πατρὸς

350 980 658 1047 ἐκπορεύεται,
697 979 952 1042 τουτέστιν,
992 981 1041 1029 ἐκ
1079 981 1162 1042 τῆς
1201 979 1364 1032 οὐσίας
1404 979 1560 1040 αὐτοῦ,
1600 979 1624 1028 ὁ
1665 975 1778 1030 Υἱὸς
1817 975 1924 1026 καθ’
1951 1003 1999 1028 10

349 1064 481 1127 ὑμᾶς,
507 1067 607 1116 πῶς
649 1063 730 1112 οὐκ
769 1064 817 1112 ἐν
856 1063 1070 1125 ἀμείνοσι
1103 1062 1239 1112 νοοῖτ’
1277 1060 1334 1111 ἂν
1363 1059 1416 1111 τὸ
1446 1064 1642 1123 Πνεῦμα
1679 1057 1807 1123 παρὰ
1846 1056 1928 1108 τὸν

347 1144 493 1207 Υἱόνς
536 1143 635 1195 εἶτα
672 1144 721 1194 τί
755 1148 925 1211 φαμεν,
954 1143 1068 1194 ὅταν
1094 1143 1371 1206 ἀκούσωμεν
1408 1142 1631 1207 λε’γοντος
1657 1143 1761 1207 περὶ
1788 1143 1929 1191 αὐτοῦ

347 1226 417 1278 ὅτι
457 1227 706 1280 “Ἐκεῖνος
743 1225 820 1289 ἐμὲ
860 1225 1069 1295 δοξάσει,
1109 1225 1180 1276 ὅτι
1222 1226 1272 1276 ἐκ
1313 1231 1396 1276 τοῦ
1436 1226 1548 1288 ἐμοῦ
1593 1223 1815 1293 λήψεται,
1854 1223 1930 1272 καὶ

347 1317 373 1340 “
398 1311 657 1376 ἀναγγελεῖ
686 1309 839 1371 ὑμῖν.”

422 1392 553 1458 Πρὸς
593 1391 642 1442 δὲ
680 1395 776 1445 τοῖς
810 1390 1062 1457 εἰρημένοις
1097 1391 1280 1440 κάκεῖνο
1320 1389 1491 1441 λοιπὸν
1532 1391 1593 1443 ὡς
1631 1389 1688 1457 ἐξ
1722 1386 1927 1453 ἀνάγκης
1952 1408 1998 1446 15

347 1473 640 1538 εἰσβήσεται.
683 1476 721 1523 εὶ
743 1472 837 1538 γὰρ
864 1473 1124 1538 ὑπουργίαν
1150 1471 1414 1535 διακονικὴν
1436 1473 1748 1537 ἀποπληροῦν
1774 1469 1928 1520 οἴεσθε

347 1554 430 1608 τὸν
455 1555 586 1618 Υὶὸν,
625 1554 679 1605 τὸ
719 1554 977 1620 ἀλλότριον
1015 1554 1139 1617 ἡμῖν,
1178 1553 1409 1615 τουτέστι,
1436 1552 1490 1604 τὸ
1528 1551 1658 1618 παρὰ
1695 1557 1778 1603 τοῦ
1804 1555 1928 1602 Θεοῦ

349 1640 425 1690 καὶ
462 1636 654 1703 Πατρὸς
693 1636 1047 1703 κεχορηγηκότα
1077 1634 1253 1700 ΓἈγιον
1292 1633 1347 1686 ὃν
1386 1634 1505 1686 κατὰ
1544 1634 1694 1703 φύσιν
1721 1638 1929 1697 Πνεῦμα,

350 1723 404 1772 οὐ
443 1719 561 1771 κατὰ
588 1719 738 1788 φύσιν
764 1717 894 1784 ἅγιος
920 1719 944 1768 ὁ
971 1717 1098 1781 Υἱὸς,
1128 1717 1248 1768 κατὰ
1284 1717 1472 1786 μέθεξιν
1505 1717 1553 1767 δὲ
1591 1716 1754 1782 ὥσπερ
1781 1716 1924 1779 ἡμεῖς.

351 1803 541 1868 λέγεται
562 1801 655 1868 γὰρ
676 1800 794 1852 κατὰ
814 1800 899 1864 τὴν
918 1804 1013 1850 τῶν
1033 1803 1288 1859 δυσσεβῶν
1307 1800 1525 1862 ἀμαθίαν,
1541 1798 1795 1864 ἀλλότριος
1816 1796 1929 1849 εἶναι
1951 1821 2000 1845 20

350 1889 433 1950 τῆς
464 1885 628 1938 οὐσίας
656 1889 739 1935 τοῦ
767 1881 972 1948 Πατρὸς,
998 1882 1054 1951 ἐξ
1088 1882 1142 1946 ἧς
1175 1883 1251 1932 καὶ
1277 1880 1462 1947 πρόεισι
1488 1880 1542 1931 τὸ
1571 1884 1766 1943 Πνεῦμα
1791 1879 1845 1931 τὸ
1873 1881 1926 1930 δι’

351 1969 493 2019 αὐτοῦ
530 1964 896 2035 χορηγούμενον.
951 1964 1086 2015 ε”σται
1120 1965 1275 2015 τοίνυν
1315 1968 1409 2014 τῶν
1450 1962 1778 2030 ἐνδεχομένων,
1804 1961 1930 2028 ε’ίπερ

352 2051 434 2101 οὐκ
469 2050 584 2100 ’ίδιον
614 2054 698 2099 τοῦ
732 2051 850 2098 Υἱοῦ
885 2046 939 2098 τὸ
968 2045 1164 2110 Πνεῦμά
1202 2047 1346 2108 ἐστιν,
1379 2046 1489 2096 ἀλλ’
1531 2044 1801 2108 εἰσποιητὸν
1838 2043 1930 2111 ἔχει

351 2135 425 2183 καὶ
464 2131 603 2184 αὐτὸς
641 2130 724 2181 τὸν
763 2127 1018 2195 ἁγιασμὸν,
1047 2126 1257 2194 καθάπερ
1296 2129 1324 2192 ἡ
1360 2128 1526 2190 κτίσις,
1555 2128 1630 2177 καὶ
1670 2128 1930 2177 ἀποπεσεῖν

351 2215 588 2265 δύνασθαί
618 2235 732 2263 ποτε
766 2215 849 2275 τῆς
875 2211 1072 2274 ἐνούσης
1107 2208 1354 2275 ἁγιότητος
1390 2210 1528 2278 αὐτῷ.
1579 2208 1633 2259 τὸ
1670 2208 1764 2274 γὰρ
1791 2210 1852 2261 ὡς
1882 2210 1929 2258 ἐν
1951 2231 1998 2268 25

351 2296 482 2364 τάξει
519 2294 796 2361 προσθήκης
835 2291 1091 2355 ἐπικτηθὲν,
1126 2296 1225 2344 πῶς
1265 2292 1347 2341 οὐκ
1385 2289 1443 2341 ἂν
1482 2290 1770 2355 ἀπογένοιτο,
1811 2289 1931 2340 κατά

351 2400 405 2444 γε
443 2377 527 2427 τὸν
550 2381 632 2426 τοῦ
671 2378 992 2442 ἐγχωροῦντος
1031 2372 1179 2439 λόγον
1205 2396 1216 2436 3
1260 2371 1358 2423 εἶτα
1384 2372 1452 2427 τίς
1478 2377 1573 2423 τῶν
1597 2371 1821 2423 τοιούτων
1847 2373 1927 2422 οὐκ

351 2462 686 2524 ἀποδραμεῖται
721 2456 1003 2522 δογμάτων,
1049 2455 1439 2521 πρεπωδέστερον
1467 2454 1515 2505 δὲ
1541 2452 1668 2518 οἶμαι
1697 2452 1750 2504 τὸ
1782 2455 1929 2506 οὕτως

349 2544 504 2592 εἰπεῖν.

426 2623 553 2685 Φίλη
583 2625 832 2687 τοιγαροῦν
857 2620 966 2684 ἡμῖν
994 2620 1020 2683 ἡ
1056 2618 1271 2683 ἀλήθεια,
1303 2620 1377 2669 καὶ
1411 2616 1470 2668 τὰ
1505 2619 1553 2667 ἐκ
1587 2619 1668 2681 τῆς
1708 2617 1929 2680 ἀληθείας
1949 2636 1998 2672 30

351 2702 579 2769 δόγματα,
607 2704 682 2753 καὶ
707 2703 862 2755 αὐτοῖς
893 2702 1078 2754 ἐκείνοις
1113 2701 1238 2764 ἡμεῖς
1275 2701 1362 2766 οὐχ
1396 2698 1624 2767 ἑψόμεθα,
1651 2697 1736 2762 τὴν
1762 2698 1810 2749 δὲ
1836 2702 1930 2748 τῶν

395 2904 428 2939 5.
454 2897 514 2928 τοῦ
532 2901 753 2940 assumptum
773 2907 813 2929 ex
833 2907 866 2941 q.
885 2895 1013 2930 Vecco.
1254 2904 1306 2927 11.
1335 2891 1431 2926 νοοῖτ’
1453 2892 1492 2926 E.
1512 2904 1545 2936 q.
1565 2890 1713 2925 Veecus.
1732 2891 1840 2923 νοοῖτο
1860 2888 1923 2922 Ed.

350 2952 405 2975 20.
432 2941 467 2975 δέ
486 2953 548 2986 pro
565 2943 630 2986 γὰρ
650 2954 682 2987 q.
