1971 3272
93 131 233 172 ix.1(›.
343 131 414 171 IN
459 131 501 171 S.
536 130 873 171 JOANNEM.
937 129 1163 169 LIB.V1.
1227 129 1361 169 CAP.
1398 129 1430 168 Ι.
1602 129 1681 167 169

93 240 184 306 γὰρ
210 240 294 304 μὲν
321 242 388 295 τίς
414 240 582 295 αὐτοὺς
609 245 853 302 βουθυτεῖν
880 239 1130 302 ἑλομένους
1165 239 1284 290 κατὰ
1319 238 1373 290 τὸ
1408 238 1677 299 σάββατον,

91 320 120 386 ἢ
147 325 222 373 καὶ
247 321 355 376 τοὺς
382 327 476 373 τῶν
503 322 670 372 ἄλλων
697 325 876 372 θυσιῶν
903 321 1256 384 ἐπιτηδεύοντας
1283 319 1513 386 τρόπους,
1545 321 1681 383 ἐγκα-

92 403 233 454 λέσαι
268 404 352 468 μὲν
386 404 534 456 πάλιν
564 409 757 467 μᾶλλον
794 401 980 456 εἰκότως
1019 407 1055 452 εὶ
1096 402 1160 466 μὴ
1201 405 1350 472 δρῷεν
1377 400 1407 452 ἃ.
1445 404 1579 468 χρῆν,
1607 402 1726 450 «alb

92 490 189 539 τοῖς
214 489 296 550 τῆς
323 487 542 552 λατρείας
570 486 726 549 νόμοις
762 486 1006 554 ὠφείλετο.
1061 484 1136 534 ὅτε
1171 486 1328 534 τοίνυν
1354 483 1413 534 τὰ
1449 482 1563 548 ὑπὲρ
1600 485 1682 545 τῆς

50 578 72 617 5
92 590 231 618 τινων
257 569 496 634 σωτηρίας
528 567 648 618 κατὰ
687 566 830 629 νόμον
857 566 1204 629 καθοσιούμενα
1239 565 1570 618 ἀδιακωλύτως
1608 566 1684 615 καὶ

92 650 141 700 ἐν
167 649 404 719 σαββάτῳ
430 649 549 715 πρὸς
575 648 630 700 τὸ
657 654 780 700 θεῖον
807 649 1048 708 ἀναβαίνει
1081 648 1439 713 θυσιαστήριον,
1465 652 1564 701 πῶς
1602 648 1684 697 οὐκ

93 730 152 781 ἂν
176 737 368 794 μᾶλλον
394 735 654 783 ἐπιτελοῖτο
680 732 1071 797 πρεπωδέστερον
1097 731 1125 794 ἡ
1153 735 1215 784 εἷς
1248 731 1499 796 ἄνθρωπον
1526 729 1680 797 χάρις,

93 815 147 864 δι’
190 812 243 864 ὃν
285 813 338 865 τὸ
385 819 542 878 θαῦμα
584 816 659 865 καὶ
700 815 748 864 ἐν
787 811 1026 873 σαββάτω
1069 812 1265 875 δεκτόν,
1322 818 1546 881 λογισμῷ
1583 835 1679 862 τοι·

94 902 271 962 γαροῦν
296 901 362 966 τῷ
387 897 613 963 πρέποντι
639 895 757 962 πρὸς
791 895 845 946 τὸ
882 896 1052 961 κρίνειν
1080 895 1255 961 ἄριστα
1283 895 1563 959 κεκλημένοι
1591 898 1685 945 τῶν
1704 912 1726 938 0

28 978 333 1029 ΙΟΊουδαίων
361 978 490 1040 τινὲς,
517 980 593 1029 καὶ
629 978 768 1041 μόλις
803 981 886 1042 τῆς
921 981 987 1046 τῷ
1022 977 1142 1028 ἔθνει
1174 977 1457 1042 προσούσης
1484 976 1685 1040 ἀμαθίας

93 1059 180 1124 τὴν
215 1060 368 1128 ἀχλὺν
401 1066 497 1112 τῶν
530 1064 613 1124 τῆς
653 1060 857 1113 διανοίας
894 1059 1122 1123 ὀμμάτων
1158 1058 1573 1123 ἀποπεμψάμενοι,
1601 1058 1687 1122 τὴν

94 1148 177 1194 τοῦ
206 1146 426 1210 Σωτῆρος
452 1142 743 1208 θαυμάζουσι
770 1141 931 1211 δόξαν,
959 1145 995 1192 εὶ
1022 1143 1096 1192 καὶ
1125 1142 1254 1192 οὔπω
1281 1141 1478 1209 σφόδρα
1507 1146 1683 1194 καλῶς·

95 1224 324 1276 ἐλάττονα
350 1225 444 1292 γὰρ
469 1226 588 1292 ἤπερ
614 1227 756 1292 ἐχρῆν
783 1229 994 1274 λαλοῦσι
1024 1226 1130 1289 περὶ
1166 1224 1321 1285 αὐτοῦ,
1349 1222 1688 1289 ἀποσχίζονται

97 1306 144 1357 δὲ
180 1311 275 1358 τῶν
307 1308 499 1371 ἑτοίμως
534 1306 910 1373 κατακρινόντων
944 1304 1102 1356 αὐτόν.
1157 1309 1197 1356 οἱ
1236 1304 1322 1369 μὲν
1353 1304 1446 1370 γὰρ
1485 1306 1688 1358 ἀνοσίως

30 1404 77 1442 15
97 1388 261 1459 φθόνῳ
299 1389 354 1440 τὸ
394 1395 524 1440 νικᾶν
562 1388 590 1454 ἢ
631 1393 853 1458 λογισμῷ
892 1387 1096 1441 διδόντες
1135 1391 1201 1456 τῷ
1238 1387 1480 1453 πρέποντι,
1520 1389 1594 1437 καὶ
1633 1386 1688 1436 τὸ

96 1471 368 1535 μηδαμόθεν
413 1474 721 1537 ἐγκαλεῖσθαι
765 1470 975 1538 πεφυκὸς
1021 1473 1083 1523 εἷς
1134 1470 1428 1535 παρανομίας
1475 1470 1690 1537 δέχονται

98 1553 307 1615 δύναμιν·
360 1558 402 1605 οἱ
438 1555 486 1604 δὲ
521 1558 578 1622 τῇ
617 1553 762 1623 φύσει
796 1558 879 1604 τοῦ
915 1552 1196 1619 πράγματος
1236 1553 1486 1618 ἐνορῶντες
1525 1553 1690 1618 ὀρθῶς,

98 1639 181 1700 τῆς
207 1637 389 1688 ἐκείνων
414 1637 592 1702 μωρίας
620 1634 1026 1701 καταδικάζουσιν.
1707 1630 1735 1671 d

175 1717 315 1772 Εἰκὸς
351 1717 398 1770 δὲ
434 1718 584 1783 δήπου
619 1720 694 1769 καὶ
732 1716 890 1784 ἕτερόν
915 1740 960 1768 τι
986 1720 1248 1782 κατορθοῦν
1273 1714 1522 1779 ἑλομένους
1551 1718 1692 1766 εἰπεῖν

31 1823 82 1849 20
100 1798 154 1851 τό
183 1800 286 1855 Πῶς
321 1798 502 1852 δύναται
539 1799 757 1869 ἄνθρωπος
793 1799 1065 1868 ἀμαρτωλὶς
1101 1799 1285 1849 τοιαῦτα
1321 1801 1487 1864 σημεῖα
1526 1801 1689 1858 ποιεῖν,

101 1882 200 1951 ὅλῳ
227 1881 333 1948 γὰρ,
355 1885 416 1936 ὡς
443 1883 552 1936 ἔπος
578 1886 734 1944 εἰπεῖν,
754 1885 1014 1933 συναθλεῖν
1039 1880 1302 1945 ἐπείγονται
1328 1883 1394 1948 τῷ
1421 1883 1516 1930 τῶν
1544 1880 1692 1944 ἁγίων

103 1968 282 2033 θεσμῷ.
339 1968 376 2014 εἰ
414 1963 508 2031 γὰρ
547 1964 671 2018 ὅλως
709 1963 892 2032 ἐξεῖναι,
927 1964 1094 2032 φασιν,
1121 1961 1454 2029 ἐπιτρέψομεν,
1482 1962 1557 2011 καὶ
1597 1965 1694 2014 τοῖς

104 2045 294 2096 εἰωθόσι
332 2051 633 2110 πλημμελεῖν
670 2050 767 2099 τοῖς
811 2044 925 2111 ὑπὲρ
970 2043 1120 2109 λόγον
1162 2041 1575 2105 ἐπισεμνύνεσθαι,
1618 2042 1694 2091 καὶ

105 2126 357 2190 θαυμάτων
398 2128 603 2194 ὁρᾶσθαι
648 2127 814 2180 αὐτοὺς
855 2123 1179 2192 δημιουργοὺς,
1217 2124 1267 2174 τί
1304 2123 1358 2174 τὸ
1404 2123 1591 2174 κωλύον
1629 2123 1695 2173 ε”τι

35 2226 83 2264 25
106 2214 319 2277 φανεῖται
357 2208 464 2263 τοὺς
502 2208 893 2278 φιλεγκλήμονας
931 2210 1014 2271 τῆς
1052 2211 1146 2258 τῶν
1183 2209 1445 2274 προφητῶν
1479 2204 1695 2269 πληθύος

105 2295 396 2357 κατηγορεῖν,
440 2290 469 2356 ἢ
521 2293 597 2342 καὶ
649 2292 775 2360 αὐτῷ
818 2289 990 2342 λοιπὸν
1034 2288 1318 2357 ἐπιφύεσθαι
1370 2292 1437 2357 τῷ
1481 2288 1695 2356 μακαρίῳ

108 2374 325 2435 Μωυσεῖ,
353 2374 428 2422 καὶ
463 2374 511 2422 ἐν
537 2374 698 2437 μηδενὶ
731 2375 971 2423 ποιεῖσθαι
1006 2370 1139 2438 λόγῳ
1173 2369 1257 2420 τὸν
1283 2370 1403 2420 οὕτω
1438 2368 1631 2431 σεπτὸν,
1659 2373 1732 2418 εἶθ

108 2456 183 2504 καὶ
221 2456 294 2505 ἐπὶ
332 2459 428 2508 τοῖς
467 2454 689 2505 ἁπάντων
723 2454 936 2519 ἀρίστοις
970 2455 1253 2518 μαρτυροῖτο
1289 2451 1689 2516 κατορθώμασιν,

108 2536 275 2586 οὐκοῦν
306 2538 381 2586 καὶ
417 2536 548 2586 αὐτοὶ
582 2534 956 2601 συναγορεύουσι
994 2537 1052 2601 τῇ
1087 2537 1182 2583 τῶν
1214 2531 1431 2598 πατέρων
1465 2531 1581 2599 δόξῃ
1622 2529 1697 2581 διὰ

41 2633 90 2684 39
109 2616 339 2683 Χριστὸν,
363 2617 612 2685 πρόφασιν
638 2615 803 2682 ὥσπερ
827 2615 932 2666 τινὰ
966 2618 1048 2679 τῆς
1084 2619 1146 2667 εἰς
1180 2613 1376 2665 ἐκείνους
1408 2612 1595 2677 ἀγάπης
1622 2613 1697 2661 καὶ

110 2697 169 2749 τὰ
195 2697 264 2749 ἐπ’
293 2699 418 2767 αὐτῷ
442 2697 701 2766 δεξάμενοι.

160 2844 192 2878 8.
219 2845 378 2890 λογισμῷ
396 2844 576 2889 τοιγαροῦν
593 2842 660 2877 hoc
678 2841 801 2876 Ordine
820 2841 863 2876 Β.
961 2853 993 2886 9.
1019 2839 1213 2884 κεκλημένοι
1229 2839 1271 2873 Β.
1291 2837 1477 2883 κεκλιμένοι
1497 2838 1615 2873 Holst.
1629 2837 1697 2872 Ed.

118 2901 171 2925 10.
196 2890 397 2936 προσούσης
416 2890 458 2924 Β.
475 2888 674 2933 πρεπούσης
693 2888 755 2922 Ht.
776 2888 843 2922 Ed.
1060 2898 1113 2929 14.
1138 2886 1282 2922 ἀνοσίως
1302 2886 1378 2921 B.a.
1397 2886 1525 2932 ἀνοσίῳ
1548 2884 1610 2920 Ht.
1627 2884 1696 2919 Ed.

117 2947 172 2970 22.
198 2937 315 2983 θεσμῷ
336 2936 377 2971 Β.
398 2936 461 2970 Ht.
479 2937 574 2983 ἐσμῴ
593 2935 791 2969 emendavit
808 2941 849 2969 ut
866 2933 1012 2968 adnotat
1029 2934 1102 2978 ipse
1120 2933 1214 2967 Aub.

175 3003 264 3031 VOL.
290 3003 338 3031 11.
922 3001 943 3028 Z
