1971 3272
117 134 259 187 xi.40.
366 137 432 177 IN
467 137 508 177 S.
532 136 701 176 JOAN.
765 135 999 175 LIBNII.
1067 135 1448 176 FRAGMICN'I'A.
1623 137 1704 175 285

118 243 255 309 ζεται,
281 244 411 296 ἀλλὰ
437 245 529 311 γὰρ
556 247 630 295 καὶ
667 244 808 294 ἄλλοι
842 243 1008 293 ἄλλων
1034 241 1399 294 πιστευσάντων
1426 244 1703 307 ἐσώθησαν,

119 329 181 380 ὡς
212 328 237 376 ὁ
272 329 320 377 ἐν
350 326 675 392 Καπαρναοὺμ
710 328 973 393 χαλασθεὶς
1008 325 1281 391 παράλυτος
1317 325 1393 376 διὰ
1428 324 1514 388 τὴν
1544 326 1709 376 πίστιν

118 413 213 458 τῶν
263 407 603 473 βασταζόντων
654 406 812 457 αὐτόν·
887 409 949 460 ὡς
1000 408 1025 456 ὁ
1079 405 1309 471 Λάζαρος,
1363 406 1438 456 διὰ
1489 406 1576 470 τὴν
1626 410 1709 469 τῆς

119 492 345 558 ἀδελφῆς,
370 489 488 556 πρὸς
524 489 581 553 ἢν
607 490 698 557 ἔφη
731 491 755 539 ὁ
786 488 959 554 Κύριος
985 487 1090 538 Ἐὰν
1117 488 1324 561 πιστεύης
1352 486 1458 557 ὄψει
1487 488 1555 547 τὴν
1583 486 1710 558 δόξαν

119 576 190 624 τοῦ
232 575 373 633 Θεοῦς
432 573 686 638 μονονουχὶ
730 570 886 636 λέγων
929 569 1125 634 Ἐπειδὴ
1175 570 1390 636 Λάζαρος
1437 570 1597 636 νεκρὸς
1644 569 1710 621 ὧν

77 585 98 621 <51

117 655 356 706 πιστεύειν
383 655 436 705 οὐ
465 653 672 715 δύναται,
697 650 762 702 σὺ
797 658 879 703 τοῦ
915 657 1076 717 νεκροῦ
1111 651 1165 702 τὸ
1201 657 1368 703 λεῖπον
1394 655 1475 715 τῆς
1503 652 1709 705 πίστεως
1729 676 1749 701 e

119 735 487 802 ἀναπλήρωσον.
554 734 711 785 διττὸν
755 734 804 785 δὲ
853 737 935 798 τῆς
979 735 1186 787 πίστεως
1226 734 1280 785 τὸ
1322 732 1455 788 εἶδος·
1509 734 1563 784 τὸ
1609 734 1710 798 μὲν,

120 817 418 884 δογματικὸν,
446 816 803 883 συγκατάθεσιν
829 819 911 880 τῆς
937 819 1100 884 ψυχῆς
1128 816 1237 883 ε”χον
1263 819 1367 881 περὶ
1395 817 1538 867 τοῦδέ
1566 836 1706 870 τινος’

120 904 182 954 ὡς
220 900 274 951 τό
302 907 327 929 ‘⁶
349 902 411 951 Ὁ
450 899 690 951 πιστεύων
725 902 787 951 εἷς
825 898 908 948 τὸν
934 898 1052 949 Υἱὸν
1092 899 1145 948 οὐ
1184 898 1430 965 κρίνεται·”
1470 898 1524 949 Τὸ
1565 898 1628 962 δὲ,
1664 901 1711 949 ἐν
1774 899 1881 971 3:¹¹1?

55 1006 100 1030 10
120 981 310 1050 χάριτος
350 983 476 1048 με’ρει
518 980 649 1048 παρὰ
692 986 776 1032 τοῦ
815 985 1033 1047 Χριστοῦ
1077 981 1383 1046 δωρούμενον·
1451 979 1581 1030 ιίῗΩι
1625 980 1710 1044 μὲν
1773 986 1911 1070 {sgr-9

121 1072 147 1094 ‘⁶
174 1063 282 1131 γὰρ,
326 1065 464 1132 φησὶ,
509 1063 584 1114 διὰ
629 1069 712 1114 τοῦ
760 1062 1036 1127 Πνεύματος
1083 1064 1261 1113 δίδοται
1312 1063 1456 1128 λόγος
1507 1064 1707 1131 σοφίας,

121 1154 148 1177 “
173 1146 311 1216 ἑτέρῳ
349 1145 398 1196 δὲ
436 1146 638 1208 πίστις,”
675 1146 774 1210 ἥτις
813 1146 868 1196 οὐ
907 1144 1168 1210 δογματικὴ
1207 1145 1354 1208 μονόν
1393 1146 1539 1207 ἐστιν,
1579 1144 1710 1194 ἀλλὰ

121 1230 196 1279 καὶ
231 1232 325 1278 τῶν
361 1227 476 1294 ὑπὲρ
511 1227 762 1293 ἄνθρωπον
793 1226 1078 1292 ἐνεργητικὴ,
1106 1228 1168 1278 ὡς
1207 1228 1282 1276 καὶ
1310 1233 1336 1255 “
1359 1225 1444 1292 ὅρη
1483 1227 1711 1289 μεθιστά-
1772 1228 1906 1260 Ilum.

1777 1282 1804 1302 2.

122 1317 149 1339 ‘⁶
176 1311 313 1361 νειν.”
375 1310 402 1374 ἡ
447 1308 531 1372 μέν
572 1332 643 1360 τοι
690 1307 872 1375 Μάρθα
920 1307 1009 1359 ὑπὸ
1054 1309 1295 1361 ἀσθενείας
1346 1313 1599 1374 λογισμῶν
1649 1313 1711 1362 εὶς
1730 1331 1751 1354 a
1782 1321 1870 1355 688
1885 1320 1937 1356 A·

57 1410 101 1448 15
123 1393 349 1443 ἀπιστίαν
383 1391 614 1443 ἐνέπεσεν.
663 1392 775 1441 ἀλλ’
812 1392 836 1440 ὁ
879 1391 1054 1457 Κύριος
1092 1391 1174 1441 οὐκ
1214 1392 1393 1458 ἐφίησι,
1420 1390 1565 1441 λύσιν
1605 1392 1712 1441 ὑπε-

123 1473 301 1539 νεγκὼν
321 1477 387 1544 τῷ
412 1473 552 1525 πάθει
578 1478 783 1540 ταχεῖαν.
824 1471 915 1539 χρὴ
941 1472 1035 1538 γάρ
1062 1477 1186 1540 φησι
1214 1472 1441 1524 πιστεύειν
1461 1475 1713 1542 ἀσφαλῶς,

121 1556 197 1607 ἵνα
223 1555 452 1619 θεάσηται
483 1555 542 1606 τὰ
571 1555 681 1622 παρ’
709 1555 896 1606 ἐλπίδα.
949 1555 1072 1620 με’γα
1097 1553 1192 1621 γὰρ
1219 1555 1246 1618 ἡ
1273 1555 1474 1622 διψυχία
1501 1554 1709 1618 νόσημα,

123 1640 199 1689 καὶ
225 1640 523 1704 ἀποστεροῦν
547 1642 642 1688 τῶν
669 1638 719 1687 ἐκ
747 1640 873 1687 Θεοῦ
907 1635 1235 1704 χαρισμάτων.
1289 1636 1360 1687 διὸ
1387 1636 1535 1704 ταύτῃ
1561 1639 1709 1687 ἐπιτι-

123 1719 296 1784 μήσας,
331 1718 385 1770 τὸ
423 1719 616 1770 πάντων
655 1718 919 1785 ἀνθρώπων
957 1718 1266 1784 διωρθώσατο
1305 1719 1452 1785 γένος,
1484 1717 1609 1769 ὥστε
1647 1717 1712 1782 μὴ

55 1823 105 1850 20
125 1803 305 1852 ἁλῶναι
330 1806 425 1854 τοῖς
451 1805 534 1865 τῆς
561 1801 787 1870 διψυχίας
814 1805 985 1854 κακοῖς.
1039 1801 1230 1869 φεύγων
1257 1800 1305 1852 δὲ
1331 1801 1385 1852 τὸ
1412 1800 1663 1870 κενόδοξον
1688 1802 1714 1851 ὁ

124 1881 352 1949 Χριστὸς,
380 1885 464 1934 οὐκ
498 1879 797 1950 εἶπεν’”Οψει
834 1881 903 1942 τὴν
930 1880 1059 1952 δόξαν
1084 1906 1189 1946 μου,
1217 1882 1350 1933 ἀλλὰ
1373 1883 1459 1947 τὴν
1485 1885 1557 1934 τοῦ
1583 1885 1709 1935 Θεοῦ.

125 1964 244 2033 δόξα
282 1964 331 2014 δὲ
373 1969 512 2026 Θεοῦ,
551 1965 604 2015 τὸ
643 1966 816 2030 ἐγεῖραι
855 1963 1034 2030 νεκρόν.
1089 1964 1227 2018 αὐτὸς
1266 1966 1347 2015 οῦν
1386 1966 1477 2031 ἄρα
1515 1967 1647 2015 ἐστὶν
1686 1966 1756 2015 bb

125 2046 243 2097 κατὰ
271 2047 420 2114 φύσιν
448 2045 583 2109 Θεὸς,
610 2047 634 2096 ὁ
661 2045 803 2096 εἰπών
830 2053 857 2074 “
879 2046 1010 2110 Ἐγώ
1039 2050 1130 2109 εἶμι
1156 2047 1184 2110 ἡ
1212 2046 1516 2109 ἀνάστασις,”
1546 2048 1599 2098 οῦ
1625 2046 1711 2111 τὴν
1772 2051 1910 2124 {gfff}

125 2129 270 2197 δόξαν
310 2129 406 2190 μετ’
448 2129 501 2178 οῦ
543 2126 670 2179 πολὺ
714 2126 971 2193 θεωρήσειν
1013 2127 1099 2191 τὴν
1143 2126 1345 2193 γυναῖκά
1389 2133 1555 2196 φησιν,
1597 2128 1711 2180 ὅταν
1834 2117 1839 2124 ·
1880 2109 1895 2132 ³

57 2228 104 2266 25
125 2213 259 2279 οἰηθῇ
291 2210 354 2274 μὴ
394 2209 654 2278 ψεύδεσθαι
692 2209 778 2273 τὴν
807 2209 1045 2274 ἀλήθειαν,
1072 2209 1122 2263 ὅς
1161 2212 1293 2260 ἐστιν
1325 2212 1350 2260 ὁ
1382 2210 1612 2276 Χριστός·
1653 2209 1712 2275 ἦν

126 2293 174 2344 δὲ
209 2293 326 2360 αὐτῇ
361 2290 667 2357 ἐπαγγελθὲν,
694 2290 747 2342 τὸ
783 2293 1047 2355 ἀναστῆναι
1082 2291 1164 2342 τὸν
1191 2291 1353 2358 νεκρὸν
1384 2293 1526 2356 αὐτῆς
1565 2294 1707 2343 ἀδελ-

177 2450 204 2472 1.
231 2440 296 2484 γὰρ
315 2445 538 2483 assumptum
557 2451 598 2473 ex
617 2440 736 2474 a.k.m.
869 2451 900 2473 2.
926 2440 1153 2484 παραλυτικὸς
1172 2440 1260 2473 k.m.
1405 2451 1438 2485 3.
1465 2442 1523 2484 τῆς
1539 2439 1710 2485 ἀδελφῆς]

126 2485 283 2529 ἀδελφὴν
301 2497 348 2518 m.
445 2499 477 2528 4.
491 2485 571 2520 Ἐὰν
582 2487 701 2520 a.k.rn.
716 2486 784 2519 Οὐκ
802 2483 896 2520 εἶπόν
914 2501 971 2521 σοι
988 2487 1040 2520 ὅτι
1058 2487 1115 2520 ἐὰν
1127 2486 1204 2520 Cat.
1219 2486 1318 2520 Harl.
1333 2486 1399 2520 Ed.
1455 2486 1645 2530 πιστεύσῃς
1663 2499 1711 2521 m.

128 2532 162 2565 6.
187 2533 309 2565 λοῖπον
326 2531 407 2575 (Sic)
425 2543 474 2565 m.
610 2543 641 2576 7.
667 2532 922 2575 ἀποπλήρωσον
939 2545 970 2567 a.
1035 2534 1073 2566 τὸ
1091 2531 1179 2568 εἶδος
1195 2535 1254 2576 τῆς·
1269 2533 1418 2568 πίστεως
1434 2534 1573 2566 inverso
1591 2533 1713 2566 ordine

128 2579 248 2612 a.k.m.
365 2589 397 2622 9.
425 2578 459 2611 ἐν
478 2579 591 2622 χάριτι
607 2578 710 2623 μέρος
728 2579 807 2623 (Sic)
828 2579 905 2613 Cat.
927 2580 1026 2613 Harl.
1143 2591 1197 2613 10.
1223 2578 1392 2624 Χριστοῦ]
1413 2580 1528 2623 κυρίου
1547 2591 1576 2612 a.
1596 2580 1713 2613 invitis

128 2625 215 2658 k.m.
294 2623 417 2657 Statim
436 2625 611 2676 διδόμενον
628 2636 674 2658 m.
901 2636 954 2669 13.
981 2626 1116 2670 ἐνεργὸς
1133 2625 1228 2659 haud
1248 2626 1337 2658 male
1355 2637 1403 2658 m.
1482 2625 1647 2666 μεθιστᾶν
1664 2637 1713 2659 m.

468 2681 485 2694 α

133 2713 185 2745 15.
211 2703 334 2737 ἔπεσεν
350 2715 397 2737 m.
464 2703 581 2748 ἐφίησι
599 2703 674 2737 Cat.
693 2703 792 2737 Harl.
811 2704 956 2748 ἀφίησιν
969 2716 1014 2737 m.
1034 2704 1154 2748 ἐφίησι
1172 2703 1278 2738 habet
1291 2705 1326 2738 k.
1393 2705 1578 2749 ἐπενεγκὼν
1595 2705 1714 2739 a.km.

129 2750 316 2795 ἐπενεγκὼν
333 2752 379 2795 τῷ
396 2749 496 2783 πάθει
513 2752 649 2794 ταχεῖαν
666 2750 725 2793 τὴν
741 2749 844 2784 λύσιν
861 2763 908 2784 m.
1042 2752 1094 2784 18.
1121 2751 1173 2784 καὶ
1191 2750 1419 2796 ἀποστεροῦν]
1441 2752 1485 2786 ὡς
1501 2751 1715 2794 ἀποστεροῦν

131 2796 294 2840 δυναμένη
312 2808 360 2830 m.
424 2799 483 2829 τοῦ
501 2808 563 2840 pro
582 2796 617 2830 ἐκ
635 2808 680 2830 m.
745 2796 868 2839 ταύτην
886 2808 932 2830 m.
1045 2808 1097 2841 19.
1122 2799 1188 2831 πᾶν
1206 2800 1271 2830 τῶν
1289 2798 1324 2830 k.
1432 2808 1487 2831 20.
1513 2797 1715 2840 ἀκενόδοξον

132 2843 213 2885 (sic)
231 2844 300 2876 a.k.
320 2843 508 2885 κενοδοξεῖν
526 2855 572 2876 m.
717 2854 772 2877 21.
797 2842 880 2888 μου]
899 2845 959 2877 τοῦ
976 2844 1048 2877 υἱοῦ
1065 2845 1125 2877 τοῦ
1144 2845 1231 2877 Θεοῦ
1249 2843 1339 2877 ἀλλὰ
1358 2843 1440 2888 ὄψει
1458 2844 1518 2887 τὴν
1535 2844 1637 2887 δόξαν
1655 2846 1714 2877 τοῦ

132 2891 220 2969 ῗεῧῦ
238 2895 276 2969 elt(
288 2890 400 2935 pergit
419 2889 551 2924 diverse
569 2901 615 2924 m.
799 2900 854 2934 25.
881 2891 900 2924 ὁ
917 2901 986 2924 om.
1005 2890 1074 2924 a.k.
1260 2889 1316 2924 26.
1343 2892 1459 2934 νεκρὸν
1476 2891 1576 2934 αὐτῆς
1593 2902 1667 2925 om.
1684 2902 1714 2924 a.

159 2947 177 2969 a
204 2942 237 2969 et
282 2962 289 2969 .
