2022 3272
111 125 182 165 xii.
200 139 270 181 49,
289 135 355 179 50.
487 124 555 164 IN
598 123 640 163 S.
676 122 1017 162 JOANN'EM.
1082 122 1209 160 LIB.
1245 121 1322 160 lx.
1615 119 1694 158 31]

111 235 257 299 μηδὲν
281 239 376 285 τῶν
400 234 752 296 ἐντεταλμένων
778 233 909 299 αὐτῇ.
962 231 1010 281 τί
1042 232 1199 281 τοίνυν
1224 228 1279 280 τὸ
1311 229 1460 297 ξένον,
1488 226 1523 276 ὦ
1548 227 1695 287 οῦτοι,
1720 232 1745 271 b

114 315 312 385 φήσειεν
339 317 396 367 ἄν
422 339 492 369 τις
519 317 568 366 εὖ
593 314 727 378 μάλα
753 313 873 380 πρὸς
901 312 1113 375 ἐκείνους,
1135 316 1171 362 εἱ
1195 311 1352 376 Λόγος
1377 308 1442 360 ὢν
1468 314 1550 359 τοῦ
1576 313 1701 357 Θεοῦ

116 400 191 449 καὶ
237 398 428 464 Πατρὸς
479 398 504 447 ὁ
550 395 678 458 Υἱὸς,
722 396 810 463 οὐχ
853 394 1017 459 ὥσπερ
1063 395 1087 443 ὁ
1134 393 1367 458 ἡμέτερος·
1425 390 1563 456 μείζω
1610 388 1703 454 γὰρ

114 478 292 534 παντὸς
342 479 725 545 παραδείγματος
775 476 835 528 τὰ
879 478 986 542 περὶ
1029 479 1171 526 Θεοῦ·
1234 473 1320 537 τὴν
1360 479 1442 524 τοῦ
1488 470 1705 524 τεκόντος

74 561 258 613 5αὐτὸν
285 559 569 627 διερμηνεύει
607 557 824 622 βουλήν,
868 557 895 622 ἢ
934 556 1026 623 γὰρ
1064 558 1167 623 οὐχὶ
1203 557 1280 605 καὶ
1316 554 1464 618 ὄνομά
1501 558 1653 622 φησιν
1681 554 1705 603 ὁ

115 642 366 711 προφήτης
393 643 518 710 αὐτῷ
545 639 959 706 πρεπωδέστατον,
987 641 1239 689 καλεῖσθαι
1267 643 1294 666 “
1317 635 1550 702 Μεγάλης
1584 641 1703 695 βου·
1771 643 1927 675 ΕΞ-ίΧ-’ν-

118 732 146 754 “
169 728 258 788 λῆς
300 724 511 790 ἄγγελον
534 723 578 785 ;”
627 723 736 772 ἀλλ’
781 719 908 784 οἶμαι
953 723 1028 771 καὶ
1073 726 1212 770 τοῦτο
1264 718 1489 786 ὑπάρχειν
1531 717 1703 785 σαφές.

120 806 253 858 οὐδὲν
283 811 536 872 τοιγαροῦν
569 808 632 857 εἷς
672 802 756 855 τὸν
785 806 869 867 τῆς
908 801 1072 855 οὐσίας
1107 801 1270 866 λόγον,
1300 800 1404 864 ἤτοι
1438 802 1521 863 τῆς
1555 798 1708 867 ἀξίας,

121 890 342 952 ὑπομενεῖ
381 889 434 939 τὸ
486 886 674 947 βλάβος
725 886 750 935 ὁ
798 883 1091 949 Μονογενὴς,
1134 883 1222 933 κᾶν
1261 881 1426 941 ἐντολὴν
1465 880 1750 949 εἰληφέναιο

54 993 102 1018 10
121 971 315 1037 λέγηται
354 968 484 1037 παρὰ
522 974 605 1019 τοῦ
638 971 763 1018 Θεοῦ
802 968 878 1017 καὶ
912 964 1118 1032 Πατρός’
1160 966 1258 1016 ἐπεὶ
1298 966 1373 1015 καὶ
1412 964 1542 1028 ἡμεῖς
1581 963 1711 1013 αὐτοὶ

120 1052 357 1106 πολλάκις
383 1051 553 1118 ἑτέροις
578 1047 897 1112 ἐντελλόμεθά
923 1071 967 1099 τι
1000 1051 1074 1098 καὶ
1106 1051 1222 1114 δρᾶν
1249 1045 1570 1110 ἐπιτάττομεν,
1597 1043 1709 1095 ἀλλ’

122 1136 177 1187 οὐ
209 1134 381 1198 ταύτης
416 1134 546 1184 ἕνεκα
580 1135 662 1196 τῆς
701 1132 850 1185 αἰτίας
888 1129 974 1194 τὴν
1004 1128 1122 1196 πρὸς
1161 1129 1284 1193 ἡμᾶς
1322 1128 1575 1192 ὁμοιότητα
1614 1131 1707 1195 φυ-

122 1214 264 1280 σικὴν
302 1215 603 1282 ἀρνήσονται,
639 1213 743 1264 οὐδὲ
783 1212 837 1264 τὸ
877 1210 990 1263 εἶναι
1029 1210 1135 1262 καθ’
1171 1212 1293 1275 ἡμᾶς
1332 1211 1709 1270 ἀποβαλοῦνται,

123 1299 266 1364 ἧττον
301 1298 430 1352 ὅντες
464 1295 725 1361 ὁμοούσιοι,
754 1297 829 1346 καὶ
866 1293 960 1361 πρὸ
1000 1297 1084 1358 τῆς
1121 1295 1329 1356 ἐντολῆς,
1357 1295 1432 1343 καὶ
1471 1290 1589 1355 μετὰ
1628 1290 1712 1354 τὴν

59 1395 106 1435 15
125 1380 337 1445 ἐντολήν.

199 1463 343 1514 Ἀλλ’
371 1464 486 1529 ἐρεῖς
520 1461 591 1512 ὅτι
627 1460 824 1524 μένουσι
856 1458 940 1522 μὲν
968 1456 1229 1522 ὀμοούσιοι,
1255 1454 1513 1520 ἡττώμενοι
1548 1453 1596 1505 δὲ
1632 1455 1715 1517 τῆς

126 1545 262 1614 ἀξίας
289 1546 576 1610 ὑπηρετοῦσι
602 1545 685 1606 τῆς
710 1541 820 1607 παρ’
849 1541 974 1605 ἡμῖν.

203 1626 354 1693 Κάγὼ
391 1626 447 1677 δέ
474 1648 554 1676 σοι
588 1623 707 1691 πρὸς
740 1621 881 1674 τοῦτό
918 1627 1042 1690 φημι
1075 1622 1181 1686 περὶ
1215 1625 1298 1671 τοῦ
1327 1623 1630 1685 Μονογενοῦς
1657 1620 1715 1668 Ei

127 1708 213 1773 μὲν
256 1708 349 1775 γὰρ
400 1709 482 1759 οὐκ
529 1706 718 1774 ἐγράφη
768 1707 874 1770 περὶ
918 1705 1076 1767 αὐτοῦ,
1122 1703 1194 1753 ὅτι
1239 1708 1266 1731 “
1286 1703 1334 1752 ἐν
1379 1704 1543 1769 μορφῇ
1589 1703 1715 1750 Θεοῦ
1733 1719 1759 1759 d
1777 1686 1861 1761 ἐξ
1879 1698 1911 1716 ¹¹⁰

61 1806 110 1830 20
130 1798 158 1822 ‘⁶
184 1790 410 1859 ὑπάρχων
435 1790 524 1857 οὐχ
559 1786 815 1855 ἁρπαγμὸν
840 1785 1058 1852 ἡγήσατο
1092 1784 1146 1836 τὸ
1180 1782 1294 1835 εἶναι
1329 1783 1414 1833 ἴσα
1444 1786 1572 1851 Θεῷ,
1603 1781 1713 1832 ἀλλ’

131 1880 158 1903 “
185 1872 350 1924 ἑαυτὸν
403 1871 602 1922 ἐκένωσε
660 1868 852 1937 μορφὴν
904 1867 1078 1918 δούλου
1137 1864 1320 1927 λαβὼν,
1372 1866 1447 1915 καὶ
1503 1863 1718 1930 σχήματι

132 1961 159 1985 “
185 1956 381 2021 εὑρεθεὶς
420 1956 483 2006 ὡς
520 1952 768 2017 ἄνθρωπος
806 1950 1119 2001 ἐταπείνωσεν
1153 1946 1361 2005 ἑαυτὸν,”
1389 1945 1510 2013 εἶχεν
1546 1946 1603 1996 ἄν
1637 1969 1718 1997 σοι

132 2038 209 2088 καὶ
236 2036 318 2087 οὐκ
343 2035 573 2086 ἀπίθανον
599 2031 750 2098 λόγον
775 2034 858 2095 τῆς
885 2031 1156 2096 ἀντιλογίας
1181 2028 1235 2080 τὸ
1262 2030 1444 2096 σχῆμα·
1487 2029 1642 2091 ἐπειδὴ
1670 2026 1719 2077 δὲ

132 2121 216 2183 τῆς
242 2119 483 2182 ὑποταγῆς
514 2116 589 2166 καὶ
625 2112 954 2165 ταπεινώσεως
990 2110 1190 2178 ἐναργὴς
1226 2111 1251 2161 ὁ
1286 2108 1473 2175 τρόπος,
1500 2109 1549 2159 τί
1569 2110 1717 2176 ῥιψο-

65 2211 115 2251 25
134 2198 357 2252 κινδύνως
382 2199 594 2265 ἐπιτιμᾷς
620 2198 688 2265 τῷ
715 2196 770 2244 δι’
790 2194 910 2258 ἡμᾶς
938 2195 1014 2243 καὶ
1040 2198 1180 2244 τοῦτο
1206 2195 1373 2243 παθεῖν
1394 2191 1719 2255 ὑπομείναντις

133 2278 430 2348 πανταχόθεν
463 2282 714 2344 τοιγαροῦν
745 2279 808 2330 εὶς
847 2272 1082 2342 ὀρθότητα
1117 2272 1368 2340 δογμάτων
1398 2271 1723 2339 περιιστάντες

126 2360 219 2414 ιτὸν
257 2360 419 2428 λόγον,
456 2363 756 2423 οἰκονομικῶς
801 2357 1027 2424 εἰρηκέναι
1067 2355 1226 2425 φαμὲν
1263 2355 1346 2406 τὸν
1375 2355 1552 2422 Κύριον
1591 2354 1761 2418 ἡμῶνθ

136 2445 328 2507 Ἰησοῦν
353 2439 572 2509 Χριστὸν
594 2439 655 2491 τὰ
680 2441 728 2490 ἐν
755 2444 822 2509 τῷ
846 2439 1137 2508 προκειμένῳ
1162 2440 1303 2507 ῥητῷ.

190 2605 220 2628 Ι.
245 2591 492 2636 ἐντεταλμένων
510 2591 551 2624 Ε.
567 2590 783 2633 ἐνταλμάτων
801 2589 869 2623 Ed.
973 2601 1007 2631 4.
1032 2588 1305 2633 παραδείγματος
1323 2587 1365 2621 Ε.
1384 2586 1639 2630 παραδείγματα
1659 2585 1725 2620 Ed.

143 2641 196 2675 18.
221 2639 311 2683 παρὰ
331 2639 372 2672 Ε.
518 2647 573 2678 25.
599 2636 822 2679 ὑπομείναντα
841 2635 881 2668 Ε.
