2022 3272
121 139 208 182 xiii.
227 152 293 196 35.
497 142 569 182 IN
615 142 657 181 S.
692 139 1032 181 JOANNEM.
1097 140 1221 179 LIB.
1258 140 1334 180 IX.
1622 140 1705 179 :389

120 249 312 300 τέκτονα
337 252 418 314 τῆς
443 250 679 316 ἐμπειρίας
715 250 826 317 ἔσχε
863 249 945 300 τὸν
971 248 1260 314 ἡγούμενον;
1304 248 1422 298 κατὰ
1458 248 1539 298 τὸν
1567 245 1707 297 αὐτὸν
1726 257 1751 297 b

120 328 246 393 οἶμαι
273 330 420 397 λόγον
445 334 487 382 οἱ
513 334 594 395 τῆς
622 335 872 399 θεοφιλοῦς
899 329 1084 396 ἀγάπης
1110 330 1441 395 πληρουμένην
1461 330 1509 379 ἐν
1532 329 1709 380 ἑαυτοῖς

119 412 205 476 τὴν
246 412 439 477 δύναμιν
482 413 680 480 ἔχοντες,
721 414 896 463 ἀκονιτὶ
940 417 1236 478 γνωριοῦσιν,
1281 411 1351 461 ὅτι
1395 413 1478 474 τῆς
1524 409 1711 475 ἀγάπης

119 494 348 559 γεγόνασι
386 497 604 559 μαθηταὶ,
637 495 739 558 ἤτοι
777 500 860 545 τοῦ
898 492 983 558 τὴν
1017 498 1080 547 εἰς
1118 493 1262 559 ἄκρον
1297 491 1489 558 ἀγάπην
1524 492 1710 559 ἔχοντος

78 578 354 642 5Χριστοῦ.
419 576 642 643 ἠγάπησε
682 575 777 642 γὰρ
818 577 938 627 οὕτω
979 575 1061 625 τὸν
1102 574 1300 638 κόσμον,
1342 576 1403 627 ὡς
1445 575 1521 625 καὶ
1567 571 1711 635 αὐτὴν

121 657 236 723 ὑπὲρ
274 659 415 709 αὐτοῦ
454 663 716 709 καταθεῖναι
754 657 839 722 τὴν
864 656 1042 726 ψυχὴν,
1069 658 1143 707 καὶ
1178 661 1272 707 τῶν
1297 657 1565 707 Ἰουδαϊκῶν
1592 661 1705 704 τολ-

120 739 348 802 μημάτων
387 741 629 804 ὑπομεῖναι
668 739 753 804 τὴν
791 738 1062 806 ἀγριότητα·
1112 740 1185 789 καὶ
1225 737 1516 804 μαρτυρήσει
1557 735 1712 802 λέγων

122 820 260 875 αὐτὸς
294 820 412 889 πρὸς
445 821 552 876 τοὺς
587 823 751 872 ἑαυτοῦ
784 820 1011 886 μαθητὰς,
1036 820 1106 871 ὅτι
1131 827 1158 849 “
1182 819 1388 886 Μείζονα
1422 818 1593 882 ταύτης
1627 820 1712 881 τῆς
1771 821 1877 905 {gf}

122 909 149 932 ‘⁶
172 902 361 968 ἀγάπης
394 905 539 957 οὐδεὶς
573 905 664 971 ἔχει
698 904 773 954 ἵνα
805 926 874 957 τις
908 901 994 966 τὴν
1019 901 1184 970 ψυχὴν
1210 901 1353 952 αὐτοῦ
1384 903 1444 968 θῇ
1478 899 1593 965 ὑπὲρ
1617 903 1712 950 τῶν
1817 889 1824 896 ’

53 997 103 1024 10
123 990 150 1013 “
176 985 333 1053 φίλων
357 986 547 1037 αὐτοῦ.”
595 984 750 1048 ἐπειδὴ
786 983 880 1051 γὰρ
915 985 940 1034 ὁ
966 982 1088 1037 Θεὸς
1126 982 1289 1049 ἀγάπη
1328 985 1444 1046 ἐστὶ,
1469 981 1589 1034 κατὰ
1626 980 1711 1046 τὴν
1729 1003 1750 1030 c
1770 987 1933 1062 iIvS'JJgan'

120 1065 342 1118 Ἰωάννου
377 1066 554 1137 φωνὴν,
580 1065 769 1133 ἀγάπης
803 1065 870 1117 ὧν
894 1064 1024 1129 Υἱὸς,
1050 1065 1278 1128 τουτέστι,
1306 1070 1389 1115 τοῦ
1417 1064 1537 1116 κατὰ
1563 1063 1712 1132 φύσιν
1806 1056 1811 1062 ¹
1871 1055 1878 1062 ⁸

123 1151 249 1200 Θεοῦ
274 1151 348 1200 καὶ
372 1148 518 1214 μόνου
545 1151 620 1201 καὶ
646 1151 886 1214 ἀληθινοῦ,
914 1148 1075 1214 ἀγάπη
1107 1149 1182 1198 καὶ
1209 1146 1348 1201 αὐτὸς
1374 1146 1712 1214 ἀναπέφανται,

122 1231 178 1281 οὐ
219 1231 382 1298 λόγοις
425 1231 746 1300 ἐξησκημένον
786 1233 861 1282 καὶ
911 1229 987 1280 διὰ
1031 1227 1254 1296 ῥημάτων
1295 1227 1480 1290 κόμπου
1524 1234 1708 1291 λελαμ-

123 1313 396 1379 πρυσμένον
430 1313 551 1382 ε”χων
584 1311 639 1365 τὸ
677 1312 876 1382 ἀξίωμα,
910 1313 1019 1362 ἀλλ’
1054 1312 1205 1378 ἔργοις
1244 1311 1398 1364 αὐτοῖς
1438 1312 1513 1361 καὶ
1550 1309 1708 1376 πράγ-

56 1409 104 1449 15
123 1417 259 1459 μασι,
286 1396 466 1462 καρπὸν
493 1396 606 1448 ὄντα
631 1398 713 1459 τῆς
739 1399 822 1446 τοῦ
847 1393 1060 1447 τεκόντος
1084 1393 1250 1447 οὐσίας
1274 1391 1438 1443 ἑαυτὸν
1464 1392 1712 1461 ἐπιδείξας.

125 1476 384 1542 οἰησόμεθα
427 1477 522 1545 γὰρ
568 1479 782 1541 οὐδαμῶς
831 1474 1043 1540 δεκτικὴν
1090 1473 1205 1525 εἶναι
1255 1479 1349 1525 τῶν
1393 1476 1588 1540 ἀγαθῶν
1630 1473 1717 1535 τὴν

125 1559 346 1610 ἀνωτάτω
395 1565 570 1612 πασῶν
613 1559 793 1622 οὐσίαν,
839 1558 951 1609 ἀλλ’
995 1556 1100 1608 οὐδὲ
1145 1558 1391 1621 ἐπίκτητον
1436 1558 1628 1622 ἐροῦμεν
1668 1557 1718 1606 ἐν

125 1641 244 1709 αὐτῇ
269 1641 355 1706 τὴν
381 1642 604 1694 ἁπάντων
629 1646 723 1692 τῶν
748 1642 942 1707 ἀγαθῶν
967 1640 1107 1702 Ξδεάν,
1134 1637 1349 1704 καθάπερ
1376 1640 1424 1689 ἐν
1450 1637 1575 1702 ἡμῖν,
1602 1637 1715 1688 ἀλλ’
1735 1640 1763 1681 d

125 1723 230 1774 οὐδὲ
265 1722 327 1778 ὥς
360 1747 405 1775 τι
441 1723 585 1792 τυχὸν
616 1724 774 1790 ἕτερον
805 1725 852 1774 ἐν
889 1722 1028 1792 ἑτέρῳ
1067 1721 1334 1784 νοούμενον,
1362 1718 1527 1786 ὥσπερ
1562 1720 1644 1770 οὖν
1670 1721 1718 1770 ἐν

57 1826 108 1853 20
125 1805 360 1876 ἀνθρώπῳ
401 1807 519 1875 φαίη
561 1829 630 1860 τις
673 1804 731 1856 ἂν
769 1803 855 1869 τήν
893 1827 1017 1857 τινος
1056 1802 1339 1867 ἐπιστήμην·
1392 1803 1446 1853 οὐ
1484 1801 1578 1868 γὰρ
1616 1802 1715 1851 ἐπι-

125 1887 287 1952 στήμη
337 1889 443 1939 καθ’
496 1887 663 1938 ἑαυτὸν
713 1888 738 1938 ὁ
794 1886 1058 1952 ἅνθρωπος,
1110 1885 1376 1949 ἐπιστήμης
1426 1883 1476 1934 δὲ
1525 1888 1719 1947 μᾶλλον

126 1970 348 2022 δεκτικός’
391 1970 503 2020 ἀλλ’
533 1968 647 2019 αὐτὸ
682 1967 737 2019 τὸ
771 1973 868 2019 πᾶν
895 1967 1090 2034 ἀγαθὸν,
1118 1967 1233 2033 ὅπερ
1259 1965 1318 2017 ἀν
1344 1964 1458 2016 εἶναι
1484 1965 1715 2029 πιστεύη-

126 2074 216 2115 ται,
242 2057 382 2102 τοῦτο
418 2053 585 2118 κυρίως
620 2049 765 2115 αὐτὴν
791 2048 912 2101 εἶναί
943 2054 1100 2118 φαμεν
1131 2048 1217 2113 τὴν
1243 2049 1372 2100 θείαν
1404 2049 1479 2098 καὶ
1514 2047 1719 2113 ἅῤῥητον

128 2133 292 2201 φύσιν,
336 2132 496 2199 πηγὴν
538 2133 702 2200 ὥσπερ
747 2131 852 2183 τινὰ
893 2136 991 2183 πᾶν
1036 2129 1155 2184 εἶδος
1201 2132 1368 2196 ἀρετῆς
1413 2130 1623 2199 ἔχουσαν
1669 2129 1718 2179 ἐν

58 2229 108 2268 25
127 2215 281 2282 ἑαυτῇ,
327 2217 402 2266 καὶ
446 2214 504 2283 ἐξ
543 2215 709 2279 ἑαυτῆς
753 2212 1137 2278 ἀναβλύζουσαν.
1209 2212 1516 2277 εὐλογώτατα
1561 2209 1718 2261 τοίνυν

126 2295 268 2351 αὐτός
305 2320 395 2364 περ
434 2297 570 2348 ἕσται
606 2299 689 2361 τῆς
727 2296 915 2362 ἀγάπης
954 2296 979 2345 ὁ
1018 2293 1210 2360 καρπὸς,
1253 2293 1416 2360 ἀγάπη
1459 2294 1536 2343 καὶ
1580 2290 1758 2345 αὐτὸςθ

127 2377 354 2447 ὑπάρχων
388 2378 507 2430 κατὰ
541 2377 625 2430 τὸν
658 2378 715 2447 ἐξ
749 2376 893 2443 οὗπέρ
931 2378 1036 2428 ἐστι
1068 2375 1260 2443 Πατρός
1300 2377 1325 2426 ὁ
1360 2375 1492 2437 Υἱὸς,
1521 2373 1597 2424 διὰ
1635 2376 1719 2438 τῆς

128 2459 316 2526 ἀγάπης
341 2460 558 2525 μάλιστα
583 2465 684 2514 ταῖς
709 2460 954 2526 ἡμετέραις
981 2462 1162 2528 ψυχαῖς
1187 2457 1615 2522 ἐνσημανθήσεται,
1643 2457 1719 2506 καὶ

128 2545 212 2606 τῆς
237 2541 516 2605 οἰκειότητος
543 2545 625 2605 τῆς
657 2540 776 2606 πρὸς
813 2539 955 2591 αὑτὸν
981 2539 1261 2607 ἐγχαράττει
1295 2544 1392 2592 τοῖς
1426 2540 1623 2603 ἀγαθοῖς
1658 2536 1718 2588 τὰ

61 2644 112 2681 30
130 2624 458 2691 γνωρίσματα,
485 2622 539 2674 τὸ
566 2623 716 2691 ἀπρὶξ
739 2623 932 2689 ἔχεσθαι
958 2625 1040 2685 τῆς
1067 2621 1412 2690 φιλαλληλίας.
1465 2619 1628 2672 ἄλλως
1654 2639 1716 2680 τε,

130 2711 169 2758 εἰ
195 2705 316 2758 κατὰ
341 2704 427 2768 τὴν
446 2704 646 2756 Παύλου
674 2702 852 2771 φωνὴν,
879 2704 904 2752 ὁ
931 2702 1144 2768 Χριστός
1171 2703 1302 2752 ἐστιν
1327 2701 1355 2764 ἡ
1381 2701 1537 2766 εἰρήνη
1562 2700 1710 2763 ἡμῶν·
1777 2700 1912 2741 Eph.ii.

1780 2754 1828 2782 14.

180 2905 212 2934 4.
239 2892 341 2936 ἶίκρον
360 2891 401 2925 Ε.
421 2890 525 2934 ἄκραν
544 2889 610 2924 Ed.
909 2888 940 2921 S.
967 2887 1100 2932 ἀγάπην
1118 2898 1160 2926 a„
1180 2885 1240 2920 sed
1259 2887 1316 2929 τῆς
1334 2885 1465 2930 ἀγάπης
1481 2884 1587 2918 habet
1606 2883 1714 2918 Cord.

137 2949 189 2973 12.
216 2938 427 2982 ἀναπέφαται
447 2937 487 2971 Ε.
634 2946 689 2980 31.
716 2934 791 2980 τὴν]
818 2939 850 2975 4-
875 2936 934 2968 τοῦ
953 2934 1018 2968 Ed.
1038 2934 1147 2967 invito
1167 2933 1208 2967 E.
