2037 3266
302 121 387 161 392
707 120 758 161 B.
792 120 1069 162 CYRILLI
1109 121 1490 162 ALEXANDR.
1723 120 1808 161 xiii.
1829 119 1897 175 36.

304 230 655 297 δοκησισοφίας
681 232 827 294 κενῆς,
855 233 931 281 καὶ
957 236 1040 282 τοῦ
1066 233 1216 282 δοκεῖν
1243 231 1592 300 ἐξεπίστασθαί
1613 252 1671 294 τι,
1692 234 1899 297 κρεῖττον

303 309 362 361 ἂν
387 311 454 376 ε’ίη
481 311 535 363 τὸ
561 316 728 376 μαθεῖν
754 313 958 378 ἀληθῶς.

328 515 563 573 ἈΠεκρίθΗ
603 517 721 572 αὐτῷ
754 518 776 560 ὁ
808 518 973 559 ἸΗσοῦε
1003 517 1146 559 “Orrou
1183 518 1270 566 ὲΓὼ
1307 519 1460 567 ὑΠάΓω
1497 519 1544 561 οὐ
1583 518 1763 562 δύνασαί
1799 534 1871 568 μοι

589 603 656 642 νῦν
694 599 964 654 ἀκολουθεῖν,
1001 602 1314 645 ἀκολουθήσειε
1352 602 1398 644 δὲ
1437 604 1628 661 ὕστερον.

382 706 533 761 Εἰδὼς
569 707 639 759 ὅτι
670 709 865 776 βαρεῖάν
890 733 940 762 τε
974 713 1050 762 καὶ
1085 714 1304 779 δυσαχθῆ
1341 716 1437 765 τοῖς
1471 713 1635 763 ἑαυτοῦ
1669 715 1942 776 μαθηταῖς5

262 794 290 835 d
306 787 492 852 ἐνθήσει
518 788 605 853 τὴν
630 791 804 856 λύπην,
833 793 1108 861 ἀναφανδὸν
1134 794 1291 853 εἰπὼν,
1321 796 1383 847 ὡς
1409 792 1701 858 ἀναβήσεται
1728 792 1812 856 μὲν
1837 797 1901 847 εἷς

305 871 544 937 οὐρανοὺς,
571 872 770 939 ἐρήμους
805 873 857 926 δὲ
890 877 973 939 τῆς
1008 878 1172 927 ἑαυτοῦ
1208 876 1471 943 παρουσίας
1506 876 1635 926 ἐάσει
1670 874 1790 926 κατὰ
1815 873 1901 939 τὴν

304 955 410 1018 γῆν,
438 957 476 1004 εὶ
511 957 587 1005 καὶ
622 957 852 1008 συνέσται
887 957 1036 1009 πάλιν
1062 960 1124 1012 ὡς
1151 958 1287 1022 Θεὸς,
1312 957 1661 1025 εὐπεριστόλως
1693 956 1810 1024 πρὸς
1845 957 1900 1008 τὸ

303 1034 458 1101 παρὸν
485 1038 752 1104 ἀποχρῆται
790 1043 857 1109 τῷ
898 1039 1045 1110 λόγῳ,
1071 1040 1364 1092 διακλέπτων
1397 1040 1546 1107 ἡρέμα
1579 1045 1662 1091 τοῦ
1697 1045 1779 1091 νοῦ
1814 1038 1901 1104 τὴν

306 1117 567 1183 ἀκρίβειαν.
622 1121 697 1170 καὶ
737 1126 852 1186 γοῦν
887 1123 970 1173 οὐκ
1009 1122 1189 1177 εἰδότας
1227 1124 1364 1189 ὀρῶν,
1391 1124 1439 1174 ἐν
1474 1123 1601 1192 αὐτῷ
1637 1122 1791 1186 μένειν
1826 1124 1895 1190 ἐᾷ.
1923 1144 1971 1169 10

306 1197 366 1250 τὰ
397 1198 566 1267 γάρτοι
598 1208 765 1254 λυπεῖν
791 1203 1001 1268 εἰωθότα,
1028 1204 1301 1271 βαρυτέροις
1328 1205 1433 1256 ἔσθ’
1464 1204 1540 1255 ὅτε
1575 1202 1901 1270 κατασκιάζειν

304 1280 466 1348 λόγοις
493 1284 577 1334 οὐκ
604 1285 890 1350 ἀμελέτητον
916 1291 1013 1341 τοῖς
1039 1291 1224 1356 σοφοῖς.
1278 1291 1316 1338 εἷ
1350 1286 1445 1354 γὰρ
1481 1290 1556 1338 καὶ
1587 1286 1658 1338 ὅτι
1683 1285 1900 1350 μάλιστα

304 1366 387 1426 τῆς
424 1365 790 1432 ἀνθρωπότητος
827 1368 1047 1437 ἀπαρχὴν
1072 1368 1238 1420 ἑαυτὸν
1262 1370 1553 1435 ἀνακομίζων
1579 1373 1646 1438 τῷ
1681 1372 1790 1438 Θεῷ
1824 1371 1900 1419 καὶ

307 1449 481 1513 Πατρὶ,
507 1447 593 1512 τὴν
626 1452 688 1502 εἷς
723 1451 777 1500 τὸ
813 1451 910 1502 ἄνω
945 1454 1022 1502 καὶ
1060 1456 1122 1505 εἷς
1160 1451 1385 1519 οὐρανούς
1424 1452 1691 1516 ἀποδημίαν
1725 1450 1895 1502 ἐστέλ-

268 1534 433 1591 θλετο,
468 1531 544 1579 καὶ
584 1530 698 1597 ὑπὲρ
737 1535 820 1595 τῆς
859 1532 1083 1584 ἁπάντων
1121 1535 1419 1588 λυσιτελείας
1456 1534 1510 1585 τὸ
1550 1533 1787 1600 δρώμενον
1821 1532 1894 1597 ἧν·
1923 1551 1971 1590 ῐ5

307 1611 561 1662 ἐνεκαίνισε
587 1611 680 1679 γὰρ
711 1613 822 1677 ἡμῖν
848 1613 970 1677 ὁδὸν,
998 1614 1055 1679 ἢν
1080 1617 1163 1666 οὐκ
1198 1615 1295 1682 ᾔδει
1330 1615 1560 1682 πρότερον
1585 1616 1612 1680 ἦ
1648 1615 1899 1682 ἀνθρώπου

308 1691 471 1759 φύσις·
515 1693 647 1744 ἀλλά
673 1718 727 1760 γε
753 1702 849 1750 τοῖς
885 1698 1035 1762 ἁγίοις
1068 1702 1298 1762 μαθηταῖς
1334 1700 1402 1748 ἀεὶ
1438 1703 1646 1748 συνεῖναι
1679 1698 1894 1749 σπουδά-

308 1772 484 1839 ζουσιν,
511 1777 564 1826 οὐ
592 1777 803 1845 φορητὸν
831 1777 943 1830 εἶναι
971 1781 1233 1848 διεφαίνετο
1263 1779 1317 1831 τὸ
1353 1780 1635 1847 χωρίζεσθαι
1660 1784 1895 1847 Χριστοῦ,

308 1856 459 1907 καίτοι
496 1857 724 1913 συνόντος
763 1861 918 1915 αὐτοῖς
956 1861 1032 1912 διὰ
1070 1862 1247 1916 παντὸς
1286 1866 1344 1930 τῇ
1383 1868 1466 1913 τοῦ
1503 1861 1781 1925 Πνεύματος
1819 1865 1898 1913 δυ-

308 1936 442 2002 νάμει
491 1963 540 1991 τε
583 1944 659 1992 καὶ
705 1944 947 2012 συνεργίᾳ.
1017 1945 1282 2009 ἀγνοοῦντα
1330 1945 1486 1995 τοίνυν
1537 1942 1620 1995 τὸν
1669 1945 1898 2011 μακάριον
1921 1966 1971 1991 20

309 2019 494 2087 Πέτρον
545 2026 639 2073 τῶν
694 2025 948 2090 εἰρημένων
995 2025 1082 2090 τὴν
1138 2026 1349 2091 δύναμιν,
1402 2028 1520 2090 ὁμοῦ
1576 2032 1673 2080 τοῖς
1731 2026 1899 2081 ἄλλοις

306 2107 551 2168 μαθηταῖς,
590 2107 639 2156 ἐν
676 2107 832 2176 ταύτῷ
867 2107 1019 2170 μένειν
1057 2110 1123 2177 ἐᾷ,
1162 2111 1237 2159 καὶ
1278 2110 1362 2160 οὐκ
1401 2108 1534 2163 εὐθὺς
1573 2109 1802 2177 ἐφίστησι
1840 2112 1898 2175 τῇ

307 2188 403 2235 τῶν
446 2187 698 2251 εἰρημένων
742 2190 971 2258 ἀκριβείᾳ,
1019 2191 1282 2256 χρησίμως,
1327 2190 1461 2258 ὀίχρις
1510 2189 1568 2241 ἀν
1612 2191 1767 2244 αὐτοῖς
1815 2188 1899 2241 τὸν

16 2288 26 2293 ·
88 2282 173 2317 ’156
187 2281 240 2317 Α.
271 2267 605 2318 αάνακτᾶσθαι
644 2269 901 2332 δυνάμενον
935 2274 1205 2337 διαπερανεῖ
1237 2272 1402 2336 λόγον·
1444 2277 1583 2323 τοῦτο
1619 2275 1695 2322 καὶ
1729 2274 1777 2323 ἐν
1802 2276 1898 2326 τοῖς

87 2351 181 2402 Ιῃξιῖι

86 2406 154 2428 xvx.
169 2404 198 2437 7.

310 2348 482 2416 ἐφεξῆς
508 2356 732 2401 ποιοῦντα
759 2351 1078 2416 θεωρήσομεν.
1123 2352 1250 2418 λέγει
1277 2353 1369 2419 γὰρ
1393 2353 1512 2419 πρὸς
1538 2354 1704 2406 αὐτούς
1725 2361 1753 2382 “
1770 2357 1896 2417 Συμ-
1920 2369 1968 2408 25

312 2435 339 2458 “
365 2429 496 2497 φέρει
533 2432 640 2494 ὑμῖν
669 2432 748 2487 ,ἵνα
779 2432 872 2498 ἐγὼ
904 2434 1116 2486 ἀπέλθω·
1158 2434 1238 2485 ἐὰν
1270 2434 1366 2501 γὰρ
1401 2434 1494 2501 ἐγὼ
1528 2434 1593 2499 μὴ
1626 2434 1842 2497 ἀπέλθω,
1873 2437 1898 2486 ὁ

309 2517 337 2540 “
362 2511 670 2578 παράκλητος
708 2515 763 2564 οὐ
800 2513 866 2579 μὴ
904 2513 1023 2583 ἐ’λθῃ
1062 2515 1181 2582 πρὸς
1220 2517 1381 2580 ὑμᾶς.”
1433 2514 1601 2586 φθάνει
1641 2516 1803 2582 γεμὴν,
1835 2518 1898 2570 ὡς

310 2593 445 2657 Θεὸς,
471 2595 854 2660 ἐπαγγείλασθαι
887 2595 1093 2648 θέλοντα
1119 2596 1202 2649 τὸν
1225 2597 1453 2663 μαθητὴν,
1480 2598 1551 2649 ὅτι
1583 2601 1659 2650 καὶ
1694 2600 1895 2649 ἀκολου-

310 2675 446 2739 θήσει
485 2677 741 2742 προθύμως
786 2681 862 2729 καὶ
906 2679 1135 2730 συνέσται
1178 2685 1377 2747 γοργῶς,
1417 2679 1603 2734 οὐδενὸς
1643 2681 1768 2750 αὐτῷ
1811 2678 1897 2744 τὴν

309 2759 577 2822 προθυμίαν
612 2759 1010 2826 ἀνασειράζοντος,
1038 2762 1117 2812 καί
1151 2766 1302 2831 φησιν
1329 2762 1484 2814 “Ὀπου
1519 2760 1686 2828 ὑπάγω
1725 2759 1813 2827 ἐγῶ
1854 2764 1898 2812 οὐ
1916 2775 1969 2811 30

501 2932 532 2954 2.
558 2922 596 2954 τὸ
617 2922 657 2955 E.
679 2921 744 2956 Ed.
765 2934 836 2966 mg.
856 2925 916 2956 τοῦ
935 2923 1002 2957 Ed.
1459 2936 1513 2967 29.
1539 2924 1647 2958 αὐτῶν
1666 2922 1706 2957 E.
