1971 3272
61 161 99 188 x,
127 159 187 200 17.
308 149 382 189 IN
425 150 466 190 S.
502 149 838 190 JOANNEM.
903 150 1027 190 LIB.
1052 149 1130 190 VI.
1193 151 1327 191 CAP.
1365 152 1395 192 I.
1567 152 1650 191 235)

59 260 323 322 θεωροῦντα
357 257 440 308 τὸν
465 258 610 308 λύκον
637 258 902 325 ἐρχόμενον,
930 260 1005 308 καὶ
1042 257 1209 308 ἀνέντα
1245 257 1331 321 μὲν
1357 257 1442 321 τὴν
1469 256 1651 323 ἀγέλην

59 340 343 403 ἐπιπηδῶντι
381 342 455 390 καὶ
491 341 771 409 μαινομένῳ,
798 341 1085 406 τρεπόμενον
1113 340 1159 391 δὲ
1192 340 1311 406 πρὸς
1344 332 1516 408 φυγὴν,
1545 341 1568 389 ὁ
1596 339 1652 402 δὴ

58 423 134 470 καὶ
171 423 378 487 δρῶντας
416 421 646 490 ἐξήλεγχε
687 422 795 475 τοὺς
834 423 994 489 ἄρχειν
1028 422 1267 489 λαχόντας
1301 428 1385 472 τοῦ
1411 422 1652 472 Ἰουδαίων

58 508 192 563 λαοῦ,
230 503 331 567 ἤτοι
372 505 538 566 αὐλῆς.
595 506 642 553 ἐν
682 505 837 573 ταύτῷ
885 510 1140 570 τοιγαροῦν
1180 506 1255 554 καὶ
1296 508 1531 566 θεομισεῖς
1577 504 1652 552 καὶ

19 586 352 644 5ἁσεβοῦντας
388 586 572 651 ἐλέγχει
607 585 683 635 διὰ
718 592 800 636 τοῦ
835 585 900 648 μὴ
937 586 1226 654 καταφρίξαι
1262 591 1411 651 γελᾶν
1437 586 1490 635 τὸ
1522 584 1690 649 παράἃ
1719 592 1874 627 658Α·

60 668 126 734 τῷ
153 670 260 735 Θεῷ
295 667 588 729 τιμιώτατον.
636 668 915 732 ήγαπῆσθαι
955 667 1103 733 γεμὴν
1136 667 1266 732 παρὰ
1305 673 1387 718 τοῦ
1419 671 1543 717 Θεοῦ
1579 667 1653 716 καὶ

64 747 254 814 Πατρὸς
300 749 633 816 διισχυρίζεται
678 749 907 815 Χριστὸς,
948 751 1033 817 οὐχ
1073 749 1142 800 ὅτι
1182 749 1328 811 μόνον
1366 749 1529 813 τίθησι
1567 745 1654 810 τὴν

62 830 238 898 ψυχὴν,
259 832 369 880 ἀλλ’
398 832 458 882 ’ότι
488 831 660 891 τιθησιν
679 833 750 882 ’ἱνα
777 833 853 882 καὶ
881 833 1031 899 λάβῃ·
1063 834 1111 882 ἐν
1134 831 1227 898 γὰρ
1255 831 1310 896 δή
1338 854 1408 881 τοι
1436 829 1654 893 μάλιστα

60 913 210 981 τούτῳ
249 916 343 962 τῶν
382 917 444 966 εἷς
482 913 602 976 ἡμᾶς
642 914 1026 979 κατωρθωμένων
1066 916 1259 978 ἀγαθῶν
1300 911 1554 976 διαλάμπει
1598 910 1653 961 τὸ

4 1000 44 1041 [ὁ
60 993 268 1060 μέγεθος.
337 999 373 1044 εἱ
412 993 506 1061 γὰρ
545 995 777 1058 ἐτεθνήκει
818 995 903 1058 μὲν
941 994 1100 1059 μόνον,
1131 995 1196 1059 μὴ
1240 994 1467 1061 ἐγήγερτο
1508 993 1569 1055 δέ,
1609 992 1658 1043 τί

61 1076 115 1127 τὸ
153 1076 301 1127 πλεόν
336 1074 392 1139 ἧν
427 1076 527 1138 ε”τι;
572 1076 692 1127 κατὰ
732 1078 780 1127 τί
815 1077 859 1127 δ’
890 1077 948 1128 ἂν
978 1077 1064 1141 τὴν
1098 1077 1249 1146 φύσιν
1282 1076 1460 1141 ὀνήσας
1500 1075 1652 1143 ἐφάνη

64 1157 221 1224 νεκρὸς
256 1157 347 1208 σῦν
378 1158 488 1221 ἡμῖν
513 1159 780 1221 άπομείνας,
808 1158 897 1210 ὑπὸ
934 1158 993 1210 τὰ
1027 1165 1110 1210 τοῦ
1146 1158 1351 1210 θανάτου
1386 1157 1541 1221 δεσμὰ
1576 1161 1650 1208 καὶ

63 1239 153 1291 ὑπὸ
188 1243 269 1304 τῆς
303 1238 584 1291 ἐπεισάκτου
620 1245 804 1309 φθορᾶς
838 1241 1016 1309 ἀναμὶξ
1047 1246 1143 1294 τοῖς
1179 1241 1350 1293 ἄλλοις
1389 1239 1642 1305 τυραννού-

4 1387 5 1390 Ὶ
63 1344 234 1385 μενος;
293 1320 448 1384 ἐπειδὴ
495 1322 543 1372 δὲ
588 1322 789 1373 τέθεικεν
818 1322 914 1373 Ἵνα
955 1326 1030 1373 καὶ
1068 1323 1217 1390 λάβῃ,
1257 1323 1486 1373 διέσωσεν
1531 1322 1692 1385 ὅληνὶ)

9 1419 44 1458 :5
63 1403 182 1454 κατὰ
208 1409 345 1454 τοῦτο
371 1401 456 1466 τὴν
482 1403 645 1471 φύσιν,
674 1404 981 1470 καταργήσας
1015 1411 1097 1456 τοῦ
1134 1403 1340 1456 θανάτου
1375 1402 1429 1454 τὸ
1465 1402 1648 1469 κράτος,

63 1488 138 1536 καὶ
165 1487 320 1536 κτίσιν
347 1486 467 1549 ἡμᾶς
494 1486 725 1554 ἀναδείξει
752 1486 930 1550 καινήν.

134 1569 408 1633 Ἀγαπᾶται
434 1573 686 1634 τοιγαροῦν
712 1567 843 1634 παρὰ
869 1574 952 1619 τοῦ
980 1572 1107 1619 Θεοῦ
1135 1571 1210 1619 καὶ
1239 1566 1428 1635 Πατρὸς
1460 1569 1484 1618 ὁ
1512 1567 1645 1630 Υἱὸς,

0 1681 2 1687 ·
61 1651 147 1717 οὐχ
185 1652 247 1703 ὡς
286 1650 377 1718 ἔξω
415 1653 498 1713 τῆς
537 1649 725 1714 ἀγάπης
765 1650 1007 1714 διαμένων,
1047 1655 1084 1701 εὶ
1123 1649 1188 1714 μὴ
1228 1650 1408 1715 συνέβη
1447 1650 1500 1701 τὸ
1541 1651 1647 1701 καθ’

61 1732 197 1795 ἡμᾶς·
240 1730 298 1796 ἧν
323 1731 416 1798 γὰρ
443 1733 512 1782 ἀεὶ
549 1734 622 1782 καὶ
660 1731 735 1782 διὰ
769 1731 946 1786 παντὸς
982 1731 1307 1799 ἀγαπώμενος.
1360 1732 1651 1795 βαδιούμεθα

15 1837 47 1861 10
63 1811 110 1863 δὲ
136 1811 254 1878 πρὸς
281 1813 369 1876 τὴν
395 1818 478 1864 τοῦ
505 1813 765 1878 λεγομένου
797 1813 1089 1882 κατάληψιν·
1132 1814 1192 1865 τὰ
1226 1813 1370 1882 φύσει
1405 1813 1651 1881 προσόντα

62 1897 201 1957 τισὶν,
226 1894 254 1959 ἢ
282 1897 357 1945 καὶ
384 1896 492 1945 καθ’
525 1895 624 1963 ἕξιν
649 1896 992 1958 συμβαίνοντα,
1020 1895 1125 1946 τότε
1152 1895 1209 1960 δὴ
1242 1896 1458 1960 μάλιστα
1488 1919 1646 1963 χαριε-

62 1975 244 2040 στάτην
291 1977 384 2043 ε”χει
428 1976 513 2040 τὴν
557 1976 804 2045 ἐκφανσιν,
851 1977 964 2027 ὅταν
1007 1977 1177 2043 ἄγηται
1227 1976 1345 2043 πρὸς
1397 1978 1644 2044 ἐνέργειαν.

0 2061 15 2106 s
63 2058 177 2120 οἷον,
217 2057 269 2109 τὸ
308 2064 402 2123 πῦρ
442 2058 535 2125 ἔχει
574 2062 788 2126 φυσικῶς
829 2060 914 2122 τὴν
945 2058 1065 2109 ἰδίαν
1098 2061 1146 2109 ἐν
1176 2060 1325 2127 ἐαυτῷ
1361 2059 1644 2125 θερμότητα,
1668 2087 1689 2114 c

15 2170 17 2179 ·
63 2142 173 2190 ἀλλ’
203 2140 316 2191 ὅταν
343 2142 510 2207 ἐνεργῇ
545 2162 588 2190 τι
624 2142 730 2205 περὶ
767 2139 848 2194 τὰς
885 2142 1015 2203 ὕλας,
1042 2139 1147 2192 τότε
1182 2140 1237 2205 δὴ
1272 2140 1490 2204 μάλιστα
1515 2141 1648 2204 πόση

0 2244 47 2282 ,5
63 2245 132 2275 τις
159 2223 282 2291 αὐτῷ
310 2224 384 2273 καὶ
409 2222 521 2272 ποία
549 2221 741 2284 δυ’ναμις
768 2221 1017 2289 ἐνυπάρχει
1044 2222 1436 2288 διαγινώσκομεν.
1480 2223 1650 2286 ὁμοίως·

18 2372 21 2376 Δ
64 2304 89 2353 ὁ
114 2306 439 2369 γραμματικῆς
468 2303 626 2370 τυχὸν,
653 2303 801 2368 ἤγουν
827 2304 983 2370 ἐτέρας
1008 2305 1223 2369 τοιαύτης
1258 2304 1382 2358 τινὸς
1413 2304 1644 2364 ἐπιλαβό-

0 2416 1 2424 1
64 2398 199 2449 μενος
229 2385 506 2450 ἐπιστήμης,
535 2386 619 2436 οὐκ
653 2384 725 2447 ἂν,
753 2384 895 2449 οἶμαι,
920 2386 1204 2454 θαυμάζοιτο
1239 2392 1451 2450 σιωπῶν,
1477 2410 1645 2453 προτι-

65 2469 156 2520 θεὶς
195 2466 242 2518 δὲ
284 2473 475 2531 μᾶλλον
515 2470 576 2520 εἷς
620 2472 801 2532 γνῶσιν
840 2468 1010 2534 ἑτέροις
1054 2468 1108 2520 τὸ
1154 2472 1237 2533 τῆς
1282 2470 1480 2533 ἐνούσης
1525 2471 1650 2539 αὐτῷ

2 2574 4 2579 ·
63 2548 314 2614 μαθήσεως
352 2549 547 2602 κάλλος.
593 2551 715 2599 οὕτω
754 2556 1003 2616 τοιγαροῦν
1037 2551 1066 2614 ἡ
1106 2552 1207 2602 θεία
1245 2573 1295 2601 τε
1334 2553 1409 2601 καὶ
1449 2551 1649 2617 ἄῤῥητος

111 2681 143 2714 3.
168 2672 245 2706 τοὺς
259 2670 430 2705 Ἰουδαίων
448 2672 552 2706 λαοὺς
572 2671 612 2705 Β.
635 2671 753 2705 Holst.
772 2671 970 2705 emendavit
988 2672 1082 2706 Aub.
1236 2672 1289 2706 16.
1316 2672 1402 2716 ἡμᾶς
1418 2672 1586 2715 ἀναδείξει
1609 2673 1648 2707 Β.

64 2715 148 2759 ἡμᾶς
164 2717 340 2760 ἀναδείξας
357 2730 387 2751 a.
406 2717 456 2751 ἵνα
475 2718 631 2760 ἀναδείξῃ
655 2717 715 2750 Ht.
730 2717 798 2751 Ed.
946 2729 998 2762 19.
1024 2716 1080 2762 ἦν]
1105 2722 1141 2758 -ξ-
1162 2718 1223 2761 μὲν
1241 2730 1270 2752 a.
1409 2729 1463 2752 20.
1489 2719 1528 2762 δὴ
1551 2719 1591 2753 Β.
1611 2720 1647 2753 δέ

65 2763 260 2798 emendavit
280 2764 345 2797 Ed.
365 2765 501 2797 favente
519 2776 549 2797 a.
683 2775 737 2798 22.
764 2765 913 2808 ἕκφασιν
934 2763 974 2797 Β.
998 2764 1058 2798 Ht.
1076 2765 1243 2810 ἕκφαυσιν
1261 2764 1458 2798 emendavit
1476 2777 1493 2798 e
1513 2764 1586 2799 Cat.
1611 2773 1648 2799 ut

4 2832 5 2837 ,
68 2809 135 2843 vid.
155 2810 249 2844 Aub.
267 2817 300 2844 et
317 2811 363 2843 ita
381 2821 410 2844 a.
585 2821 638 2854 23.
665 2809 790 2855 ἑαυτῷ]
815 2815 851 2850 -1-
873 2811 960 2855 ἔχων
981 2810 1022 2845 Β.
1198 2822 1253 2853 24.
1278 2813 1370 2854 πόση
1392 2810 1493 2856 [ποσι
1514 2810 1572 2856 B.]
1593 2824 1647 2845 as-

68 2862 248 2899 sumptum
267 2869 307 2890 ex
328 2856 402 2890 ss.a.
455 2856 597 2890 Lacuna
620 2856 680 2890 Ht.
732 2857 829 2890 Nihil
847 2857 941 2890 Aub.
1086 2866 1141 2901 25.
1168 2857 1349 2902 ἐνυπάρχει
1367 2869 1397 2891 a.
1416 2864 1449 2891 et
1466 2858 1513 2891 ita
1530 2870 1648 2892 emen-

69 2900 163 2936 davit
183 2902 311 2948 Heyse.
331 2903 500 2947 ἐνυπάρχῃ
523 2903 564 2936 Β.
587 2903 652 2937 Ed.
843 2903 898 2937 26.
924 2904 1029 2948 τυχὸν
1046 2915 1076 2937 a.
1095 2910 1128 2938 et
1145 2904 1192 2938 ita
1210 2903 1371 2938 emendat
1393 2903 1520 2949 Heyse.
1537 2906 1649 2950 τυχὼν

72 2946 112 2981 Β.
132 2948 197 2983 Ed.
340 2959 394 2994 27.
421 2950 593 2994 προτιθεὶς
610 2961 641 2984 a.
658 2949 856 2994 προσ-τιθεὶς
874 2949 940 2983 Ed.
