1971 3272
101 151 224 188 x.14.
342 139 413 178 IN
457 139 498 179 S.
533 140 867 180 JOANNEM.
934 142 1054 181 12113.
1083 143 1158 182 w.
1222 144 1356 183 (Jssxl'.
1397 145 1425 183 Ι.
1603 145 1685 183 229

98 246 347 312 ((εἱρήνης,
395 249 470 298 καὶ
521 250 707 317 ἀφανιῶ
760 251 899 316 θηρία
948 251 1132 317 πονηρὰ
1181 252 1274 302 ἀπὸ
1325 255 1406 315 τῆς
1457 255 1558 316 γῆς,
1608 254 1683 302 καὶ

97 334 124 356 “
150 329 516 393 κατοικήσουσιν
565 333 613 380 ἐν
663 335 721 397 τῇ
781 332 936 402 ἐρήμῳ
994 335 1069 383 καὶ
1130 334 1437 384 ὐπνώσουσιν
1488 336 1536 384 ἐν
1588 339 1683 386 τοῖς

97 416 124 439 “
151 412 357 475 δρυμοῖς.
413 415 487 462 καὶ
516 413 658 463 δώσω
685 413 851 467 αὐτοὺς
884 416 1152 485 περικύκλῳ
1187 422 1270 466 τοῦ
1307 415 1442 481 ὄρους
1477 439 1581 478 μου,
1609 418 1683 466 καὶ
1702 424 1727 464 b

98 498 125 521 “
150 492 291 544 δώσω
336 493 418 544 τὸν
458 493 589 546 ὑετὸν
630 496 748 558 ὑμῖν,
790 495 922 547 ὑετὸν
957 498 1185 563 εὐλογίας,
1225 501 1301 548 καὶ
1339 497 1397 548 τὰ
1437 497 1563 565 ξύλα
1603 503 1686 547 τοῦ

57 585 79 623 5
100 581 127 603 “
152 577 314 626 πεδίου
349 576 563 627 δώσουσι
599 577 682 627 τὸν
716 577 900 644 καρπὸν
935 579 1105 642 αὐτῶν,
1141 582 1216 630 καὶ
1255 580 1282 644 ἡ
1322 582 1384 645 γῆ
1425 579 1567 630 δώσει
1605 577 1688 629 τὸν

99 664 127 686 “
153 657 334 724 καρπὸν
359 659 550 723 αὐτῆς.”
592 660 758 710 οὐκοῦν
785 662 834 711 ἐν
859 661 1040 715 τούτοις
1066 662 1114 711 εὖ
1139 662 1274 725 μα’λα
1301 664 1376 713 καὶ
1402 665 1587 730 σαφῶς,
1616 661 1687 711 ὅτι

99 739 184 803 μὲν
210 744 292 804 τῆς
319 746 412 792 τῶν
438 742 677 792 Ἰουδαίων
703 743 953 808 ἡγεμονίας
978 743 1263 808 ε’κστήσεται
1289 749 1382 795 τῶν
1411 744 1688 810 Φαρισαίων

100 822 128 886 ἡ
164 823 334 873 ἀνοσία
369 823 555 887 πληθὺς
591 825 848 891 διαγορεύει
876 825 1012 887 Θεὸς,
1042 825 1110 877 ὅτι
1145 826 1193 877 δὲ
1229 826 1325 890 μετ’
1354 826 1553 880 ἐκείνους
1586 827 1685 877 ε’πι-

99 904 330 969 στατήσει
381 911 481 959 ταῖς
534 912 748 973 λογικαῖς
799 912 895 958 τῶν
944 907 1264 959 πιστευόντων
1315 908 1510 974 ἀγέλαις
1564 909 1588 958 ὁ
1639 910 1689 958 ἐκ

19 984 80 1028 ’10
99 986 373 1053 σπέρματος
424 991 600 1039 Δαυεὶδ
655 988 709 1039 τὸ
761 988 880 1040 κατὰ
931 989 1090 1055 σάρκα
1142 989 1355 1056 Χριστὸς
1416 989 1691 1059 ἀναφανδὸν

100 1070 325 1134 ὡρίσατο.
380 1070 606 1135 διαθήκην
644 1070 738 1137 γὰρ
778 1071 961 1137 εἰρήνης
1000 1073 1311 1123 συντέτακται
1350 1073 1403 1122 δι’
1446 1073 1601 1134 αὐτοῦ,
1636 1071 1729 1122 τὸο

100 1151 409 1217 εὐαγγελικὸν
445 1152 666 1217 δηλονότι
704 1155 779 1204 καὶ
820 1154 1078 1205 θεσπέσιον
1114 1153 1333 1221 κήρυγμα
1366 1152 1484 1220 πρὸς
1524 1154 1691 1222 φιλίαν

101 1234 222 1298 ἡμᾶς
261 1237 499 1304 ἀναφέρον
536 1235 622 1300 τὴν
661 1238 723 1290 ὡς
767 1235 887 1302 πρὸς
927 1236 1063 1299 Θεὸν,
1105 1239 1179 1287 καὶ
1223 1236 1309 1301 τὴν
1346 1241 1441 1287 τῶν
1480 1237 1691 1302 οὐρανῶν

101 1317 356 1379 βασιλείαν
395 1324 684 1384 περιποιοῦν.
754 1320 808 1369 δι’
851 1319 993 1369 αὐτοῦ
1037 1341 1086 1369 τε
1131 1320 1279 1370 πάλιν
1327 1318 1497 1383 ὁμοίως
1542 1319 1566 1368 ὁ
1609 1320 1691 1381 τῆς

38 1411 84 1448 15
103 1400 320 1465 εὐλογίας
347 1400 493 1463 ὑετὸς,
523 1401 784 1463 τουτέστιν,
812 1400 839 1464 ἡ
867 1406 950 1451 τοῦ
980 1400 1256 1463 Πνεύματος
1283 1400 1473 1468 ἀπαρχὴ
1507 1423 1687 1467 καρπο-

102 1481 254 1551 φόρον
280 1480 442 1549 ὥσπερ
478 1482 582 1533 τινὰ
616 1486 706 1549 γῆν
733 1485 1039 1534 ἀποτελοῦσα
1074 1483 1160 1548 τὴν
1187 1485 1234 1534 ἐν
1267 1481 1387 1551 ᾗπερ
1426 1482 1484 1534 ἂν
1511 1484 1691 1549 γε’νοιτο

104 1563 282 1633 ψυχήν.
340 1564 494 1629 ἐπειδὴ
530 1564 579 1616 δὲ
615 1571 710 1619 τοῖς
745 1565 829 1629 μὲν
854 1565 1113 1632 προβάτοις
1150 1568 1203 1617 οὐ
1238 1567 1435 1632 μετρίως
1467 1568 1510 1616 οἱ
1538 1569 1686 1632 Φαρι-

105 1651 234 1697 σαῖοι
272 1647 624 1712 διελυμήναντο,
656 1645 1037 1709 καταβόσκοντες
1075 1647 1160 1711 μὲν
1199 1649 1436 1712 οὐδαμῶς,
1466 1654 1688 1699 καταλω-

106 1731 287 1787 βᾶσθαι
315 1726 363 1778 δὲ
390 1732 581 1790 μᾶλλον
609 1726 727 1777 αὐτὰ
752 1732 1015 1795 πολλαχῶς
1041 1728 1379 1793 ἐπιτρέποντες,
1407 1727 1609 1779 διέσωσε
1643 1725 1692 1778 δὲ

39 1809 132 1859 2οὸ
163 1810 390 1875 Χριστὸς,
419 1811 493 1859 καὶ
527 1812 609 1873 τῆς
644 1809 823 1860 ἄνωθεν
857 1810 1075 1875 εὐλογίας
1109 1810 1292 1878 ἐδείχθη
1327 1812 1402 1861 καὶ
1439 1809 1582 1875 δοτὴρ
1617 1811 1692 1860 καὶ
1712 1819 1739 1859 d

107 1891 350 1961 πρόξενος,
383 1891 567 1945 εἰκότως
606 1891 914 1959 ἀναφαίνεται
951 1893 1083 1943 τοῦθ’
1118 1892 1233 1959 ὅπερ
1271 1894 1403 1943 ἐστὶν
1442 1894 1694 1957 ὁμολογῶν

107 1976 227 2040 Ἐγώ
255 1980 342 2041 εἰμι
372 1981 388 2026 ὁ
416 1972 577 2041 ποιμῆν
605 1980 622 2025 ὁ
653 1975 812 2028 καλός.

184 2055 579 2122 Σκανδαλιζέσθω
627 2055 683 2106 δέ
714 2078 790 2118 μοι
831 2057 1003 2119 μηδεὶς,
1043 2058 1080 2106 εὶ
1125 2058 1298 2107 δοῦλον
1336 2055 1632 2108 ἀπεκάλεσεν
1671 2058 1696 2106 ὁ

110 2137 232 2191 Θεὸς
270 2139 347 2188 καὶ
383 2136 552 2203 Πατὴρ
590 2137 672 2188 τὸν
709 2140 758 2188 ἐκ
797 2137 1073 2202 σπέρματος
1106 2140 1282 2188 Δαυεὶδ
1319 2137 1573 2203 γενόμενον
1607 2138 1692 2188 ἄν·

41 2230 89 2268 25
110 2224 312 2286 θρωπον,
347 2221 495 2270 καίτοι
534 2217 653 2270 κατὰ
694 2219 843 2288 φύσιν
877 2218 991 2269 ὄντα
1030 2218 1155 2271 Θεὸν
1188 2224 1262 2270 καὶ
1293 2218 1411 2271 Υὶὸν
1446 2219 1693 2284 ἀληθινὸν,

111 2303 319 2353 ἐννοείτω
347 2301 394 2352 δὲ
420 2306 624 2365 μᾶλλον,
653 2301 722 2352 ὅτι
755 2301 1092 2353 τεταπείνωκεν
1118 2300 1285 2353 ἑαυτὸν
1309 2301 1501 2370 μορφὴν
1526 2302 1699 2354 δούλου

111 2384 295 2444 λαβών.
350 2382 623 2450 πρεπόντως
649 2383 740 2449 ἄρα
766 2388 823 2451 τῇ
851 2384 1095 2453 ληφθείσῃ
1120 2387 1285 2453 μορφῇ
1317 2384 1537 2448 κέκληται
1567 2383 1699 2451 παρὰ

110 2472 194 2517 τοῦ
221 2470 346 2517 Θεοῦ
373 2468 449 2517 καὶ
477 2465 684 2532 Πατρός.

1716 2550 1737 2577 e

158 2624 191 2657 8.
218 2623 451 2667 ἀποστατήσει
470 2623 512 2657 Β.
534 2623 652 2657 HolSt.
672 2623 868 2657 emendavit
886 2624 981 2658 Aub.
1000 2629 1033 2657 et
1050 2624 1098 2658 ita
1114 2635 1144 2658 a.
1324 2632 1379 2668 27.
1406 2621 1488 2668 ἄρα]
1509 2621 1567 2656 οὖν
1585 2622 1649 2666 ἄρα
1666 2633 1698 2656 a.

113 2669 286 2715 κέκληται]
309 2674 344 2711 -1-
368 2670 490 2706 δοῦλος
508 2682 525 2704 e
544 2669 620 2704 Cat.
643 2669 743 2704 Harl.
762 2670 857 2704 Aub.
874 2671 993 2704 invitis
1014 2670 1089 2704 Β.3.
