2011 3266
300 147 386 187 234
704 147 755 188 B.
789 147 1067 187 CYRILLI
1108 145 1491 187 ALEXANDR.
1677 152 1892 197 X.14,15.

302 255 519 320 ἔγκλημα
565 255 913 323 χαλεπώτερον.
984 258 1060 306 καὶ
1102 261 1250 306 ταῦτα
1292 254 1377 318 μὲν
1414 257 1488 306 ἐπὶ
1527 253 1707 306 τούτοις
1748 253 1890 316 ἡμεῖς·

304 339 583 389 διανοείσθω
623 338 678 388 δέ
710 361 779 392 τις
818 337 877 389 τὰ
917 338 1193 404 τελεώτερα.

262 421 289 462 d
377 421 717 486 Ἐπιτηρητέον
752 420 799 471 δὲ
838 419 987 485 γεμὴν
1024 419 1151 473 ὅπως
1190 421 1320 470 ἐστὶν
1354 419 1538 484 ἀληθής
1577 442 1626 470 τε
1665 420 1781 483 ὁμοῦ
1820 417 1897 468 καὶ

305 502 535 571 ἀσφαλὴς
570 504 594 553 ὁ
631 502 789 568 λόγος,
819 503 872 552 οὐ
911 501 1006 568 γὰρ
1043 500 1345 569 διαφορήσας
1378 504 1484 568 περὶ
1524 503 1677 553 αὐτῶν
1713 502 1893 567 ὁρᾶται,

304 586 415 636 ἀλλ’
442 587 489 636 ἐν
511 584 642 652 τάξει
677 588 734 652 τῇ
773 585 917 653 οἰκεία
954 586 1029 634 καὶ
1065 583 1443 652 πρεπωδεστάτῃ
1477 589 1572 634 τῶν
1603 582 1897 649 πραγμάτων
1917 595 1939 635 5

304 668 483 718 ἕκαστα
509 667 663 720 τιθείς.
711 667 764 716 οὐ
791 665 884 731 γὰρ
914 666 1005 733 ἔφη
1034 665 1264 716 Γινώσκει
1292 688 1349 729 με
1375 664 1434 716 τὰ
1460 665 1547 729 ἐμοὶ
1575 667 1650 716 καὶ
1676 664 1897 730 γινώσκω

304 750 362 800 τὰ
400 748 502 813 ἐμὰ,
541 748 651 798 ἀλλ’
693 747 859 798 ἑαυτὸν
898 746 1137 813 ἐγνωκότα
1181 747 1412 814 πρότερον
1451 748 1658 816 εἰσφέρει
1702 745 1762 797 τὰ
1806 745 1898 796 ἴδια

287 832 538 898 πρόβατα,
591 829 676 881 εἷθ’
732 831 880 883 οὕτως
942 828 1323 895 γνωσθήσεσθαί
1382 835 1506 896 φησι
1563 829 1672 894 παρ’
1724 828 1892 878 αὐτῶν.

303 914 625 982 ἐκληφθείσης
660 912 708 963 δὲ
745 915 828 975 τῆς
864 912 1091 977 γνώσεως
1123 913 1196 962 ἐπὶ
1235 910 1321 974 μὲν
1353 914 1436 974 τῆς
1475 911 1708 975 εἶδήσεως,
1735 909 1899 975 ὥσπερ

303 997 385 1047 οὖν
430 996 654 1060 ἐλέγομεν
699 996 746 1044 ἐν
790 995 929 1060 ἀρχῇ,
969 992 1176 1043 τοιῶσδέ
1221 1016 1321 1047 πως
1375 992 1560 1057 νοήσεις
1611 993 1720 1060 Οὐχ
1770 992 1899 1055 ἡμεῖς
1922 1012 1970 1037 10

303 1076 446 1129 αὐτὸν
480 1075 811 1142 ἐπεγνώκαμεν
844 1079 1039 1141 πρῶτοι,
1067 1075 1247 1140 ἐπέγνω
1285 1074 1332 1125 δὲ
1368 1076 1490 1139 ἡμᾶς
1525 1080 1715 1141 πρῶτον
1741 1072 1895 1128 αὑτός.

266 1161 380 1211 θκαὶ
418 1164 535 1225 γοῦν
571 1160 595 1208 ὁ
631 1161 828 1211 Παῦλος
867 1163 964 1211 τοῖς
1002 1158 1059 1226 ἐξ
1094 1159 1241 1208 ἐθνῶν
1275 1157 1579 1208 ἐπιστέλλων
1609 1155 1821 1207 τοιοῦτόν
1855 1179 1900 1206 τι

84 1239 167 1279 Eph.
187 1239 220 1269 ii.

90 1292 201 1322 ¹143·
306 1243 434 1309 φησί
457 1248 483 1270 “
501 1240 591 1291 Διὸ
616 1239 931 1304 μνημονεύετε
960 1241 1084 1303 ὑμεῖς
1112 1239 1171 1290 τὰ
1197 1239 1307 1304 ε”θνη
1334 1241 1382 1290 ἐν
1409 1241 1552 1306 σαρκὶ
1584 1244 1625 1290 οἱ
1651 1239 1899 1303 λεγόμενοι

305 1331 334 1353 “
359 1323 655 1389 ἀκροβυστία
690 1322 779 1373 ὑπὸ
817 1325 900 1385 τῆς
937 1321 1192 1387 λεγομένης
1219 1325 1470 1387 περιτομῆς
1497 1323 1545 1372 ἐν
1571 1324 1713 1387 σαρκὶ
1739 1343 1896 1390 χειρο-

305 1413 333 1436 “
358 1405 570 1470 ποιήτου,
597 1404 668 1455 ὅτι
694 1403 774 1468 ἦτε
802 1408 867 1473 τῷ
896 1408 1041 1473 καιρῷ
1068 1404 1225 1473 ἐκείνῳ
1252 1406 1395 1471 χωρὶς
1422 1407 1641 1470 Χριστοῦ
1672 1406 1893 1467 ἀπηλλο-
1922 1421 1969 1461 15

305 1496 331 1518 “
358 1488 604 1554 τριωμένοι
643 1489 727 1550 τῆς
765 1487 1009 1540 πολιτείας
1047 1492 1130 1536 τοῦ
1155 1485 1359 1552 Ἰσραὴλ
1399 1488 1473 1537 καὶ
1508 1486 1633 1555 ξένοι
1668 1491 1762 1536 τῶν
1795 1489 1894 1536 δια-

307 1577 336 1600 “
362 1574 520 1634 θηκῶν
558 1572 640 1632 τῆς
678 1568 982 1633 ἐπαγγελίας,
1023 1570 1194 1618 ἐλπίδα
1232 1567 1297 1632 μὴ
1337 1568 1522 1635 ἔχοντες
1567 1571 1641 1619 καὶ
1681 1568 1809 1619 ἄθεοι
1852 1570 1900 1618 ἐν

311 1659 337 1682 “
363 1656 429 1720 τῷ
473 1650 657 1720 κόσμῳ·
720 1653 818 1701 νυνὶ
868 1650 915 1701 δὲ
961 1653 1008 1700 ἐν
1051 1653 1254 1719 Χριστῷ
1301 1651 1463 1714 Ἰησοῦ
1515 1655 1556 1701 οἱ
1605 1649 1721 1701 ποτὲ
1770 1649 1900 1703 ὄντες

86 1745 170 1778 655
186 1743 237 1777 A·
272 1740 338 1778 ἃς(
363 1733 551 1799 μακρὰν
578 1733 827 1799 ἐγενήθητε
865 1731 1007 1798 ἐγγὺς
1044 1734 1092 1782 ἐν
1121 1734 1187 1800 τῷ
1222 1732 1382 1795 αἵματι
1421 1737 1504 1782 τοῦ
1532 1733 1794 1799 Χριστοῦ.”
1846 1732 1903 1801 ἐξ

309 1815 572 1881 ἀμετρήτου
599 1815 691 1881 γὰρ
725 1814 1015 1881 ἡμερότητος
1049 1813 1215 1865 ἑαυτὸν
1241 1819 1338 1868 τοῖς
1372 1814 1529 1865 ἔθνεσι
1561 1814 1899 1882 προσαγήοχεν
1921 1838 1971 1864 20

308 1899 333 1948 ὁ
372 1898 600 1963 Χριστὸς,
640 1902 715 1948 καὶ
761 1897 980 1962 προέγνω
1022 1902 1214 1960 μᾶλλον
1257 1896 1284 1961 ἢ
1330 1897 1550 1962 ἐγνώσθη
1595 1896 1705 1963 παρ’
1746 1897 1894 1961 ἡμῶν.

86 1989 192 2067 ἓξὲξ-Ἰ
308 1983 371 2032 εἱς
416 1979 475 2029 δέ
516 2002 569 2044 γε
622 1979 707 2043 τὴν
752 1978 1016 2043 οἰκειότητα
1067 1982 1143 2029 καὶ
1195 1979 1478 2043 συγγένειαν
1524 1977 1773 2042 νοουμένης
1816 1981 1899 2042 τῆς

87 2054 190 2115 6'53.'
308 2060 545 2126 γνώσεως,
590 2060 739 2112 πάλιν
787 2060 931 2111 ἐκεῖνό
980 2066 1139 2127 φαμεν
1181 2062 1292 2128 Οὐχ
1342 2061 1470 2125 ἡμεῖς
1521 2059 1765 2129 ἠρξάμεθα
1816 2066 1899 2111 τοῦ

307 2141 600 2208 πράγματος,
627 2141 738 2193 ἀλλ’
768 2144 792 2192 ὁ
831 2144 880 2193 ἐκ
908 2146 1035 2193 Θεοῦ
1064 2141 1186 2196 Θεὸς
1217 2142 1511 2208 Μονογενής·
1555 2144 1608 2193 οὐ
1645 2142 1738 2209 γὰρ
1771 2142 1901 2206 ἡμεῖς

309 2224 663 2292 ἐπεδραξάμεθα
690 2227 771 2288 τῆς
801 2223 916 2290 ὑπὲρ
947 2224 1097 2292 φύσιν
1124 2223 1356 2287 θεότητος,
1384 2225 1494 2273 ἀλλ’
1524 2223 1663 2277 αὐτὸς
1699 2226 1723 2274 ὃ
1756 2225 1900 2292 φύσει
1922 2242 1970 2282 25

93 2345 130 2375 16
313 2305 435 2360 Θεὸς
462 2307 735 2372 σπέρματος
754 2305 985 2372 εΑβραόιμ
1011 2305 1286 2368 ἐπελάβετο,
1309 2305 1432 2356 καθά
1458 2309 1610 2374 φησιν
1637 2308 1661 2356 ὁ
1691 2310 1900 2369 Παῦλος,

90 2397 207 2435 Ib-17-
269 2391 388 2438 bva
429 2389 623 2454 γέγονεν
661 2388 923 2454 ἄνθρωπος,
963 2388 1039 2438 ἵνα
1083 2392 1179 2441 τοῖς
1226 2390 1452 2456 ἀδελφοῖς
1497 2389 1737 2451 ὁμοιωθεῖς
1781 2387 1901 2439 κατὰ

311 2468 480 2533 πάντα,
525 2473 668 2538 χωρὶς
718 2470 963 2536 ἁμαρτίας,
1016 2468 1136 2536 πρὸς
1187 2470 1447 2533 οἰκειότητα
1502 2469 1633 2538 λάβῃ
1683 2469 1767 2520 τὸν
1816 2471 1900 2520 οὐκ

311 2551 480 2619 ἔχοντα
517 2552 692 2616 ταύτην
728 2551 784 2621 ἐξ
819 2554 997 2614 ἑαυτοῦ,
1029 2551 1258 2614 τουτέστι,
1291 2550 1374 2602 τὸν
1409 2551 1675 2618 ἄνθρωπον.
1732 2553 1900 2603 οὐκοῦν

365 2727 394 2749 1.
419 2718 660 2761 χαλεπώτερον
681 2715 721 2750 Β.
745 2716 860 2749 Holst.
879 2717 1123 2759 χαλεπώτατον
1141 2728 1158 2749 e
1179 2715 1254 2749 Cat.
1276 2714 1376 2748 Harl.
1397 2722 1434 2748 ut
1454 2714 1523 2749 vid.
1544 2714 1734 2757 Aubertus,
1752 2720 1785 2748 et
1803 2713 1849 2747 ita
1866 2725 1896 2747 a.

313 2775 346 2803 4.
376 2762 627 2806 Legendumne
652 2762 914 2806 ιῖδιιιφορήσαςῗ
998 2763 1107 2796 αὐτῶν
1132 2763 1172 2796 Β.
1193 2763 1294 2796 αὐτὸν
1321 2761 1383 2795 Ht.
1409 2761 1473 2795 Ed.
1499 2761 1664 2795 ozi—AM(
1684 2761 1780 2794 deest
1806 2761 1838 2794 in
1866 2772 1896 2794 a.

313 2811 346 2842 ὃ.
372 2811 460 2852 φησι
479 2809 670 2853 assumpsit
688 2821 705 2842 e
725 2810 800 2843 Cat.
823 2809 921 2842 Harl.
942 2815 981 2842 ut
999 2808 1068 2843 vid.
1088 2809 1182 2843 Aub.
1443 2819 1454 2841 1
1467 2819 1494 2842 Ι.
1519 2811 1652 2852 πρῶτος
1669 2807 1769 2841 a.b.c.
1790 2806 1897 2840 cord.

316 2866 368 2898 13.
397 2857 426 2888 οἶ
444 2857 622 2900 λεγόμενοι
644 2856 684 2889 Β.
703 2857 742 2899 τῇ
762 2855 929 2900 λεγομένῃ
953 2856 1015 2888 Ht.
1034 2855 1098 2889 Ed.
1231 2865 1281 2898 [5.
1310 2853 1384 2899 ἦτε]
1409 2858 1445 2895 -1-
1468 2855 1502 2888 ἐν
1520 2854 1613 2887 Aub.
1742 2853 1792 2886 16.
1818 2852 1895 2898 τοῦ]

311 2901 413 2934 αὐτοῦ
431 2904 490 2935 τοῦ
511 2902 550 2935 B.
574 2902 636 2936 Ht.
654 2904 713 2935 τοῦ
732 2902 826 2935 Aah.
1037 2903 1088 2936 18.
1116 2901 1164 2946 οἱ]
1185 2902 1278 2945 ὑμεῖς
1295 2902 1326 2934 οἱ
1345 2901 1439 2935 Aub.
1491 2901 1631 2934 Desunt
1648 2900 1732 2934 haec
1751 2900 1786 2933 in
1806 2900 1898 2933 Catt.

314 2957 368 2980 21.
395 2948 576 2993 προσέγνω
599 2949 637 2982 Β.
661 2948 724 2982 Ht.
744 2947 942 2982 emendavit
962 2948 1056 2982 Aub.
