1971 3272
100 141 266 194 ix.6,7.
344 142 414 181 IN
459 142 501 180 S.
536 140 875 181 JOANNEM.
940 141 1165 182 LIBNI.
1230 142 1363 181 (JAP.
1401 142 1433 180 1.
1604 143 1683 181 157

96 273 255 318 ματος,
289 250 581 316 καταχρίσας
620 247 668 299 δὲ
709 254 790 300 τοῦ
827 249 1118 302 πεπονθότος
1158 248 1254 304 τους
1295 247 1567 317 ὀφθαλμσυς,
1608 252 1683 297 καὶ

97 330 442 397 ἐργωδέστερόν
477 354 521 381 τι
559 330 954 397 προσεπιτάττων
988 333 1168 397 ὁρᾶται.
1222 331 1376 396 ὕπαγε
1417 326 1550 398 νίψαι
1591 329 1683 394 γάρ

96 416 248 482 φησιν
287 419 345 468 εἰς
384 412 452 472 τὴν
494 412 801 481 κολυμβήθραν
839 414 910 462 τοῦ
951 413 1159 480 Σιλωάμ..
1221 415 1330 463 ἀλλ’
1369 411 1494 476 οἶμαι
1533 411 1682 472 βαθύς
1700 419 1726 459 b

96 518 165 548 τις
199 500 294 548 τοῖς
329 495 580 561 εἰρημένοις
615 495 907 561 ε’γκέχωσται
943 494 1106 560 λόγος·
1147 496 1354 546 ἐπιτελεῖ
1385 494 1478 560 γὰρ
1514 499 1684 545 εἰκαῖον

55 576 227 627 ὅοὺδέν
269 578 294 627 ὁ
337 576 521 643 Σωτήρ.
590 577 828 644 καταχρίει
870 576 955 639 μὲν
996 575 1089 643 γὰρ
1130 580 1196 646 τῷ
1240 580 1384 645 πηλῷ
1425 575 1478 627 τὸ
1520 581 1685 627 λεῖπον

96 657 260 725 ὥσπερ
292 662 367 710 καὶ
400 659 726 725 ἡμαρτημένον
752 664 809 727 τῇ
845 665 928 710 τοῦ
963 658 1175 722 ὄμματος
1211 659 1355 724 φύσει
1388 661 1680 725 προστιθεὶς,

96 743 172 791 καὶ
200 740 378 795 δεικνὺς
404 741 479 793 διὰ
505 742 687 803 τούτου,
714 743 776 794 ὡς
802 740 941 794 αὐτὸς
967 740 1024 806 ἦν
1052 743 1077 792 ὁ
1102 740 1299 794 πλάσας
1325 741 1447 805 ἡμᾶς
1472 742 1520 791 ἐν
1547 742 1685 808 ἀρχῇ,

96 823 290 889 κτίστης
328 848 377 875 τε
416 826 491 875 καὶ
530 823 813 890 δημιουργὸς
855 829 938 874 τοῦ
979 822 1172 877 παντός.
1230 824 1323 891 ἔχει
1367 824 1422 874 δέ
1461 847 1564 874 τινα
1608 825 1685 874 καὶ

97 904 246 971 λόγον
271 905 503 970 μυστικὸν
529 907 556 970 ἡ
584 911 666 957 τοῦ
693 905 975 973 πράγματος
1002 905 1212 969 δύναμις·
1269 907 1317 957 τί
1348 905 1441 972 γὰρ
1475 904 1531 969 δὴ
1565 904 1685 972 πρὸς

31 1006 79 1031 10
97 989 234 1039 τοῦτό
286 995 454 1057 φαμεν,
506 987 535 1053 ἢ
593 989 642 1038 τί
694 993 814 1039 νοεῖν
865 989 934 1039 ἐπ’
988 990 1113 1058 αὐτῷ
1161 988 1485 1052 διεσκέμμεθα,
1536 988 1723 1040 πάλινῡ

97 1072 303 1136 ἐροῦμεν.
360 1072 442 1121 οὐκ
469 1069 527 1134 ἧν
553 1070 718 1135 ἑτέρως
744 1070 803 1121 τὰ
829 1071 938 1134 ε”θνη
965 1070 1198 1121 δύνασθαι
1225 1070 1310 1134 τὴν
1337 1070 1685 1140 ἐπισκήψασαν

97 1154 252 1207 αὐτοῖς
279 1153 674 1219 ἀποκρούσασθαι
700 1154 992 1222 τυφλότητα,
1021 1155 1094 1204 καὶ
1122 1151 1176 1204 τὸ
1204 1153 1326 1204 θεῖόν
1351 1176 1401 1204 τε
1439 1156 1514 1204 καὶ
1549 1152 1685 1219 ἅγιον

97 1236 364 1301 ἐπαθρῆσαι
416 1240 534 1304 φῶς,
578 1235 808 1298 τουτέστι,
853 1236 938 1299 τὴν
982 1238 1064 1299 τῆς
1117 1235 1255 1300 ἁγίας
1305 1238 1379 1286 καὶ
1432 1237 1684 1298 ὀμοουσίου

98 1317 301 1383 Τριάδος
336 1322 519 1383 γνῶσιν
544 1319 816 1380 ἀναλαβεῖν,
844 1321 880 1368 εἰ
919 1317 983 1381 μὴ
1022 1317 1185 1383 γε’γονε
1218 1318 1397 1385 μέτοχα
1429 1321 1512 1381 τῆς
1549 1319 1685 1383 ἁγίας

31 1410 78 1449 15
99 1400 241 1450 αὐτοῦ
277 1398 468 1465 σαρκὸς,
495 1401 571 1450 καὶ
605 1399 910 1451 ἀπελούσατο
945 1398 1030 1464 τὴν
1056 1400 1500 1463 καταμελαίνουσαν
1527 1401 1682 1466 ἁμαρ-

97 1482 215 1544 τίαν,
242 1482 512 1533 ἀπεδύσατο
539 1481 586 1532 δέ
613 1486 695 1532 τοῦ
722 1481 949 1543 διαβόλου
979 1480 1064 1546 τὴν
1090 1482 1313 1550 ἐξουσίαν
1340 1481 1416 1532 διὰ
1442 1487 1524 1533 τοῦ
1552 1483 1687 1548 ἁγίου

97 1563 317 1628 δηλονότι
354 1565 704 1626 βαπτίσματος.
763 1563 917 1628 ἐπειδὴ
957 1564 1005 1614 δὲ
1043 1563 1262 1630 πρόωρον
1300 1569 1383 1615 τοῦ
1422 1565 1685 1631 μυστηρίου

95 1645 178 1697 τὸν
203 1646 352 1697 τύπον
378 1649 444 1716 τῷ
470 1650 640 1714 τυφλῷ
667 1645 970 1713 ἐνεχάραττεν
997 1647 1022 1696 ὁ
1051 1645 1236 1713 Σωτὴρ,
1266 1646 1544 1713 ἀπεπλήρου
1570 1647 1685 1701 τέως

96 1731 178 1793 τῆς
205 1731 406 1796 μετοχῆς
433 1726 518 1792 τὴν
545 1728 741 1791 δύναμιν
763 1727 837 1778 διὰ
863 1731 946 1792 τῆς
973 1728 1252 1795 ἐπιχρίσεως
1277 1735 1360 1779 τοῦ
1385 1728 1680 1792 πτύσματος.
1705 1743 1733 1783 d

31 1829 80 1854 20
97 1814 160 1865 εἰς
194 1809 347 1862 εἰκόνα
380 1809 531 1877 γεμὴν
556 1816 639 1861 τοῦ
674 1810 810 1875 ἁγίου
843 1811 1180 1874 βαπτίσματος
1215 1809 1269 1861 τὸ
1306 1812 1353 1861 ἐν
1386 1815 1453 1880 τῷ
1486 1810 1687 1875 Σιλωὰμ

96 1893 442 1944 ἀπονίπτεσθαι
477 1891 717 1959 δραμόντα
754 1893 944 1954 κελεύει,
981 1891 1035 1942 οὗ
1074 1895 1148 1942 καὶ
1187 1893 1452 1958 ἀναγκαίως
1492 1895 1681 1959 διερμη-

98 1974 211 2025 νεύει
238 1976 443 2039 τοῦνομα
469 1972 626 2042 σοφὸς
652 1973 774 2040 ἄγαν
800 1973 863 2024 ὢν
890 1976 965 2024 καὶ
998 1974 1385 2042 πνευματοφόρος
1412 1975 1437 2024 ὁ
1465 1975 1683 2040 Εὑαγγε-

97 2056 283 2121 λιστής.
348 2056 630 2123 λογιζόμεθα
670 2054 763 2121 γὰρ
802 2056 959 2122 ἕτερον
998 2055 1163 2106 οὐδένα
1200 2053 1283 2106 τὸν
1322 2056 1687 2119 ἀπεσταλμένον

98 2138 334 2206 ὑπάρχειν,
379 2137 408 2203 ἢ
453 2139 536 2189 τὸν
580 2138 649 2188 ἐπ’
697 2137 879 2207 ὀλέθρῳ
930 2140 1014 2201 τῆς
1063 2137 1292 2204 ἁμαρτίας
1343 2139 1418 2188 καὶ
1469 2139 1551 2201 τῆς
1602 2143 1686 2188 τοῦ

30 2226 79 2265 ²5
97 2220 326 2281 διαβόλου
361 2220 639 2290 πλεονεξίας
674 2220 853 2270 ἄνωθεν
878 2220 988 2284 ἡμῖν
1014 2221 1089 2271 καὶ
1116 2218 1246 2286 παρὰ
1276 2218 1466 2286 Πατρὸς
1494 2221 1682 2288 ἐπιφοι-

97 2301 315 2367 τήσαντά
338 2325 388 2354 τε
414 2304 490 2354 καὶ
516 2301 881 2367 ἀπεσταλμένον
905 2301 1031 2353 Θεὸν
1052 2305 1319 2368 Μονογενῆ,
1347 2301 1488 2353 αὐτόν
1513 2325 1563 2353 τε
1589 2307 1686 2356 τοῖς

99 2385 267 2435 ὕδασιν
293 2384 502 2451 ἀοράτως
537 2384 843 2452 ἐπινήχεσθαι
877 2387 961 2448 τῆς
995 2385 1132 2451 ἁγίας
1166 2385 1505 2450 κολυμβήθρας
1538 2384 1679 2450 γινώ-
1703 2414 1725 2442 e

98 2488 308 2529 σκοντες,
347 2466 584 2530 λουόμεθα
624 2465 743 2530 μετὰ
782 2466 1005 2529 πίστεως,
1048 2466 1131 2518 οὐκ
1166 2470 1228 2520 εἶς
1268 2464 1498 2518 ἀπόθεσιν
1534 2467 1685 2533 ῥύπου
1746 2474 1896 2549 {if-211³&-

147 2582 178 2605 2.
204 2572 270 2617 γὰρ
289 2571 387 2617 νίψαι
404 2572 544 2606 inverso
563 2571 684 2606 ordine
702 2584 734 2606 a.
974 2585 1008 2615 4.
1035 2572 1133 2606 οὐδέν
1148 2572 1214 2617 γὰρ
1233 2572 1300 2615 εἷκῆ
1319 2572 1468 2606 ἐπιτελεῖ
1485 2574 1503 2605 ὁ
1521 2571 1636 2616 σωτήρ
1653 2584 1685 2608 a.

99 2618 133 2652 6.
159 2617 324 2663 ὄμματος]
346 2620 501 2661 σώματος
518 2619 614 2653 haud
634 2619 723 2652 male
741 2630 771 2653 a.
790 2618 867 2653 Cat.
889 2619 990 2652 Harl.
1088 2619 1120 2653 8.
1147 2633 1220 2653 τινα
1238 2619 1291 2652 καὶ
1308 2620 1413 2663 λόγον
1430 2618 1496 2652 hoc
1514 2618 1636 2652 Ordine
1653 2631 1685 2654 a.

99 2665 153 2699 καὶ
170 2666 276 2709 λόγον
292 2666 366 2698 τινὰ
385 2665 452 2699 Ed.
615 2676 668 2698 10.
696 2665 728 2699 τί
745 2667 832 2699 νοεῖν
851 2665 893 2699 Β.
912 2665 1002 2700 τίνος
1020 2663 1059 2707 ἧν
1078 2664 1197 2699 Holst.
1216 2665 1283 2698 Ed.
1446 2666 1499 2698 16.
1526 2663 1580 2709 δέ]
1600 2679 1636 2699 τε
1654 2677 1685 2700 a.

99 2712 159 2755 τὴν
175 2714 235 2745 τοῦ
253 2711 419 2750 διαβόλου
438 2711 577 2745 inverso
595 2711 717 2744 ordine
735 2723 765 2745 a.
913 2720 965 2756 17.
992 2711 1065 2744 ἐπεὶ
1083 2711 1118 2744 δέ
1137 2723 1167 2745 a.
1320 2711 1372 2744 18.
1399 2713 1445 2756 τῷ
1464 2712 1587 2756 τυφλῶ
1607 2717 1687 2746 ante

99 2760 160 2792 τοῦ
176 2758 365 2801 μυστηρίου
383 2758 583 2802 transponit
601 2769 631 2791 a.
788 2768 841 2800 Ic).
866 2756 1030 2802 μετοχῆς]
1054 2761 1091 2798 -Ι-
1113 2759 1171 2801 τῆς
1188 2755 1284 2802 ἁγίας
1302 2758 1428 2801 σαρκὸς
1445 2758 1546 2791 αὐτοῦ
1584 2758 1687 2792 αὐτοῦ

100 2805 227 2848 σαρκὸς
247 2804 323 2838 Cat.
345 2803 463 2849 Harl]
485 2816 514 2838 a.
537 2803 612 2837 Cat.
634 2803 733 2837 Harl.
786 2803 897 2837 Simili
915 2803 1022 2837 modo
1039 2815 1069 2838 c.
1089 2803 1196 2838 Cord.
1342 2814 1397 2837 21.
1425 2804 1484 2837 οὐκ
1501 2804 1688 2849 ἀναγκαίως

102 2850 144 2884 Β.
165 2851 229 2885 Ht.
249 2850 287 2884 οὗ
308 2849 361 2896 [εὖ
380 2849 533 2896 Migne]
554 2851 607 2884 καὶ
629 2849 817 2895 ἀναγκαίως
840 2849 1038 2884 emendavit
1056 2850 1248 2889 Aubertus,
1268 2849 1306 2884 οὗ
1325 2850 1377 2883 καὶ
1398 2850 1584 2885 exhibente
1601 2851 1687 2886 Nik.

102 2906 157 2942 25.
183 2897 291 2942 παρὰ]
316 2901 351 2938 -Ι-
373 2900 433 2931 τοῦ
450 2909 481 2932 a.
762 2896 818 2930 26.
846 2897 932 2931 Θεὸν
950 2898 1124 2942 Μονογενῆ
1145 2896 1220 2931 B.a.
1242 2896 1304 2932 Ht.
1324 2897 1394 2931 υἱὸν
1410 2899 1574 2943 μονογενῆ
1593 2897 1687 2932 Aub.

103 2952 158 2989 27.
184 2943 351 2989 ἀοράτως]
374 2948 411 2986 -1-
432 2959 468 2979 τε
490 2944 529 2979 Β.
548 2942 746 2978 emendavit
766 2943 828 2978 Ht.
