2037 3266
303 138 388 176 550
707 134 758 175 B.
793 134 1069 175 CYRILLI
1110 134 1495 175 ALEXANDR.
1764 145 1890 174 xv.2.

263 265 284 291 c
302 242 636 310 συνεργάζεται
663 244 798 306 Θεὸς,
825 243 1036 310 καθάπερ
1062 245 1151 295 τινὶ
1178 241 1385 311 δρεπάνῃ
1417 247 1475 311 τῇ
1506 247 1589 294 τοῦ
1616 241 1893 304 Πνεύματος

302 327 507 395 ἐνεργείᾳ
545 325 798 393 χρώμενος,
825 327 899 376 καὶ
937 326 1226 392 περιτέμνων
1263 327 1312 376 ἐν
1347 326 1516 387 αὐτοῖς,
1547 324 1660 376 ποτὲ
1693 322 1778 387 μὲν
1809 321 1892 376 τὰς

301 408 486 473 ἡδονὰς,
520 408 567 459 αἳ
607 410 676 459 ἀεὶ
716 413 950 458 καλοῦσιν
983 411 1046 460 εἷς
1086 407 1409 476 φιλοσαρκίαν
1443 409 1518 458 καὶ
1555 405 1684 470 πάθη
1723 427 1890 468 σωμα-

301 490 422 554 τικὰ,
449 490 563 542 ποτὲ
592 490 639 541 δὲ
668 491 726 541 αὖ
752 489 901 541 πάλιν
927 488 986 540 τὰ
1012 489 1108 540 ὅσα
1132 512 1222 556 περ
1249 487 1342 540 οἶδε
1376 494 1475 543 ταῖς
1512 493 1605 540 τῶν
1632 488 1894 553 ἀνθρώπων

301 573 582 637 συμβαίνειν
608 576 801 640 ψυχαῖς,
830 571 906 622 διὰ
930 572 1150 636 ποικίλης
1176 577 1332 622 κακῶν
1359 571 1479 625 ἰδέας
1506 575 1893 622 κατασπιλοῦντα
1914 586 1938 624 5

301 656 385 707 τὸν
413 661 535 707 νοῦν.
587 654 763 719 ταύτην
788 653 882 720 γὰρ
919 651 1038 705 εἶναί
1070 659 1227 723 φαμεν
1253 654 1337 718 τὴν
1364 652 1717 722 ἀχειροποιήτόν
1743 675 1793 702 τε
1819 653 1894 701 καὶ

302 740 351 789 ἐν
378 739 619 801 Πνεύματι
655 737 908 801 νοουμένην
938 736 1209 803 περιτομὴν,
1241 738 1346 802 περὶ
1386 737 1439 800 ἧς
1479 737 1503 786 ὁ
1538 733 1734 787 Παῦλός
1773 733 1901 800 φησί

81 818 177 849 Rom.
194 817 226 847 fi·
302 820 423 872 ποτέ
442 819 528 882 μέν
555 826 581 849 “
602 820 678 870 Οὐ
716 818 811 885 γὰρ
848 820 872 869 ὁ
908 820 956 869 ἐν
982 823 1049 888 τῷ
1083 822 1273 888 φανερῷ
1297 817 1521 871 Ἰουδαῖός
1556 820 1700 879 ἐστιν,
1729 814 1832 866 οὐδὲ
1869 815 1896 878 ἡ

83 863 132 897 28,
148 871 197 901 29.

258 908 330 949 <1⁶⁶
358 904 406 953 ἐν
440 906 507 972 τῷ
546 905 735 971 φανερῷ
773 903 821 952 ἐν
855 903 1000 967 σαρκὶ
1038 901 1281 967 περιτομὴ,
1314 902 1425 951 ἀλλ’
1456 902 1480 950 ὁ
1520 902 1568 951 ἐν
1602 904 1669 968 τῷ
1708 896 1898 965 κρυπτῷ

305 992 331 1015 “
357 986 594 1046 Ἰουδαῖος,
618 984 693 1035 καὶ
728 982 956 1050 περιτομὴ
992 983 1183 1049 καρδίας
1218 985 1266 1033 ἐν
1290 982 1522 1046 πνεύματι
1554 983 1607 1032 οὐ
1633 980 1894 1047 γράμματι·
1920 1001 1969 1027 10

306 1074 334 1097 ‘⁶
360 1067 413 1117 οὗ
448 1068 472 1117 ὁ
509 1066 695 1119 ἔπαινος
730 1066 813 1116 οὐκ
851 1065 908 1134 ἐξ
939 1065 1201 1131 ἀνθρώπων
1233 1066 1342 1115 ἀλλ’
1371 1067 1421 1115 ἐκ
1457 1070 1539 1116 τοῦ
1572 1061 1744 1114 Θεοῦ”’
1784 1059 1899 1113 ποτὲ

85 1150 153 1181 Col.
174 1149 206 1180 ii.

90 1202 137 1225 H·
308 1149 356 1200 δὲ
391 1147 539 1200 πάλιν
567 1150 699 1199 “Ἐν
731 1146 768 1217 ᾧ
804 1149 879 1198 καὶ
915 1147 1258 1201 πιστεύσαντες
1296 1147 1631 1213 περιετμήθητε
1670 1147 1899 1211 περιτομῇ

308 1239 335 1262 ‘⁶
362 1230 747 1301 ἀχειροποιήτῳ.”
794 1229 1047 1300 φάσκουσί
1077 1253 1126 1281 τε
1161 1229 1281 1296 πρὸς
1315 1229 1463 1280 ταῦτά
1499 1251 1645 1290 τισιν,
1676 1230 1736 1280 ὡς
1772 1226 1900 1290 ε’ίπερ

308 1337 378 1368 τις
403 1313 582 1379 γένοιτο
610 1312 917 1379 διακάθαρσις
942 1317 1038 1366 τοῖς
1073 1315 1156 1376 τῆς
1191 1314 1357 1376 νοητῆς
1389 1310 1606 1376 ἀμπέλου
1633 1308 1896 1374 κλήμασιν,

310 1397 393 1447 οὐκ
429 1394 486 1446 ἂν
512 1393 638 1459 οἶμαι
674 1396 782 1463 δίχα
816 1394 963 1446 πόνου
995 1393 1317 1458 συμβήσεται,
1347 1396 1490 1460 ἀλγεῖ
1520 1392 1613 1460 γὰρ
1646 1397 1896 1453 τοσοῦτον,
1924 1411 1969 1449 15

311 1478 429 1529 ὅσον
454 1501 504 1529 τε
531 1480 607 1528 καὶ
634 1477 760 1531 ὅπως
785 1475 907 1528 οἶδεν
933 1479 1099 1542 ἀλγεῖν
1124 1476 1177 1528 τὸ
1214 1475 1378 1545 ξύλον·
1419 1475 1668 1542 ἀναλόγως
1703 1475 1784 1526 οὖν
1810 1473 1902 1541 ἄρα

312 1562 388 1611 καὶ
423 1561 498 1611 ἐπὶ
531 1565 626 1611 τῶν
657 1560 804 1626 ἁγίων
836 1559 959 1622 ἡμᾶς
997 1562 1168 1623 νοῆσαι
1206 1557 1458 1624 προσήκοι,
1485 1556 1827 1621 συναινέσομέν
1852 1579 1901 1607 τε

273 1644 389 1693 θκαὶ
428 1648 714 1709 συνεροῦμεν
754 1643 803 1692 εὖ
841 1641 973 1705 μάλα
1013 1640 1352 1704 διεσκεμμένοι.
1407 1641 1612 1690 παιδεύει
1650 1638 1743 1705 γὰρ
1785 1639 1903 1702 ἡμᾶς

314 1723 390 1774 διὰ
416 1723 563 1775 πόνου
590 1726 665 1775 καὶ
695 1725 908 1791 θλίψεως
936 1723 960 1773 ὁ
989 1722 1245 1790 φιλάρετος
1272 1722 1405 1786 ἡμῶν
1432 1721 1569 1775 Θεός.
1626 1723 1700 1771 καὶ
1735 1726 1850 1787 γοῦν
1877 1721 1902 1770 ὁ

89 1826 144 1856 Es.
159 1825 202 1856 iv.
217 1836 245 1863 4.
312 1806 562 1873 προφήτης
598 1806 708 1869 ἡμῖν
734 1804 945 1858 Ἠσαίας
985 1805 1137 1873 φησίν
1164 1802 1324 1854 “aon
1359 1806 1580 1854 ἐκπλυνεῖ
1614 1803 1786 1869 Κύριος
1821 1801 1902 1853 τὸν
1925 1827 1974 1851 20

313 1895 339 1918 ‘⁶
365 1888 515 1955 ῥύπον
554 1893 648 1939 τῶν
689 1891 798 1939 υἱῶν
837 1889 911 1937 καὶ
957 1891 1051 1937 τῶν
1090 1885 1360 1951 θυγατέρων
1402 1885 1542 1947 Σιὼν,
1584 1889 1658 1935 καὶ
1696 1885 1750 1935 τὸ
1789 1883 1904 1946 αἷμα

314 1978 341 2001 “
367 1973 632 2036 ἐκκαθαριεῖ
654 1972 702 2020 ἐκ
727 1969 877 2032 μέσου
904 1970 1057 2019 αὐτῶν
1083 1969 1131 2018 ἐν
1158 1967 1386 2031 πνεύματι
1413 1968 1612 2034 κρίσεως
1647 1968 1722 2017 καὶ
1756 1965 1900 2017 πνεύ-

314 2060 341 2083 “
366 2075 479 2117 ματι
523 2053 779 2106 καύσεως·”
836 2054 911 2102 καὶ
953 2051 1091 2104 αὐτὸς
1134 2050 1181 2100 δὲ
1222 2050 1342 2116 πρὸς
1381 2049 1534 2118 τούτῳ
1583 2050 1606 2099 ὁ
1650 2047 1905 2101 θεσπέσιος

90 2133 178 2216 ffel).
195 2132 251 2163 xii.
318 2139 516 2187 Παῦλος
543 2142 569 2163 “
588 2139 646 2185 Εἰ
671 2134 883 2184 παιδείαν
913 2131 1178 2196 ὑπομένετε,
1206 2134 1267 2186 ὡς
1304 2135 1414 2185 υἱοῖς
1450 2133 1556 2194 ὑμῖν
1582 2130 1906 2198 προσφερεται

92 2231 178 2264 869
196 2229 246 2263 A.
276 2224 342 2262 αῖ(
370 2218 394 2266 ὁ
431 2216 567 2269 &⁶69-
627 2216 694 2269 τίς
732 2216 825 2281 γάρ
865 2217 995 2265 ἐστιν
1032 2213 1140 2276 υἱὸς,
1175 2213 1227 2264 ὃν
1262 2215 1314 2264 οὐ
1352 2213 1557 2264 παιδεύει
1595 2212 1793 2279 πατήρ·”
1829 2214 1904 2263 καὶ
1928 2232 1974 2270 25

315 2298 409 2362 μὴν
436 2300 509 2348 καὶ
538 2297 675 2350 αὐτὸς
704 2299 728 2347 ὁ
755 2295 931 2349 παντὸς
958 2296 1165 2346 ἐπέκεινα
1192 2295 1429 2357 θαύματος
1455 2299 1549 2345 τῶν
1576 2295 1724 2359 ἁγίων
1744 2294 1901 2361 χορὸς,

314 2377 401 2442 τὴν
440 2378 515 2429 διὰ
559 2383 654 2429 τῶν
693 2377 840 2443 ἁγίων
876 2375 1158 2445 πεφυκότων
1201 2377 1284 2426 οὐκ
1327 2375 1597 2426 ἀποσείεται
1639 2375 1902 2438 παίδευσιν,

92 2461 185 2492 Hier.
206 2471 237 2491 x.

94 2514 143 2544 24·
315 2461 648 2523 ἀσμενέστατα
683 2459 731 2509 δὲ
761 2463 953 2522 μᾶλλον
978 2459 1225 2524 προσίεται
1258 2458 1414 2523 λέγων
1440 2464 1466 2486 “
1488 2457 1759 2508 Παίδευσον
1785 2458 1906 2521 ἡμᾶς

317 2550 344 2573 “
373 2543 531 2607 Κύριε,
570 2541 701 2605 πλὴν
739 2544 787 2592 ἐν
825 2542 976 2606 κρίσει
1015 2543 1090 2590 καὶ
1128 2539 1193 2604 μὴ
1234 2541 1282 2590 ἐν
1318 2543 1464 2608 θυμῷ,
1497 2540 1573 2590 ἵνα
1610 2540 1675 2603 μὴ
1714 2540 1907 2605 ὀλίγους

317 2632 344 2654 “
371 2625 493 2688 ἡμᾶς
518 2624 767 2692 ποιήσῃς.”
809 2624 857 2673 ἐν
884 2625 1016 2690 θυμῷ
1043 2621 1127 2685 μὲν
1155 2621 1247 2687 γὰρ
1284 2621 1312 2684 ἡ
1349 2620 1612 2686 ὁλόκληρος
1647 2620 1781 2671 ἔσται
1812 2625 1906 2671 τῶν
1927 2638 1976 2674 30

273 2720 300 2760 b
320 2706 545 2772 ἀκάρπων
571 2704 828 2770 κλημάτων
856 2703 1139 2768 ἀπότμησις,
1167 2704 1338 2767 πέμπει
1368 2702 1462 2768 γὰρ
1497 2706 1559 2757 εἷς
1590 2701 1806 2752 κόλασιν·
1857 2703 1906 2752 ἐν

367 2893 400 2921 4.
428 2879 481 2924 δέ]
502 2879 530 2913 δ’
550 2879 591 2914 E.
752 2880 784 2913 8.
811 2879 896 2912 ποτέ
912 2878 973 2920 μέν
992 2878 1040 2912 Οὐ
1057 2879 1122 2923 γὰρ
1141 2880 1158 2910 ὁ
1179 2878 1219 2911 E.
1239 2879 1256 2910 ὁ
1274 2882 1354 2910 ante
1371 2875 1454 2910 ποτέ
1471 2876 1669 2920 transponit
1686 2875 1793 2914 Aub„
1813 2874 1907 2909 unde

321 2938 390 2960 0111.
411 2926 543 2970 Migne.
690 2936 744 2969 25.
771 2924 899 2970 πατὴρ]
920 2925 976 2959 hic
998 2925 1104 2959 verba
1121 2925 1174 2958 καὶ
1191 2922 1449 2967 αὐτὸς-πατήρ
1468 2923 1595 2957 iterum
1615 2922 1737 2967 repetit
1755 2922 1849 2957 Aub.
