2001 3261
289 139 374 178 206
695 137 745 178 B.
779 136 1054 177 CYRILLI
1095 137 1477 177 ALEXANDR.
1734 137 1875 187 ix.41.

292 247 527 311 ὑπεδήλου
568 245 617 296 δὲ
663 245 738 297 διὰ
782 245 962 296 τούτων
1003 251 1086 295 τοῦ
1129 249 1318 308 τυφλοῦ
1362 245 1448 308 τὴν
1490 243 1779 313 ἀνάβλεψιν,
1825 244 1879 294 οὐ

291 328 561 392 δυνηθέντες
599 329 863 393 ὑπενεγκεῖν
895 332 977 378 τοῦ
1013 326 1287 394 παραδόξου
1321 326 1407 390 τὴν
1434 325 1713 391 ἀνάμνησιν,
1741 328 1873 376 ἀντε-

290 411 523 476 γείρονται
556 410 706 461 πάλιν
738 407 1090 474 διατεθηγμένοι
1130 412 1196 477 τῷ
1238 407 1417 477 φθόνῳ,
1445 410 1520 459 καὶ
1556 408 1880 475 ἀντιπράττειν

248 494 579 560 ἁέπιχειροῦσι
612 496 709 544 τοῖς
743 491 852 556 παρ’
882 491 1024 540 αὐτοῦ
1058 492 1309 557 μονονουχὶ
1346 490 1502 556 λέγειν
1533 492 1586 541 οὐ
1625 490 1880 555 παραιτού-

290 596 421 637 μενοι
472 572 619 623 Δεινά
670 570 934 638 κομπάζεις,
985 569 1022 621 (3
1072 571 1221 634 οὗτος,
1273 572 1583 638 κατορθώσας
1633 572 1765 623 οὐδὲν
1814 569 1922 625 ὦν5

291 652 543 721 εἷργασθαι
571 654 780 720 νομίζεις,
808 655 918 704 ἀλλ’
948 651 1040 718 ἆρα
1075 653 1139 718 μὴ
1175 653 1353 716 βούλει,
1382 657 1520 722 φασι,
1546 656 1621 705 καὶ
1648 654 1719 721 ἐφ’
1750 655 1880 718 ἡμῶν

291 738 445 788 αυτῶν
470 736 771 788 πλάττεσθαι
797 735 883 799 τὴν
909 736 1306 802 θαυματουργιαν,
1335 733 1425 802 ἆρα
1451 735 1515 799 μὴ
1542 759 1775 802 παρεσται
1800 758 1880 786 σοι

292 818 446 885 λεγειν
485 818 555 870 ότι
594 821 669 869 καὶ
710 819 831 882 ἡμᾶς
871 841 1009 871 οντας
1047 817 1260 886 τυφλους
1301 818 1668 884 τεθεραπευκας;
1714 818 1881 881 βούλει

291 924 372 952 σοι
403 904 667 968 περιθῶμεν
693 900 779 964 τὴν
806 904 966 966 ἰατροῦ
1002 899 1148 968 δόξαν
1174 902 1249 950 καὶ
1287 905 1662 967 θαυματουργοῦ,
1690 899 1878 969 ψευσά-

291 1006 422 1047 μενοι
457 984 556 1034 κατ’
586 984 771 1045 ἐκεῖνον,
805 981 858 1033 ὃν
893 987 988 1050 φῂς
1023 982 1300 1049 ἀναβλέψαι
1337 983 1619 1047 γεννηθέντα
1653 981 1875 1050 τυφλόν;
1905 1004 1952 1028 10

291 1064 356 1129 μὴ
385 1067 459 1115 καὶ
487 1065 606 1128 ἡμᾶς
632 1064 724 1130 ἄρα
759 1062 1143 1131 συκοφαντήσεις
1178 1064 1523 1129 ἀποτολμήσας
1558 1068 1701 1115 εἰπεῖν
1725 1064 1784 1114 τὰ
1810 1066 1878 1115 ἐπ’

253 1167 274 1192 e
293 1147 448 1216 ἐκείνῳ
468 1168 480 1207 ;
523 1146 728 1212 πονηρὸς
755 1147 837 1196 οὖν
860 1147 951 1211 ἄρα
979 1148 1054 1196 καὶ
1080 1145 1275 1213 σφόδρα
1302 1146 1466 1212 πικρὸς
1490 1151 1583 1197 τῶν
1605 1148 1881 1212 Φαρισαίων

292 1230 317 1278 ὁ
355 1229 502 1294 λόγος
540 1228 870 1294 διαγελώντων
902 1227 961 1278 τὰ
994 1228 1062 1278 ἐπ’
1093 1228 1262 1297 ἐκείνῳ,
1297 1231 1371 1279 καὶ
1410 1229 1735 1296 συκοφαντίαν
1767 1226 1881 1279 εῖναι

291 1315 484 1373 μᾶλλον
523 1310 746 1374 οἰομένων
785 1309 903 1376 ἤπερ
945 1309 1185 1374 ἀλήθειαν”
1245 1314 1459 1362 δυσωπεῖ
1496 1310 1590 1377 γὰρ
1628 1311 1761 1362 οὐδὲν
1799 1309 1881 1362 τὸν

291 1392 561 1458 ἀγνώμονα.
1905 1415 1951 1452 15

225 1570 270 1603 41
299 1555 425 1600 Εἶπεν
454 1557 598 1600 αὐτοῖς
636 1561 658 1602 ὁ
683 1560 851 1601 ἸΗσοῡο
886 1558 930 1600 Εἰ
968 1560 1123 1615 τυφλοὶ
1161 1556 1249 1610 ἦτε,
1283 1560 1358 1600 οὐκ
1398 1559 1448 1601 ἂν
1479 1558 1616 1615 εἴχετε
1654 1561 1878 1617 ἁμαρτίαν·

374 1647 445 1683 νῦν
485 1642 530 1684 δὲ
570 1644 714 1690 λὲΓετεΞ
753 1645 817 1685 ὅτι
856 1645 1078 1692 βλέπομεν·
1133 1641 1173 1683 αἰ
1212 1642 1417 1699 ἁμαρτίαι
1457 1644 1574 1691 ὑμῶν
1612 1648 1797 1692 μενοῦσι,

371 1756 637 1819 Κατατήκει
679 1757 828 1807 πάλιν
873 1755 1040 1810 αὐτοὺς
1081 1757 1106 1805 ὁ
1152 1754 1321 1823 Σωτὴρ
1367 1758 1507 1825 τέχνῃ
1551 1757 1756 1824 κεράσας
1799 1757 1882 1810 τὸν

293 1836 509 1906 ἐ’λεγχον.
563 1839 800 1905 λοιδορίας
836 1838 921 1902 μὲν
955 1838 1048 1904 γὰρ
1084 1838 1275 1903 ἁπάσης
1311 1841 1562 1908 ἀποφοιτᾷ,
1591 1842 1804 1892 δυσωπεῖ
1833 1841 1882 1892 δὲ

70 1935 154 1969 636
169 1933 221 1970 A.
253 1943 276 1967 a
295 1923 377 1984 τῆς
406 1921 627 1984 ἀληθείας
653 1923 924 1987 παρατιθεὶς
951 1919 1036 1984 τὴν
1063 1919 1272 1984 δύναμιν·
1312 1922 1381 1972 ἐπ’
1411 1922 1559 1973 οὐδενὶ
1585 1921 1633 1973 δὲ
1659 1924 1881 1993 χρησίμῳ
1904 1949 1953 1974 20

294 2001 348 2053 τὸ
378 2003 577 2063 βλέπειν
602 2003 795 2069 ἔχοντας
822 2003 1137 2065 ἀποδείκνυσι,
1158 2007 1350 2065 μᾶλλον
1377 2001 1425 2053 δὲ
1454 2005 1528 2053 καὶ
1555 2009 1638 2054 τοῦ
1662 2004 1882 2067 μηδόλως

296 2084 499 2150 ὁρῶντος
524 2083 761 2138 πεσόντας
788 2085 836 2134 ἐν
862 2085 1086 2151 χείροσιν.
1128 2084 1375 2149 ἅνθρωπος
1401 2083 1487 2147 μὲν
1513 2084 1606 2151 γὰρ
1633 2087 1657 2136 ὁ
1684 2085 1880 2154 τυφλὸς,

296 2168 434 2233 φησὶ,
463 2170 529 2235 τῷ
561 2170 814 2217 τεθεᾶσθαι
848 2166 992 2229 μηδὲν
1026 2170 1119 2216 τῶν
1150 2165 1434 2234 παραδόξως
1469 2169 1878 2231 ἀποτελουμενων,

295 2248 386 2316 ἔξω
425 2248 628 2311 βεβηκεν
660 2249 903 2314 ἁμαρτίας,
934 2249 1009 2297 καὶ
1048 2246 1317 2301 ἀνυπαίτιός
1355 2271 1456 2301 πως
1497 2247 1711 2316 ὑπάρχει·
1753 2253 1794 2300 οἱ
1833 2248 1883 2300 δὲ

295 2334 390 2380 τῶν
415 2330 667 2393 θαυμάτων
693 2330 894 2381 ἐπόπται
921 2332 996 2380 καὶ
1024 2331 1187 2396 θεωροὶ
1223 2328 1298 2379 διὰ
1331 2329 1522 2394 πολλὴν
1548 2332 1781 2391 ἀβουλίαν
1807 2333 1883 2382 καὶ
1904 2353 1952 2392 25

296 2411 543 2462 κακόνοιαν
568 2412 654 2475 τὴν
680 2412 737 2480 ἐξ
771 2412 925 2462 αὐτῶν
951 2412 1004 2461 οὐ
1039 2410 1415 2479 παραδεξάμενοι
1449 2412 1632 2474 πίστιν,
1663 2412 1879 2463 δυσαπό-

297 2516 461 2544 νιπτον
488 2494 652 2561 ε”χουσι
681 2493 768 2558 τὴν
795 2494 1041 2560 ἁμαρτίαν,
1069 2495 1145 2543 καὶ
1181 2493 1490 2562 δυσεξίτητον
1516 2492 1661 2547 ὅντως
1696 2491 1783 2558 τὴν
1809 2495 1884 2546 ἐπὶ

347 2668 377 2690 Ι.
403 2656 530 2691 τούτων
549 2656 590 2691 Β,
609 2656 730 2691 τούτου
749 2656 868 2690 Holst.
887 2655 954 2690 Ed.
975 2662 1008 2690 et
1025 2661 1064 2690 ut
1083 2655 1153 2690 vid.
1172 2655 1258 2689 Nik.
1364 2667 1395 2690 2.
1422 2656 1615 2700 ὑπενεγκεῖν
1632 2667 1661 2690 a.
1683 2655 1760 2690 Cat.
1781 2656 1882 2692 Harl.

295 2703 441 2748 ἐνεγκεῖν
460 2703 527 2738 Ed.
629 2715 663 2748 3.
690 2703 944 2748 διατεθηγμένοι
964 2703 1040 2737 B.a.
1059 2702 1305 2747 διατεθιγμένοι
1327 2702 1388 2736 Ht.
1406 2702 1501 2736 unde
1520 2702 1771 2747 διατετηγμὲνοι
1789 2704 1884 2738 Aub.

296 2762 329 2793 5.
357 2750 584 2794 κατώρθωσας
601 2763 632 2784 a.
828 2750 861 2783 6.
888 2749 1104 2794 ἐργάσασθαι
1123 2750 1237 2792 νομίζῃ
1256 2761 1286 2783 a.
1306 2749 1508 2793 ἐργάζεσθαι
1527 2761 1590 2793 pro
1607 2750 1786 2794 εἰργάσθαι
1805 2750 1882 2784 Cat.

299 2795 399 2829 Harl.
466 2798 532 2835 βου
534 2797 671 2831 λεῖσθαι
691 2797 733 2831 Β.
751 2796 929 2840 βούλησθε
951 2797 1014 2831 Ht.
1031 2795 1151 2837 βούλει
1169 2807 1186 2829 e
1205 2796 1282 2829 Cat.
1300 2802 1339 2829 ut
1359 2796 1428 2830 vid.
1448 2795 1541 2830 Aub.
1561 2802 1594 2829 et
1612 2796 1658 2829 ita
1675 2808 1705 2829 a.
1722 2796 1881 2839 βουλήσῃ

296 2843 408 2876 voluit
428 2843 557 2888 Heyse.
680 2853 711 2888 7.
736 2844 885 2887 πάρεστί
902 2856 933 2878 a.
1058 2855 1091 2888 9.
1117 2843 1303 2886 περιθεῖναι
1322 2854 1366 2882 a„
1386 2841 1445 2876 Sed
1464 2843 1667 2887 πειραθῶμεν
1686 2842 1761 2876 Cat.
1782 2843 1881 2876 Harl.

301 2899 353 2929 14.
379 2890 437 2922 τὸν
454 2889 631 2934 ἀγνώμονα
649 2889 746 2924 οὐδέν
764 2902 794 2924 a.
1012 2900 1066 2923 22.
1094 2891 1239 2933 ὁρῶντος
1257 2888 1419 2922 emendat
1440 2889 1568 2933 Heyse.
1588 2890 1735 2933 ὁρῶντας
1754 2889 1794 2924 Β.
1816 2889 1881 2923 Ed.

300 2936 354 2968 26.
379 2935 497 2969 πίστιν
515 2936 611 2971 deest
628 2937 664 2971 in
685 2937 726 2971 B.
745 2937 936 2981 assumpsit
955 2949 972 2971 e
992 2936 1068 2971 Cat.
1088 2943 1127 2970 ut
1145 2936 1214 2970 vid.
1234 2935 1327 2969 Aub.
1348 2942 1381 2969 et
1400 2935 1446 2968 ita
1465 2946 1496 2968 a.
