1971 3272
76 136 128 177 ix.
150 137 216 191 38.
324 137 396 176 IN
440 137 482 177 S.
516 137 853 177 JOANNEM.
917 137 1143 176 L113.V1.
1206 136 1282 176 CA
1300 137 1339 175 1³.
1376 137 1408 176 Ι.
1577 137 1652 175 201

78 244 252 311 Κύριος
278 249 364 300 Τίς
397 249 529 298 ἐστιν
557 249 581 298 ὁ
613 247 727 300 Υἱὸς
761 253 844 297 τοῦ
877 250 1002 297 Θεοῦ
1040 247 1395 313 διερωτώμενος,
1420 248 1502 296 οὐκ
1537 244 1662 296 εἶπεν
1725 254 1831 321 δι’-’νη

74 327 220 392 Ἐγώ·
272 328 329 393 ἧν
363 328 456 396 γὰρ
496 328 553 393 δή
592 352 734 390 τινας,
767 331 828 383 ὡς
866 327 997 390 εἰκὸς,
1032 329 1270 383 ἀσυνέτως
1306 326 1662 392 ὑπολαμβάνειν
1754 320 1791 327 β’

76 409 146 460 ὅτι
190 409 332 474 μόνος
373 413 397 461 ὁ
439 410 596 477 Λόγος
641 413 666 462 ὁ
711 413 760 462 ἐκ
801 415 927 462 Θεοῦ
972 413 1047 462 καὶ
1089 411 1280 477 Πατρὸς
1323 410 1546 479 πεφηνὼς
1587 409 1662 459 διὰ

75 491 240 543 τούτου
274 495 656 557 κατεσημαίνετο,
690 492 804 544 αὐτὸ
839 493 887 544 δὲ
922 498 1016 543 τῶν
1051 494 1313 544 δοκούντων
1347 491 1654 557 οἱμφιβάλλε-
1680 499 1705 539 b

34 577 189 624 5σθαι
228 574 358 641 παρά
397 598 524 626 τισιν
562 575 725 626 ἑαυτὸν
763 576 1109 643 προαποδείξας
1150 574 1225 626 διὰ
1269 580 1352 625 τοῦ
1397 579 1538 625 εἰπεῖν
1572 582 1660 625 Καὶ

76 655 278 726 ἑώρακας
314 660 456 709 αὐτόν·
506 661 581 708 καὶ
621 657 702 708 τὸν
741 659 1006 708 ἐνοικοῦντα
1045 657 1188 707 αὐτὸν
1222 661 1280 725 τῇ
1319 659 1464 723 σαρκὶ
1501 679 1660 722 παρα-

76 738 267 788 δεικνύει
307 740 481 804 Λόγον,
521 739 597 790 διὰ
642 745 724 790 τοῦ
769 739 918 790 πάλιν
961 743 1102 790 εἰπεῖν
1142 743 1217 790 καὶ
1264 741 1463 804 ἐνεγκεῖν
1506 742 1596 789 Καὶ
1645 745 1662 790 ὁ

76 819 231 870 λαλῶν
258 821 379 889 μετὰ
411 823 487 872 σοῦ
522 823 677 877 ἐκεῖνός
713 823 841 873 ἐστιν.
898 823 1009 890 ὁρᾷς
1049 822 1129 872 οῦν
1166 821 1287 886 ὅσην
1322 823 1346 871 ὁ
1375 820 1533 886 Λόγος
1572 820 1664 887 ε”χει

77 899 162 964 τὴν
200 902 384 953 ἕνωσιν“
451 904 506 954 οὐ
549 903 642 970 γὰρ
688 903 858 954 τέθεικε
905 902 1152 972 διαφορὰν,
1192 902 1304 954 ἀλλ’
1345 902 1510 954 ἑαυτὸν
1551 900 1669 953 εἶναί

6 983 58 1030 Ἰο
78 989 216 1052 φησι,
252 987 327 1035 καὶ
366 984 449 1036 τὸν
488 991 583 1039 τοῖς
623 991 705 1036 τοῦ
745 985 968 1048 σώματος
1005 987 1275 1053 ὀφθαλμοῖς
1316 986 1660 1047 ὑποπίπτοντα,

76 1068 151 1117 καὶ
189 1066 274 1118 τὸν
307 1069 356 1118 ἐκ
394 1071 477 1132 τῆς
516 1072 689 1122 λαλιᾶς
728 1067 1093 1133 γινωσκόμενον.
1146 1068 1426 1118 ἀπαίδευτον
1457 1068 1538 1118 οῦν
1574 1066 1665 1133 ἄρα

77 1150 152 1199 καὶ
205 1149 440 1211 δυσσεβὲς
491 1153 659 1217 κομιδῇ
711 1149 763 1201 τὸ
816 1150 973 1215 λέγειν
1019 1149 1378 1216 ἀπερισκέπτως
1428 1148 1557 1202 τινάς
1600 1151 1663 1199 ‘O

77 1230 323 1297 ἄνθρωπος
367 1237 449 1282 τοῦ
488 1236 720 1299 Χριστοῦ·
777 1232 898 1286 Θεὸς
943 1232 1037 1299 γὰρ
1083 1232 1148 1282 ὧν
1186 1231 1378 1298 γέγονεν
1417 1231 1704 1297 ἄνθρωποςο

78 1313 334 1380 ἀδιαίρετος
360 1313 479 1365 ὅσον
505 1318 566 1368 εὶς
598 1313 652 1365 τὸ
688 1312 803 1365 εἶναι
830 1314 952 1368 Θεὸς
979 1317 1054 1365 καὶ
1081 1314 1196 1368 Υἱὸς
1224 1316 1298 1364 καὶ
1325 1313 1444 1376 μετὰ
1471 1313 1664 1379 σαρκὸς,

13 1409 59 1447 15
78 1394 341 1461 τελεωτάτη
366 1395 459 1463 γὰρ
484 1398 532 1447 ἐν
557 1396 738 1451 τούτοις
769 1397 797 1461 ἡ
831 1399 912 1460 τῆς
940 1401 1002 1451 εἷς
1030 1395 1172 1447 αὐτὸν
1199 1397 1404 1449 πίστεως
1433 1397 1667 1462 ὁμολογία

79 1479 154 1528 καὶ
179 1482 375 1544 γνῶσις.

207 1632 261 1674 ‘O
300 1633 345 1674 δὲ
383 1629 475 1674 εἶπε
513 1634 722 1686 Πιστεύω,
763 1634 897 1690 Κύριε.
944 1634 1011 1675 καὶ
1049 1636 1366 1691 ΠροσεκύνΗσεν
1406 1634 1549 1675 αὐτόν.
1686 1641 1734 1686 38

152 1745 301 1816 Ὀξῦς
337 1751 399 1801 εἷς
435 1748 696 1813 ὁμολογίαν
722 1747 807 1812 τὴν
833 1749 909 1799 ἐπὶ
943 1752 1001 1815 τῇ
1039 1749 1199 1800 πίστει
1234 1750 1369 1814 φημὶ,
1398 1749 1472 1798 καὶ
1499 1745 1668 1813 θερμὸς

81 1831 144 1882 εἷς
178 1829 420 1890 εὐσεῘΒειαν
446 1830 470 1880 ὁ
501 1829 616 1881 ποτὲ
643 1828 843 1897 τυφλός.
898 1831 1053 1894 ἐπειδὴ
1089 1829 1182 1897 γὰρ
1217 1831 1338 1895 ε”γνω
1372 1829 1586 1896 παρόντα
1621 1852 1669 1880 τε

13 1932 63 1958 20
82 1912 157 1961 καὶ
197 1911 432 1976 ὁρώμενον
465 1911 548 1963 τὸν
584 1914 775 1976 ἀληθῶς
811 1911 929 1962 Υὶὸν
954 1913 1036 1963 τὸν
1065 1916 1332 1978 Μονογενῆ,
1363 1916 1670 1979 προσεκύνησεν

83 1995 146 2046 ὡς
180 1997 302 2061 Θεῷ,
337 1994 484 2044 καίτοι
522 1994 718 2054 βλέπων
755 1993 896 2044 αὐτὸν
931 1995 980 2044 ἐν
1009 1997 1166 2061 σαρκὶ,
1199 1993 1346 2062 δόξαν
1380 1995 1463 2045 οῦκ
1502 1994 1715 2061 ε”χονταά

82 2073 169 2138 τὴν
195 2073 340 2128 ὅντως
368 2078 617 2141 θεοπρεπῆ,
644 2075 1006 2144 πεφωτισμένος
1041 2075 1089 2127 δὲ
1124 2075 1210 2140 τὴν
1238 2075 1431 2142 καρδίαν
1458 2075 1552 2127 ἀπὸ
1588 2078 1671 2139 τῆς

84 2156 281 2221 ἐνούσης
328 2158 454 2227 αὐτῷ
504 2157 742 2220 δυνάμεώς
792 2181 841 2208 τε
892 2159 966 2208 καὶ
1019 2158 1252 2227 ἐξουσίας,
1305 2156 1553 2223 ἀναλόγως
1610 2162 1672 2211 εἷς

84 2239 258 2292 ἐννοίας
293 2241 513 2308 ἀναπηδᾷ
545 2239 706 2307 σοφάς
740 2263 789 2290 τε
825 2242 900 2290 καὶ
939 2239 1134 2306 ἀγαθὰς,
1163 2242 1237 2290 καὶ
1269 2243 1349 2304 τῆς
1378 2241 1503 2294 θείας
1530 2241 1672 2291 αὑτοῦ

18 2334 65 2373 25
86 2322 160 2388 καὶ
187 2319 390 2388 ἀρῥήτου
417 2321 607 2390 φύσεως
643 2320 696 2373 τὸ
732 2320 914 2376 κάλλος
949 2321 1372 2390 καταφαντάζεται·
1417 2323 1469 2372 οὐ
1496 2321 1588 2388 γὰρ
1615 2321 1672 2372 ἂν

136 2487 167 2511 2.
192 2477 380 2515 ὑπολαβεῖν
397 2489 460 2511 a.c.
481 2476 588 2512 Cord.
794 2490 827 2523 3.
855 2481 872 2512 ὁ
890 2479 949 2512 alt.
969 2478 1065 2512 deest
1083 2479 1118 2512 in
1140 2479 1180 2512 B.
1201 2479 1393 2524 assumpsit
1411 2491 1429 2513 e
1448 2479 1525 2513 Cat.
1543 2484 1583 2513 ut
1602 2479 1671 2513 vid.

91 2522 181 2557 Aub.
199 2529 232 2556 et
248 2523 294 2557 ita
311 2535 376 2558 a.c.
397 2523 504 2558 Cord.
703 2538 735 2568 4.
761 2529 827 2559 τῶν
845 2525 1032 2559 δοκούντων
1050 2538 1078 2559 c.
1097 2527 1156 2559 τὸν
1172 2525 1362 2559 δοκούντων
1383 2526 1424 2560 Β.
1443 2527 1544 2559 αὐτὸν
1561 2526 1597 2559 δὲ
1615 2527 1674 2559 τὸν

88 2568 248 2603 δοκοῦντα
267 2569 385 2604 Holst.
400 2570 495 2604 unde
511 2571 592 2604 αὐτὸ
610 2571 645 2605 δέ
663 2572 701 2605 τὸ
719 2573 841 2606 δοκοῦν
857 2584 874 2605 e
895 2571 971 2605 Cat.
990 2572 1089 2605 Harl.
1109 2572 1305 2605 emendavit
1319 2572 1414 2606 Aub.
1511 2582 1544 2616 5.
1561 2586 1672 2615 προσ-

88 2616 256 2660 επιδείξας
272 2629 302 2651 a.
321 2617 489 2659 ἐπιδείξας
507 2629 536 2650 c.
557 2617 664 2651 Cord.
788 2617 821 2652 6.
847 2619 948 2652 αὐτὸν
966 2630 1035 2652 om.
1056 2630 1085 2651 c.
1106 2617 1214 2652 Cord.
1344 2629 1374 2663 7.
1402 2618 1592 2662 ἐπενεγκεῖν
1608 2630 1672 2662 pro

88 2662 192 2697 εἰπεῖν
209 2663 262 2696 καὶ
279 2663 468 2708 ἐπενεγκεῖν
488 2662 581 2696 Catt.
765 2675 818 2698 10.
844 2666 903 2698 τὸν
920 2676 990 2698 om.
1010 2676 1038 2697 c.
1060 2664 1167 2698 Cot-d.
1247 2667 1306 2698 τοῦ
1324 2667 1549 2708 assumptum
1567 2676 1607 2697 ex
1629 2664 1670 2697 B.

91 2707 181 2743 Catt.
305 2721 357 2743 11.
383 2708 522 2754 λαλιᾶς]
543 2709 726 2745 Γαλιλαίας
744 2722 773 2744 c.
795 2710 902 2743 Cord.
1018 2710 1140 2743 11-16.
1170 2710 1266 2743 Haec
1284 2711 1365 2744 citat
1384 2712 1533 2744 Severus
1552 2718 1673 2744 contra

89 2753 192 2789 Joan.
207 2754 400 2789 Grammat.
417 2755 510 2799 (vide
527 2755 570 2789 ad
589 2765 656 2799 529
676 2756 796 2800 supra)
815 2757 850 2790 in
866 2756 954 2790 Brit.
972 2756 1068 2790 Mus.
1085 2756 1173 2790 Cod.
1187 2756 1281 2790 Add.
1298 2767 1420 2801 12157‚
1438 2756 1498 2790 fol.
1514 2768 1579 2800 130
1591 2769 1623 2797 V,
1639 2763 1672 2790 et

90 2801 247 2835 versione
264 2803 381 2847 paullo
400 2802 537 2835 diversa
554 2802 614 2836 fol.
631 2813 710 2846 213.
899 2814 952 2846 13.
979 2803 1155 2845 ἅνθρωπος
1171 2802 1248 2847 alt.]
1275 2807 1309 2842 -Ι-
1331 2804 1384 2836 καὶ
1402 2803 1469 2836 Ed.
1488 2803 1606 2837 invitis
1628 2803 1670 2837 B.

92 2846 183 2881 Catt.
203 2847 281 2892 Syr.
392 2857 445 2890 15.
470 2850 683 2892 τελειοτάτης
700 2860 729 2883 c.
747 2850 940 2892 τελειοτάτη
961 2848 1067 2883 Cord.
1183 2858 1236 2894 17.
1262 2849 1364 2883 αὐτόν
1380 2849 1472 2883 edidi
1490 2862 1531 2884 ex
1551 2850 1592 2883 B.
1613 2851 1673 2895 qui

90 2895 197 2927 αὐτων
213 2894 365 2928 exhibet.
383 2896 472 2940 αὐτῷ
493 2895 560 2929 Ed.
685 2906 740 2929 21.
768 2898 843 2941 Θεῷ
861 2895 965 2930 habet
985 2895 1025 2930 Β.
1151 2907 1206 2929 22.
1234 2895 1336 2931 ὅντως
1354 2896 1524 2941 θεοπρεπῆ
1543 2908 1572 2930 a.
1594 2897 1671 2931 Cat,

93 2938 191 2974 Harl.
210 2946 243 2974 et
260 2941 307 2974 ita
324 2941 473 2986 conjecit
493 2941 621 2987 Heyse.
641 2942 715 2976 ἐντο
735 2946 809 2976 Θεῶ
828 2943 950 2985 πρεπεῖ
970 2942 1011 2976 Β.
1031 2942 1065 2975 ἐν
1082 2944 1128 2988 τῷ
1149 2944 1222 2987 Θεῷ
1240 2941 1440 2986 πρέπουσαν
1459 2943 1521 2978 Ht.
1541 2943 1608 2978 Ed.

147 3006 238 3034 VOL.
265 3008 310 3035 11.
849 3010 875 3036 D
897 2998 923 3037 d
