2022 3272
87 139 243 193 xii.49,
261 152 328 195 50.
464 143 537 183 IN
580 144 621 184 S.
657 143 993 183 JOANNEM.
1058 142 1179 182 ΜΒ.
1217 142 1294 182 lx.
1583 141 1666 180 :339

88 248 173 311 μὲν
199 249 346 314 οὐδὲν,
372 257 586 303 λαλεῖται
613 251 661 303 δὲ
687 251 817 318 παρὰ
844 250 1050 317 Πατρὸς,
1071 252 1242 301 ἀδικεῖν
1268 249 1410 301 αὐτὸν
1437 249 1670 299 δύνασθαι

87 330 208 381 κατά
235 355 280 382 τι
311 339 427 398 γοῦν
455 333 595 396 ὅλως,
624 333 653 397 ἢ
690 332 810 383 κατὰ
844 332 927 383 τὸν
952 335 1035 395 τῆς
1061 332 1224 385 οὐσίας
1251 333 1407 394 αὐτῆς,
1434 330 1581 395 ἤγουν
1609 335 1671 382 εἰς

86 411 221 480 ἀξίας
247 412 395 479 λόγον
421 418 503 478 τῆς
539 419 837 481 θεοπρεποῦς·
878 414 1010 464 ἀλλὰ
1042 419 1232 480 πρῶτον
1258 413 1342 476 μὲν
1368 415 1512 463 ἐκεῖνο
1547 415 1668 461 διεν-

97 495 338 557 θυμείσθω
375 519 423 546 τε
462 496 625 560 πάλιν,
663 497 740 547 καὶ
778 498 956 562 λεγέτω
996 498 1229 562 ἐρομένοις
1267 495 1376 558 ἡμῖν
1407 493 1537 560 ’ῖΑρα
1580 493 1674 558 γὰρ

45 593 68 631 5
90 574 283 641 πρέπειν
309 577 523 641 οἱήσεταί
544 601 614 632 τις
644 582 710 647 τῷ
735 600 789 642 γε
829 577 952 632 ὅλως
987 577 1086 628 ὄντι
1120 600 1170 627 τε
1197 581 1273 627 καὶ
1300 576 1532 645 νοουμένῳ
1557 573 1677 625 κατὰ

95 657 246 724 φύσιν
274 661 380 727 Θεῷ
405 658 458 709 τὸ
485 663 566 723 τῆς
591 660 881 728 προφητείας
909 658 1059 723 ὄνομά
1085 681 1135 710 τε
1162 661 1237 710 καὶ
1262 663 1492 725 πρᾶγμα;
1529 657 1679 707 καίτοι

89 745 364 789 παστισοῦν
407 739 534 805 οἶμαι
586 744 662 792 καὶ
708 746 804 792 τῶν
854 741 963 791 λιάν
1011 742 1214 808 εὐχερῶν
1259 739 1553 809 ἀποφήσειεν
1598 737 1675 799 ἂν,

91 822 322 872 ἀπίθανον
353 820 465 873 εἶναι
504 824 658 889 λε’γων
694 825 1042 874 ἀποκαλεῖσθαι
1079 822 1334 890 προφήτην
1365 820 1448 871 τὸν
1480 823 1527 871 ἐν
1553 842 1674 885 προ·
1697 835 1718 860 Θ

1661 899 1674 916 Χ

96 901 267 970 φήταις
301 910 544 955 λαλοῦντα
570 905 710 956 Θεόν·
764 903 902 958 αὐτὸς
938 904 1032 971 γὰρ
1067 904 1256 971 ὁράσεις
1296 902 1528 967 ἐπλήθυνε
1560 923 1680 952 κατα
1742 903 1822 933 Hos.
1837 900 1893 934 '‘1³-

1746 955 1794 977 10.

24 1010 73 1036 10
93 985 147 1036 τὸ
186 986 524 1052 γεγραμμένον,
560 989 635 1037 καὶ
671 988 719 1038 ἐν
757 988 895 1054 χερσὶ
933 991 1195 1055 προφητῶν
1235 985 1469 1049 ὡμοιώθη.
1523 981 1681 1045 ἐπειδὴ

94 1067 248 1118 τοίνυν
286 1067 340 1118 τὸ
379 1072 461 1132 τῆς
500 1070 711 1123 δουλείας
752 1068 901 1133 ὄνομα
941 1071 1019 1119 καὶ
1061 1071 1229 1135 σχῆμα
1273 1071 1356 1131 τῆς
1401 1066 1520 1133 πρὸς
1564 1066 1686 1128 ἡμᾶς

95 1149 367 1214 ὁμοιότητος
400 1151 673 1214 ἀναλαβὼν,
701 1152 806 1202 καθ’
836 1151 1065 1217 ἡμετέραν
1092 1151 1321 1213 ὁμοίωσιν
1348 1149 1526 1212 ἐκλήθη
1560 1169 1681 1212 προ-

100 1230 267 1299 φήτης,
295 1233 559 1298 ἀναγκαίως
585 1234 711 1301 αὐτῷ
737 1234 812 1283 καὶ
839 1231 897 1283 τὰ
923 1237 991 1301 τῷ
1017 1231 1243 1300 προφήτῃ
1278 1231 1520 1297 πρέποντα
1551 1251 1682 1295 περι-

101 1312 299 1365 τέθεικεν
327 1315 351 1364 ὁ
377 1313 531 1378 νόμος,
553 1314 784 1377 τουτέστι,
805 1314 858 1364 τὸ
884 1314 1121 1365 πυθέσθαι
1146 1336 1190 1363 τι
1216 1312 1347 1379 παρὰ
1371 1317 1454 1363 τοῦ
1482 1309 1688 1376 Πατρὸς,

32 1409 79 1448 15
103 1396 266 1456 ἐντολήν
305 1419 355 1447 τε
399 1396 642 1465 εἰληφέναι
685 1399 732 1447 τί
774 1397 877 1464 εἴπῃ
917 1398 992 1446 καὶ
1031 1398 1073 1447 τί
1109 1397 1315 1463 λαλήσῃ.
1389 1393 1506 1459 πρὸς
1546 1392 1599 1443 δέ
1636 1413 1731 1456 γεᾶ
1770 1403 1845 1438 717
1860 1400 1910 1436 A·

103 1476 254 1546 τούτῳ
305 1479 487 1529 κάκεῖνο
533 1482 676 1529 εἰπεῖν
721 1476 944 1541 οἰήσομαι
990 1481 1098 1528 δεῖν·
1151 1478 1199 1527 ἐν
1237 1479 1401 1544 πολλῇ
1446 1474 1692 1542 προλήψει

102 1557 348 1624 γεγονότες
377 1558 592 1611 Ἰουδαῖοι
629 1561 735 1626 περὶ
773 1559 856 1611 τὸν
895 1557 1057 1623 νόμον,
1096 1561 1404 1622 λελαλῆσθαι
1441 1555 1572 1622 παρὰ
1610 1561 1693 1605 τοῦ

103 1644 228 1692 Θεοῦ
265 1641 569 1695 πιστεύοντες
604 1641 761 1704 αὐτὸν,
791 1641 874 1691 οὐκ
913 1640 970 1691 ἂν
1001 1640 1322 1709 παρεδέξαντο
1355 1645 1438 1691 τοῦ
1473 1640 1696 1704 Σωτῆρος

104 1721 213 1776 τοὺς
251 1723 440 1788 λόγους,
475 1728 538 1777 εἰς
575 1722 893 1788 πνευματικὴν
929 1722 1155 1789 λατρείαν
1186 1721 1602 1786 μεταπλάττοντος
1638 1717 1697 1768 τὰ

34 1829 84 1854 20
105 1802 256 1856 πάλαι
281 1805 579 1871 διωρισμένα.

183 1888 277 1937 Καὶ
301 1887 370 1940 τίς
402 1888 430 1950 ἡ
466 1886 711 1955 πρόφασις
745 1892 829 1937 τοῦ
862 1886 927 1950 μὴ
963 1885 1116 1937 θέλειν
1143 1884 1310 1939 αὐτοὺς
1336 1884 1700 1952 παραδέξασθαι

109 1969 192 2020 τὸν
228 1973 290 2022 εἰς
334 1968 560 2033 ἀλήθειαν
597 1973 692 2019 τῶν
736 1967 897 2018 τύπων
941 1967 1331 2030 μεταπλασμόν;
1392 1967 1474 2016 οὐκ
1521 1963 1701 2033 ᾔδεσαν

113 2048 233 2100 κατὰ
268 2049 418 2118 φύσιν
445 2049 558 2101 ὅντα
593 2049 732 2112 Θεὸν,
759 2050 869 2100 ἀλλ’
899 2048 1003 2100 οὐδὲ
1039 2046 1164 2116 εἶχον
1197 2052 1259 2101 εἰς
1295 2053 1418 2110 νοῦν,
1445 2046 1517 2098 ὅτι
1543 2045 1742 2111 Λόγοςῑ)

111 2130 177 2182 ὧν
202 2138 285 2182 τοῦ
321 2131 513 2198 Πατρὸς
549 2133 573 2182 ὁ
611 2129 890 2196 Μονογενὴς
925 2129 1010 2194 τὴν
1044 2129 1273 2196 ἡμετέραν
1306 2130 1360 2179 δι’
1391 2129 1510 2192 ἡμᾶς
1544 2125 1696 2197 πεφό-

37 2233 90 2275 ς25
113 2236 214 2279 ρεκε
253 2213 427 2279 σάρκα·
484 2213 512 2278 ἢ
551 2212 645 2279 γὰρ
683 2210 741 2262 ἂν
776 2212 909 2266 εὐθὺς
950 2211 1270 2264 ὑποπεσόντες
1303 2214 1424 2280 Θεῷ,
1451 2208 1571 2276 πρὸς
1608 2213 1704 2260 πᾶν

112 2295 267 2345 ὁτιοῦν
300 2296 535 2359 ἀμελλητὶ
572 2292 920 2358 μεθιστάμενοι,
947 2293 1033 2358 τὴν
1070 2294 1196 2362 αὐτῷ
1233 2290 1509 2358 πρέπουσαν
1547 2289 1700 2353 διετή-

116 2369 274 2441 ρησαν
299 2376 460 2445 δόξαν.
511 2375 658 2445 ᾤοντο
698 2375 746 2426 δὲ
783 2380 976 2438 μᾶλλον
1015 2380 1110 2426 τῶν
1143 2375 1250 2425 καθ’
1281 2374 1400 2438 ἡμᾶς
1435 2376 1476 2423 οἱ
1512 2373 1707 2423 δείλαιοι

121 2456 345 2524 ὑπάρχειν
369 2457 462 2519 ἕνα,
490 2460 565 2508 καὶ
591 2457 839 2523 ἄνθρωπον
865 2456 979 2507 ὄντα
1003 2455 1159 2525 ψιλὸν
1187 2457 1426 2524 φρονῆσαι
1452 2459 1703 2515 τοσοῦτον,

116 2541 178 2592 ὡς
217 2541 292 2589 καὶ
330 2538 495 2592 αὐτοῦς
532 2540 778 2605 ἐπιχειρεῖν
808 2537 915 2591 τοὺς
953 2536 1086 2603 παρὰ
1123 2543 1207 2588 τοῦ
1246 2540 1372 2586 Θεοῦ
1406 2538 1482 2585 καὶ
1516 2533 1709 2598 Πατρος

39 2646 96 2682 ¹¹30
116 2618 376 2686 παραλύειν
416 2619 597 2683 νόμους.
660 2623 735 2668 καὶ
776 2624 893 2683 γοῦν
934 2619 1101 2682 ἀνέδην
1146 2618 1361 2685 ἔφασκον
1403 2614 1522 2681 πρὸς
1567 2613 1709 2664 αὐτόν

117 2708 145 2731 “
173 2703 291 2766 Περὶ
324 2706 473 2751 καλοῦ
509 2700 648 2766 ἔργου
682 2701 736 2749 οὐ
771 2699 1022 2765 λιθάζομέν
1057 2721 1128 2760 σε,
1156 2697 1288 2748 ἀλλὰ
1325 2698 1431 2762 περὶ
1468 2699 1703 2762 βλασφη-
1772 2703 1924 2745 Suprax.

121 2789 149 2812 ι(
219 2783 230 2799 Ι
344 2781 365 2798 ΓΙ
510 2781 522 2796 X
585 2780 608 2798 ,Ι
881 2778 898 2797 ,Χ
1079 2783 1096 2792 ›—
1314 2776 1326 2790 Χ
1489 2775 1498 2789 Ι
1551 2776 1575 2791 ‚9
1692 2774 1704 2790 x
1769 2756 1821 2787 33·

175 2805 296 2846 μιας,
342 2805 413 2833 οτι
463 2804 528 2832 συ
573 2785 819 2847 ανθρωπος
863 2803 928 2830 ων
971 2802 1117 2832 ποιεις
1162 2800 1364 2829 σεαυτον
1404 2780 1545 2827 Θεον.
1635 2777 1748 2830 διαρ

174 2898 203 2921 1.
228 2889 329 2920 λαλεῖ
346 2887 387 2921 τὰ
404 2887 439 2920 δέ
458 2886 500 2921 Ε.
644 2885 676 2920 6.
702 2886 735 2919 τί
752 2896 815 2929 pro
833 2885 871 2918 τὸ
889 2885 932 2918 Ε.
1082 2893 1135 2928 15.
1163 2882 1309 2926 λαλήσει
1328 2881 1370 2916 E.
1523 2892 1577 2923 24.
1601 2881 1712 2925 πεφό-

125 2948 203 2977 ρηκε
221 2933 420 2968 emendavit
438 2933 572 2978 Migne.
718 2942 774 2976 30.
800 2931 918 2974 ἀνέδην
935 2930 977 2965 Ε.
996 2930 1135 2974 ἀναίδην
1153 2929 1220 2965 Ed.

856 2998 980 3026 XXZ
