1971 3272
691 642 1008 690 ΚΕΦΑΛΗ
1067 644 1121 691 E.
1715 655 1737 681 o

164 813 258 854 “On
289 814 357 855 οὐκ
389 815 563 857 ἐλάττων
594 818 636 857 ἐν
668 817 828 868 δυνάμει
859 818 920 858 καὶ
951 819 1074 873 σοφίᾳ
1104 822 1171 859 τοῦ
1203 821 1312 860 Θεοῦ
1342 818 1404 859 καὶ
1437 818 1594 870 Πατρὸς
1625 821 1645 858 ὁ

355 894 464 945 Ύὶὸς,
493 898 650 946 μᾶλλον
681 898 722 937 δὲ
755 897 868 939 αὐτὸς
899 899 1022 950 σοφία
1054 899 1115 939 καὶ
1146 899 1303 949 δύναμις
1335 898 1463 938 αὐτοῦ.

117 1055 192 1096 Καὶ
225 1055 292 1096 ἀπ’
330 1056 516 1104 ἐμαυτοῦ
552 1055 665 1097 ποιῶ
699 1054 837 1105 οὐδὲν,
869 1055 980 1096 ἀλλὰ
1019 1056 1161 1097 καθὼς
1196 1055 1364 1097 ἐδίδαξε
1399 1071 1449 1103 με
1484 1055 1506 1097 ὁ
1538 1054 1700 1111 Πατὴρ,

72 1139 93 1176 5
755 1142 888 1180 ταῦτα
927 1139 1063 1179 λαλῶ.

190 1261 398 1308 ΛΑΛΕΙ
427 1256 510 1321 μὲν
536 1257 963 1323 ἀνθρωπινώτερον,
991 1259 1078 1324 οὐχ
1114 1258 1276 1323 ἑτέρως
1313 1256 1518 1307 συνιέναι
1555 1260 1694 1307 δυνα-

113 1339 265 1402 μένων
290 1343 384 1389 τῶν
409 1338 662 1402 Ἰουδαίων,
688 1341 792 1390 οὔτε
827 1338 921 1402 μὴν
951 1342 1163 1404 ἀκρατῶς
1202 1338 1376 1390 ἐπαΐειν
1407 1340 1700 1405 ἀνεχομένων
1718 1345 1743 1385 d

113 1422 222 1486 παρ’
252 1422 394 1471 αὐτοῦ
418 1420 478 1471 τὰ
503 1423 753 1487 θεοπρεπῆ.
809 1422 883 1472 ἐπὶ
908 1420 1002 1487 γὰρ
1028 1421 1251 1471 τοιούτων
1278 1423 1352 1471 καὶ
1383 1421 1532 1473 λίθοις
1560 1419 1701 1470 αὑτὸν

114 1506 588 1571 κατασφενδονῶντες
627 1503 922 1565 ἁλίσκονται,
959 1505 1284 1571 βλασφημίαν
1322 1504 1464 1553 αὐτοῦ
1509 1503 1697 1567 καθορί-

49 1601 97 1625 10
113 1584 280 1651 ζοντες,
307 1583 466 1650 ὅτιπερ
497 1583 745 1650 ἅνθρωπος
780 1582 858 1646 ὧν,
886 1583 1051 1635 ἑαυτὸν
1077 1585 1218 1635 ἐποίει
1253 1583 1390 1636 Θεόν.
1457 1583 1700 1652 ὑπεξελὼν

113 1671 361 1732 τοιγαροῦν
387 1669 469 1730 τῆς
497 1670 781 1733 θεοπρεποῦς
806 1665 942 1734 ἀξίας
969 1666 1022 1717 τὸ
1049 1671 1228 1728 πλεῖον,
1257 1668 1333 1716 καὶ
1358 1665 1486 1717 πολὺ
1511 1669 1594 1729 τῆς
1626 1668 1700 1716 ἐπὶ

114 1748 263 1818 τούτῳ
302 1748 636 1814 λαμπρότητος
670 1748 979 1816 ἀπαμφιέσας
1014 1747 1096 1798 τὸν
1121 1746 1285 1813 λόγον,
1313 1752 1414 1801 ταῖς
1439 1752 1535 1798 τῶν
1561 1749 1700 1814 ἀκρο-

114 1830 304 1893 ωμένων
330 1829 590 1883 ἀσθενείαις
623 1830 671 1880 εὖ
706 1829 840 1892 μάλα
875 1829 1238 1892 συμπλάττεται
1274 1832 1364 1893 καὶ,
1392 1830 1578 1895 ἐπείπερ
1615 1828 1701 1893 τὴν

114 1912 316 1963 ἐνοῦσαν
353 1913 508 1964 αὐτοῖς
548 1909 756 1962 διάνοιαν
787 1913 983 1976 ἐρευνῶν
1017 1913 1218 1977 εὑρίσκει
1250 1910 1375 1962 Θεὸν
1401 1912 1484 1962 οὐκ
1522 1909 1701 1964 εἰδότας

50 2007 97 2045 15
116 1991 272 2056 αὐτὸν,
315 1995 697 2059 ἀνθρωποπρεπῆ
749 1998 946 2044 ποιεῖται
990 1992 1074 2044 τὸν
1120 1993 1282 2058 λόγον,
1328 1994 1403 2043 ’ἵνα
1444 1992 1509 2056 μὴ
1553 1992 1741 2043 πάλινο

116 2075 272 2128 αὐτοῖς
308 2079 370 2128 εἷς
409 2073 557 2141 ὀργὴν
587 2075 852 2125 ἀνακαίοιτο
886 2074 945 2125 τὰ
982 2075 1276 2142 φρονήματα,
1314 2077 1388 2124 καὶ
1428 2079 1511 2124 τοῦ
1547 2096 1703 2139 προσ-

117 2156 313 2222 εδρεύειν
337 2155 423 2207 κᾶν
449 2163 564 2222 γοῦν
591 2159 640 2207 ἐκ
666 2157 833 2223 με’ρους
860 2157 986 2207 αὐτῶ
1011 2156 1300 2223 παραλόγως
1327 2154 1700 2219 ἀποπηδήσειαν.

116 2239 367 2303 γνώσεσθε
406 2240 561 2290 τοίνυν
586 2239 776 2338 Μφησίν
779 2245 805 2268 “
826 2239 940 2290 ὅταν
979 2239 1209 2307 ὑψώσητε
1247 2261 1329 2289 τον
1365 2237 1464 2289 υιὸν
1502 2243 1585 2287 τοῦ
1623 2239 1703 2287 ἀν-

118 2327 145 2349 “
149 2320 361 2387 θρώπου
400 2343 472 2371 οτι
509 2320 601 2386 ἐγώ
641 2321 776 2384 εὶμι·”
831 2320 1080 2385 γνώσεσθε
1120 2320 1267 2371 πάλιν
1298 2321 1481 2384 ὁμοίως,
1515 2341 1585 2369 οτι
1618 2322 1701 2369 ἀπ’

52 2421 101 2445 20
118 2403 309 2470 εμοιυτοῧ
348 2427 458 2454 ποιω
497 2399 622 2465 οὐδὲν,
660 2401 795 2453 ἀλλα
841 2401 985 2456 καθὼς
1032 2400 1217 2471 ἐθίθσιξέ
1247 2425 1305 2469 με
1346 2407 1364 2452 ὁ
1406 2400 1558 2469 Πατὴρ
1600 2400 1705 2451 οὕτω

117 2483 270 2535 λαλῶ.

195 2567 290 2616 Καὶ
322 2565 391 2619 τίς
430 2565 459 2629 ἡ
494 2567 627 2634 χρεία
661 2570 755 2617 τῶν
780 2567 1002 2617 τοιούτων
1027 2564 1248 2631 ῥημάτων
1273 2563 1375 2614 εἶπέ
1401 2586 1495 2626 μοι,
1521 2564 1617 2628 ἐρεῖ
1637 2584 1705 2615 τις

119 2646 280 2713 τυχόν·
340 2648 389 2697 τί
430 2647 477 2697 δὲ
521 2646 669 2698 πάλιν
713 2648 761 2697 ἐν
805 2647 984 2699 τούτοις
1027 2645 1238 2696 διδάσκει
1284 2645 1404 2708 ἡμᾶς
1449 2642 1697 2709 Χριστός;

167 2798 201 2832 3.
228 2787 327 2822 αὐτὸς
345 2787 456 2832 σοφία
475 2786 518 2820 Β.
536 2787 731 2831 αὖτοσοφία
750 2787 870 2821 Holst.
889 2786 956 2820 Ed.
1162 2787 1194 2819 8.
1222 2785 1276 2819 ἐπὶ
1293 2785 1359 2829 γὰρ
1378 2785 1539 2820 τοιούτων
1556 2788 1649 2819 recte
1666 2791 1707 2819 ut

120 2834 192 2868 vid.
211 2833 409 2867 emendavit
430 2833 493 2868 Ht.
512 2833 585 2867 ἐπεὶ
601 2834 667 2877 γάρ
685 2847 737 2866 τοι
755 2832 842 2867 οὕτω
861 2832 903 2866 Β.
985 2833 1086 2867 αὐτὸν
1104 2832 1146 2866 Β.
1165 2833 1268 2866 αὐτοῦ
1288 2831 1353 2865 Ed.
1522 2843 1575 2866 11.
1601 2833 1702 2876 τῆς-

120 2881 360 2925 λαμπρότητος
378 2880 420 2914 Β.
442 2879 506 2913 Ht.
525 2880 827 2924 τῇ--λαμπρότητι
844 2879 939 2913 Aub.
1118 2879 1171 2913 16.
1198 2879 1389 2913 ἀνακαίοιτο
1410 2878 1451 2913 Β.
1473 2878 1537 2913 Ht.
1555 2878 1706 2913 ἀνακαίοι

121 2926 215 2961 Aub.
362 2927 415 2960 18.
441 2925 552 2961 τοίνυν
571 2926 612 2960 Β.
634 2925 696 2960 Ht.
716 2927 756 2959 τὰ
774 2928 832 2960 νῦν
848 2925 942 2959 Aub.
