1971 3272
659 674 976 723 ΚΕΦΑΛΗ
1041 674 1092 722 Γ.
1690 670 1717 710 d

75 853 172 896 ‘'Ore.
203 855 246 895 οὐ
278 857 342 905 τῆς
365 853 567 894 Ἰουδαίων
596 853 732 906 ἰσχύος
764 852 882 905 ἔργον
912 851 960 903 ἦν
991 851 1034 891 τὸ
1067 851 1130 891 ἐπὶ
1160 852 1313 905 σταυρῷ
1345 848 1482 899 πάθος,
1514 849 1602 890 οὐδὲ
1632 850 1672 889 ἐκ

196 930 263 978 τῆς
293 945 412 968 τινων
439 928 669 978 πλεονεξίας
700 926 894 967 ἀπέθανεν
921 927 941 966 ὁ
971 924 1156 977 Χριστὸς,
1183 923 1272 964 ἀλλ’
1302 922 1414 967 αὐτὸς
1446 924 1544 964 ἑκὼν
1576 923 1672 975 ὑπὲρ

199 1000 307 1052 ἡμῶν
338 1003 450 1041 τοῦτο
481 999 695 1050 πέπονθεν,
725 1000 788 1040 ἵνα
818 999 965 1042 πάντας
996 999 1186 1053 διασώσῃ.

43 1157 231 1210 5Ταῡτο(
275 1156 324 1198 τὰ
371 1157 539 1214 ῥύματα
582 1156 794 1198 ἐλάλΗσεν
834 1156 879 1198 ἐν
922 1157 984 1209 τῷ
1026 1152 1325 1212 Γαζοφυλακίῳ
1366 1152 1582 1195 διδάσκων
1626 1152 1670 1192 ὲν
1696 1169 1744 1193 20

152 1242 214 1294 τῷ
264 1237 378 1297 ἱερῷ,
423 1239 491 1281 καὶ
539 1240 680 1283 οὐδεὶς
722 1240 896 1282 ἐπίασεν
941 1238 1084 1290 αὐτὸν,
1128 1240 1192 1281 ὅτι
1236 1238 1359 1278 οὔπω
1400 1237 1603 1278 ἐλΗλύθε-ῖι
1646 1235 1668 1275 ἡ

154 1325 247 1380 ὥρα
287 1323 430 1365 αὐτοῦ.

1694 1393 1715 1419 e

160 1455 655 1506 ἈΠΟΛΟΓΕΙΤΑΙ
682 1453 929 1522 χρησίμως
962 1451 1076 1519 ὑπὲρ
1111 1458 1194 1503 τοῦ
1228 1452 1466 1519 σωτηρίου
1497 1449 1676 1503 πάθους

89 1537 115 1587 ὃ
150 1536 435 1605 σοφώτατος
472 1535 847 1603 Εὑαγγελιστὴς,
874 1537 947 1586 καὶ
983 1534 1066 1586 τὸν
1092 1537 1167 1586 ἐπὶ
1202 1538 1268 1604 τῷ
1302 1538 1496 1602 σταυρῷ
1530 1556 1671 1598 γεγο-

22 1642 70 1668 10
95 1619 208 1670 νότα
244 1619 446 1670 θάνατον
473 1620 555 1670 οὐκ
589 1619 646 1688 ἐξ
679 1619 975 1685 ἀνθρωπίνης
1013 1618 1234 1684 ἀνάγκης,
1262 1616 1408 1682 ἤγουν
1435 1616 1491 1685 ἐξ
1522 1615 1680 1681 ἑτέρας

89 1701 370 1770 πλεονεξίας
404 1700 682 1765 ἀβουλήτως
721 1701 990 1752 ἐπιδεικνύει
1027 1699 1110 1750 τὸν
1144 1698 1348 1750 θάνατον
1382 1698 1465 1750 τὸν
1490 1699 1681 1762 Ἰησοῦν

91 1783 319 1846 παθόντα,
365 1783 529 1834 ἑαυτὸν
570 1783 617 1835 δὲ
660 1788 850 1847 μᾶλλον
893 1781 1008 1849 ὑπὲρ
1054 1783 1186 1846 ἡμῶν
1226 1779 1438 1847 καθάπερ
1484 1780 1681 1844 ἄμωμον

94 1869 220 1928 θῦμα
256 1870 322 1934 τῷ
355 1869 462 1935 Θεῷ
498 1868 574 1916 καὶ
608 1867 764 1932 Πατρὶ
799 1864 875 1914 διὰ
908 1864 994 1929 τὴν
1026 1865 1226 1915 ἐνοῦσαν
1259 1864 1384 1932 αὐτῷ
1417 1863 1523 1928 περὶ
1560 1863 1681 1925 ἡμᾶς

96 1946 286 2013 ἀγάπην
310 1946 700 2014 ἱερουργήσαντα.
755 1945 911 2010 ἐπειδὴ
945 1946 1037 2012 γὰρ
1074 1945 1163 1996 ε”δει
1196 1949 1375 2006 παθεῖν,
1403 1946 1524 1996 οὕτω
1558 1951 1676 2007 μελ-

27 2041 73 2079 15
98 2030 279 2094 λούσης
305 2028 650 2096 ἀνατρέπεσθαι
673 2031 755 2092 τῆς
780 2027 1060 2079 ἐπεισάκτου
1087 2031 1270 2097 φθορᾶς
1307 2029 1382 2077 καὶ
1413 2029 1495 2090 τῆς
1523 2027 1674 2093 ἁμαρ·
1698 2052 1720 2076 a
1749 2042 1836 2077 497
1852 2040 1903 2074 A,

95 2114 196 2166 τίας
235 2114 311 2163 καὶ
348 2117 432 2163 τοῦ
471 2110 688 2174 θανάτου,
716 2110 910 2162 δέδωκεν
940 2109 1220 2175 ἀντίλυτρον
1251 2108 1416 2160 ἑαυτὸν
1451 2107 1566 2173 ὑπὲρ
1600 2110 1682 2171 τῆς

96 2194 318 2245 ἁπάντων
357 2193 490 2260 ζωῆς.
539 2198 672 2246 ποῖος
710 2193 792 2244 οὖν
830 2192 921 2258 ἄρα
962 2191 1106 2258 λόγος
1144 2194 1192 2242 ἐν
1231 2196 1327 2245 τοῖς
1364 2189 1684 2256 προκειμένοις

99 2277 400 2342 εὑρεθήσεται
425 2279 491 2345 τῷ
516 2275 736 2344 σωτηρίῳ
763 2273 1098 2340 συναγορεύων
1122 2271 1276 2336 πάθει,
1303 2273 1351 2323 τί
1374 2272 1421 2323 δὲ
1449 2273 1473 2322 ὁ
1501 2269 1684 2323 σκοπὸς

94 2362 189 2408 τῶν
212 2360 259 2408 ἐν
285 2358 435 2427 τούτῳ
464 2356 779 2424 θεωρημάτων
806 2357 954 2407 ὠδίνει
982 2355 1036 2406 τὸ
1062 2354 1314 2423 χρήσιμον,
1343 2354 1479 2404 ἄκουε
1514 2351 1678 2404 πάλιν.

29 2459 77 2485 20
97 2442 241 2491 ταῦτα
278 2439 371 2506 γάρ
411 2444 562 2508 φησιν
596 2438 756 2490 ἐλάλει
795 2437 853 2490 τέι
889 2441 1066 2508 ῥήματά
1098 2436 1313 2504 Χριστὸς
1351 2437 1433 2486 οὐκ
1472 2433 1563 2503 ἔξω
1602 2436 1685 2496 τῆς·

95 2520 425 2588 Ἰερουσαλὴμ,
454 2520 557 2572 οὐδὲ
593 2524 655 2574 εἷς
688 2519 832 2572 πόλιν
857 2519 962 2570 τινὰ
987 2523 1082 2570 τῶν
1107 2519 1414 2586 περιοικίδων,
1441 2516 1552 2567 ἀλλ’
1581 2514 1685 2565 οὐδὲ

97 2607 157 2656 εἰς
194 2603 337 2654 πόλιν
368 2601 397 2666 ὴ
433 2607 495 2656 εἰς
528 2602 690 2667 κώμην
714 2605 797 2667 τῆς
823 2603 1050 2655 Ἰουδαίας
1086 2601 1404 2665 ἀσημοτέραν,
1432 2598 1540 2663 παρ’
1570 2594 1683 2646 αὐτὸ

147 2764 180 2798 6.
208 2763 368 2807 ἐληλύθει
387 2763 428 2797 Β.
448 2762 614 2806 ἐλήλυθεν
633 2763 749 2797 Holst.
769 2762 836 2796 Ed.
994 2773 1045 2796 11.
1073 2762 1132 2794 τὸν
1147 2760 1282 2803 Ἰησοῦν
1299 2759 1496 2793 emendavit
1513 2771 1531 2792 e
1550 2757 1626 2792 Cat.
1646 2764 1685 2791 ut

100 2810 172 2845 vid.
191 2810 286 2844 Aub.
305 2816 338 2844 et
355 2810 402 2843 'lta
419 2821 449 2844 a.
467 2811 527 2843 τοῦ
543 2808 659 2851 Ἰησοῦ
679 2809 721 2842 Β.
744 2808 806 2842 Ht.
973 2818 1026 2850 15.
1052 2807 1300 2851 ἀνατρέπεσθαι
1322 2806 1395 2840 B.a.
1418 2805 1480 2840 Ht.
1498 2804 1684 2849 ἀνατραπέ-

100 2858 182 2892 σθαι
200 2857 294 2891 Aub.
413 2856 466 2890 16.
492 2857 611 2889 ἑαυτὸν
628 2855 827 2900 ἀντίλυτρον
844 2855 981 2889 inverso
1002 2854 1123 2887 ordine
1141 2865 1171 2888 a.
1294 2862 1348 2897 17.
1373 2851 1620 2897 προκειμένοις]
1645 2855 1681 2890 -ff-

100 2906 197 2939 ποῖος
214 2903 272 2937 οὖν
289 2904 353 2948 ἄρα
370 2904 475 2948 λόγος
494 2901 574 2946 (sic)
596 2902 637 2937 B.
797 2902 848 2935 18.
876 2900 1095 2945 εὑρεθήσεται
1112 2906 1334 2945 assumptum
1352 2911 1393 2933 ex
1412 2911 1443 2933 a.
1524 2899 1557 2932 τί
1575 2898 1618 2932 Β.
1635 2898 1685 2932 τίς

103 2950 168 2984 Ht.
187 2950 254 2984 Ed.
402 2961 456 2994 19.
483 2949 592 2984 ὠδίνει
612 2948 653 2982 Β.
675 2948 737 2982 Ht.
758 2945 886 2982 ὠδίνειν
904 2947 998 2981 Aub.

157 3015 250 3045 VOL.
274 3017 322 3044 ΙΙ.
908 3015 932 3042 Β
