2037 3266
95 236 201 287 Supra

95 290 159 330 846
171 301 198 322 c.

101 1545 208 1586 Supra,

101 1600 169 1620 ver.
186 1589 216 1619 8.

105 1972 158 2004 Ib.
173 1982 203 2013 9,
222 1980 268 2001 10.

107 2203 214 2244 Supra
229 2215 262 2234 x.

111 2255 163 2286 30.

316 135 400 175 520
718 134 766 175 B.
802 134 1079 175 CYRILLI
1123 134 1502 176 ALEXANDR.
1726 133 1810 173 xiv.
1832 132 1897 174 28.

317 239 494 306 λόγοις.
548 241 828 311 ἀποδέχεται
866 243 951 307 μὲν
989 243 1082 309 γὰρ
1121 242 1203 295 τὸν
1228 241 1358 306 Υὶὸν,
1393 245 1455 296 ὡς
1495 241 1580 306 τὴν
1619 242 1744 310 αὐτῷ
1782 241 1895 306 πρέ-

317 346 508 374 πουσαν
551 326 916 390 εὐγνωμοσύνην
961 325 1324 392 διατηρήσαντα,
1363 329 1430 394 τῷ
1473 328 1615 376 εἰπεῖν
1652 326 1709 374 ‘O
1752 320 1903 390 Ποιτῆρ

317 407 474 476 μείζων
512 431 597 473 μου
639 406 747 457 ἐστί·
796 407 1017 473 θαυμάζω
1057 406 1106 457 δὲ
1145 407 1271 460 ὅπως
1311 407 1414 457 οὐδὲ
1453 407 1596 456 ἐκεῖνο
1635 406 1754 456 κατὰ
1794 409 1903 454 νοῦν

319 488 602 557 εἰσεδέξατο.
652 488 699 538 τί
730 488 823 554 γὰρ
857 488 914 552 ἦν
949 488 1073 542 ὅλως
1107 489 1162 539 τὸ
1197 491 1447 539 ἀναπεῖθον
1479 487 1620 539 αὐτὸν
1658 486 1905 552 θεολογίας

319 569 546 638 ἅψασθαι
590 573 702 632 νυνὶ,
742 570 890 621 καίτοι
929 570 982 621 τὸ
1022 570 1184 636 καιρὸν
1222 571 1386 621 εἰδέναι
1424 570 1506 621 τὸν
1544 570 1785 635 πρέποντα
1828 569 1944 621 καὶ5

274 650 470 717 1ᾶλόγου
505 655 581 702 καὶ
617 651 897 718 πράγματος
936 654 1019 703 οὐκ
1057 654 1104 703 ἐν
1136 657 1202 722 τῷ
1241 654 1402 718 μηδενὶ
1442 653 1540 716 θείη
1575 653 1644 706 τίς
1678 649 1750 713 ἂν,
1777 650 1820 701 εἴ
1849 672 1904 714 γε

320 735 614 800 σωφρονοίη.
671 736 719 784 τί
741 735 823 784 οὖν
850 735 938 785 ἔδει
964 737 1046 798 τῆς
1073 737 1218 788 οὕτως
1254 736 1447 799 ἀκαίρου
1483 734 1729 799 θεολογίας
1764 734 1902 782 ἀνιω-

320 815 474 878 μένοις
500 821 595 869 τοῖς
621 820 864 881 μαθηταῖς,
881 819 1068 884 ἐπείπερ
1095 817 1291 880 ἔμελλεν
1317 819 1576 881 ἀποδημεῖν
1601 813 1694 866 ἀπὸ
1721 813 1906 878 κόσμου

320 896 440 964 πρὸς
478 896 561 949 τὸν
589 899 784 965 Πατέρα
815 902 890 950 καὶ
923 899 1079 960 Θεόνς
1120 905 1256 951 ποῖον
1288 898 1382 966 γὰρ
1422 897 1479 950 ἂν
1516 898 1716 949 ε’ποίσειε
1754 919 1907 963 παρα-

320 980 490 1042 μυθίας
517 980 693 1046 τρόπον
720 982 876 1034 αὐτοῖς
903 981 956 1032 τὸ
984 987 1182 1048 πρᾶγμα
1209 981 1352 1048 τυχόν
1374 1003 1386 1043 ;
1432 980 1537 1031 ἄνθ’
1568 979 1677 1031 ὅτου
1710 980 1751 1030 δ’
1782 978 1906 1032 ὅλως
1928 1004 1977 1029 10

322 1064 573 1128 μονονουχὶ
607 1065 682 1113 καὶ
717 1068 1007 1114 καταιτιᾶται
1040 1064 1196 1129 λέγων
1225 1069 1273 1114 Ei
1302 1061 1528 1129 ἧγαπῖιτὲ
1546 1086 1618 1130 με,
1647 1060 1828 1131 ἐχάρητε
1856 1058 1908 1112 ὀὲν

322 1143 384 1194 ’ότι
421 1144 658 1213 πορεύομαι
697 1146 802 1214 προς
837 1144 902 1198 τον
932 1146 1124 1215 Πατέρα,
1151 1146 1213 1197 ’ότι
1243 1153 1259 1197 ὁ
1292 1145 1441 1214 Πατὴρ
1469 1146 1625 1214 μειζων
1651 1169 1735 1208 μου
1762 1144 1905 1204 ἓστῖνς

323 1223 413 1291 ἆρα
452 1225 560 1293 γὰρ,
600 1227 703 1277 εἰπέ
734 1251 828 1291 μοι,
861 1230 1123 1279 διακεῖσθαι
1160 1233 1299 1279 τοῦτο
1339 1226 1459 1294 πρὸς
1501 1226 1730 1290 θυμηδίαν
1769 1225 1909 1276 ἐποίει

283 1326 305 1354 0
323 1306 431 1362 τοὺς
456 1308 684 1372 μαθητὰς,
711 1308 740 1374 ἢ
777 1313 860 1373 τῆς
894 1312 1015 1361 οὕτω
1052 1310 1279 1378 φιλοθέου
1311 1311 1465 1373 λύπης
1491 1308 1812 1372 ἀπήλλαττεν,
1838 1306 1910 1357 ὅτι

323 1389 430 1459 προς
465 1390 532 1441 τον
565 1390 751 1456 μείζονα
786 1392 966 1460 Πατέρα,
1004 1392 1279 1458 πορεύεται,
1323 1390 1421 1443 εἶτα
1455 1395 1591 1443 ποῖον
1624 1390 1802 1441 κατίδοι
1841 1412 1910 1443 τις
1929 1412 1977 1450 15

324 1469 381 1521 ἂν
407 1470 490 1522 τὸν
516 1475 598 1536 τῆς
632 1474 932 1539 παραμυθίας
973 1477 1021 1524 ἐν
1051 1474 1201 1543 τούτῳ
1235 1473 1441 1540 τρόπους
1484 1473 1631 1524 καίτοι
1665 1472 1911 1523 Φιλίππου

324 1553 408 1616 μὲν
437 1554 654 1620 ἐρομένου
680 1558 754 1606 καὶ
783 1556 1005 1621 λέγοντος
1033 1564 1061 1586 “
1084 1556 1242 1623 Κύριε,
1270 1557 1424 1624 δεῖξον
1452 1556 1562 1619 ἡμῖν
1588 1553 1670 1605 τὸν
1698 1553 1907 1618 Πατέρα,

325 1643 351 1664 “
378 1638 453 1686 καὶ
492 1638 626 1702 ἀρκεῖ
656 1637 804 1700 ἡμῖν,”
833 1638 939 1688 τότε
975 1637 1031 1702 δὴ
1065 1639 1170 1690 τότε
1209 1640 1285 1689 καὶ
1323 1640 1432 1688 λίαν
1463 1638 1697 1702 εὐκαίρως,
1733 1634 1815 1686 ἅτε
1854 1634 1910 1699 δὴ

325 1720 400 1768 καὶ
434 1724 517 1768 τοῦ
551 1721 634 1782 τῆς
670 1721 918 1784 θεολογίας
953 1720 1260 1785 ἐνεστηκότος
1294 1725 1468 1786 καιροῦ,
1493 1719 1576 1770 τὸν
1604 1718 1796 1784 Πατέρα
1825 1717 1911 1781 μὲν

325 1802 374 1850 ἐν
400 1799 548 1869 ἑαυτῷ
587 1799 776 1863 δεικνὺς,
803 1801 968 1852 ἑαυτὸν
1000 1801 1048 1852 δὲ
1085 1803 1143 1853 αὖ
1175 1801 1324 1853 πάλιν
1357 1804 1405 1852 ἐν
1436 1806 1502 1870 τῷ
1532 1803 1701 1866 Πατρῖ,
1729 1804 1804 1851 καὶ
1840 1800 1910 1851 ὅτι
1931 1828 1982 1853 20

328 1882 426 1932 κατ’
468 1881 600 1932 οὐδὲν
637 1882 847 1934 ἐλάττων
887 1885 1017 1935 ἐστὶν
1056 1885 1212 1947 αὐτοῦ,
1252 1887 1310 1950 τῇ
1350 1883 1396 1934 δέ
1436 1882 1555 1934 κατὰ
1592 1887 1689 1933 πᾶν
1727 1881 1912 1947 ἰσότητι

330 1963 599 2030 διαπρεπὴς,
640 1966 822 2034 ἔφασκε
862 1973 887 1995 “
909 1966 1142 2035 Τοσούτῳ
1185 1965 1338 2035 χρόνῳ
1379 1967 1484 2029 μεθ’
1527 1967 1655 2028 ὑμῶν
1694 1969 1797 2028 εἰμι,
1837 1967 1912 2015 καὶ

285 2053 358 2092 (1“
385 2047 468 2097 οὐκ
510 2047 715 2112 ἔγνωκάς
755 2071 826 2111 με,
868 2049 1113 2110 Φίλιππε;
1171 2050 1195 2098 ὁ
1241 2048 1455 2115 ἑωρακώς
1494 2049 1573 2111 ἐμε
1613 2047 1783 2113 ἑώρακε
1829 2047 1913 2098 τὸν

332 2134 359 2156 “
388 2127 594 2193 Πατέρα·
637 2129 691 2179 οὐ
721 2130 955 2184 πιστεύεις
987 2131 1057 2181 ὅτι
1093 2130 1184 2195 ἐγὼ
1221 2132 1268 2180 ἐν
1294 2133 1360 2198 τῷ
1391 2131 1544 2195 Πατρῖ
1579 2132 1653 2179 καὶ
1690 2131 1714 2179 ὁ
1744 2128 1913 2195 Πατὴρ

335 2215 361 2239 “
386 2211 434 2260 ἐν
465 2211 568 2272 ἐμοί
603 2212 764 2273 ἐστιν,
813 2212 903 2277 ἐγὼ
942 2216 1017 2262 καὶ
1057 2213 1081 2262 ὁ
1124 2211 1292 2277 Πατὴρ
1332 2211 1379 2261 ἕν
1413 2212 1597 2274 ἐσμεν.”
1639 2210 1770 2261 ἀλλὰ
1807 2212 1912 2263 τότε
1934 2230 1982 2269 25

331 2290 418 2354 μὲν
443 2293 663 2356 εὐκαίρως
688 2290 769 2343 τὸν
796 2295 869 2343 ἐπὶ
903 2294 1083 2346 τούτοις
1114 2294 1222 2356 ἡμῖν
1249 2293 1513 2361 ἐξυφαίνων
1541 2292 1700 2356 λόγον,
1729 2293 1914 2346 εἰκότως

331 2372 627 2439 ἐθαυμάζετο·
669 2377 766 2424 νυνὶ
805 2373 853 2425 δὲ
891 2379 1026 2426 ποῖον
1056 2375 1148 2441 ἔχει
1182 2373 1235 2424 τὸ
1272 2379 1470 2439 πρᾶγμα
1508 2372 1684 2439 καιρὸν,
1714 2372 1742 2438 ἢ
1777 2379 1912 2425 ποῖον

333 2453 456 2508 ὅλως
490 2454 747 2523 ἐπιδέξεται
783 2455 1035 2520 λογισμὸν,
1061 2455 1089 2520 ἦ
1117 2457 1379 2518 βούλεσθαι
1404 2455 1489 2519 μὲν
1515 2454 1600 2520 τὴν
1625 2457 1673 2506 ἐν
1697 2461 1792 2509 τοῖς
1822 2479 1913 2520 μα-

333 2540 495 2600 θηταῖς
537 2536 819 2602 καταραίσαι
859 2537 1030 2601 λύπην,
1063 2537 1291 2607 φάρμακα
1331 2536 1379 2588 δὲ
1414 2535 1576 2603 ὥσπερ
1614 2537 1912 2603 παραμυθίας

334 2619 489 2671 αὐτοῖς
528 2619 736 2681 ἐπινοεῖν,
767 2618 821 2669 τὸ
860 2620 1075 2688 ἐπιτάξαι
1114 2620 1304 2686 χαίρειν,
1337 2621 1398 2670 ’ότι
1439 2619 1663 2689 πορεύεται
1701 2620 1808 2688 προς
1845 2619 1912 2670 τὶν
1934 2641 1983 2677 3ο

295 2698 547 2768 θΠοιτεροι;
604 2697 674 2766 ἆρ’
716 2701 797 2751 οὖν
838 2702 921 2751 οὐκ
966 2702 1023 2752 ἂν
1069 2702 1249 2767 γένοιτο
1292 2703 1365 2752 καὶ
1409 2706 1504 2754 τοῖς
1547 2702 1657 2751 λίαν
1701 2700 1913 2765 ἀνοήτοις

382 2843 414 2876 3.
440 2847 505 2875 μου
522 2833 643 2876 μείζων
660 2833 733 2869 ἔστι
754 2833 794 2868 E.
956 2846 1007 2869 12.
1033 2850 1097 2878 μου
1115 2835 1235 2878 μείζων
1254 2835 1294 2868 Ε.
1454 2846 1506 2877 14.
1533 2834 1800 2877 ἀντῖπήλλαττεν
1816 2834 1912 2878 prius

334 2879 473 2922 selipsit
492 2880 532 2912 Ε.
679 2892 731 2915 20.
759 2881 794 2914 δέ
815 2881 855 2915 E.
874 2880 900 2914 δ’
922 2881 987 2915 Ed.
1134 2893 1187 2916 22.
1214 2882 1395 2925 διαπρεπές
1416 2881 1455 2915 Ε.
1599 2881 1653 2914 28.
1682 2880 1851 2923 ἐπιδέξετε
1872 2881 1912 2915 Ε.

337 2935 390 2967 29.
418 2926 595 2969 φάρμακον
614 2926 653 2959 E.
