2022 3272
90 144 263 186 xiv.11.
336 144 412 185 IN
454 145 497 186 S.
531 145 874 186 JOANNEM.
939 145 1064 186 mn.
1100 146 1177 186 IX.
1240 146 1372 187 CAP.
1408 146 1441 185 Ῑ.
1599 146 1683 184 413

90 256 191 307 πῶς
227 252 322 320 γὰρ
361 253 418 305 ἂν
451 254 518 318 εἰἠ
550 254 685 316 Θεὸς,
713 255 738 304 ὁ
771 253 835 318 μὴ
867 256 917 304 ἐκ
951 258 1074 304 Θεοῦ
1113 254 1232 304 κατὰ
1272 255 1421 322 φύσιν
1455 276 1677 319 γεγεννη-

90 335 258 398 μένοςς
312 335 443 400 πλὴν
481 338 626 387 ἐκεῖνο
670 337 874 402 λέγομεν
913 334 1040 387 Θεὸν
1078 334 1192 386 εἶναι
1235 336 1331 404 φῂς
1373 336 1492 387 κατὰ
1533 336 1722 403 φύσινιι
1753 351 1904 386 792Α.

91 415 174 468 τὸν
200 416 334 468 Υὶόν·
381 423 482 472 πῶς
519 419 600 469 οῦν
633 417 690 469 ἂν
722 418 789 482 εἴη
826 418 1055 487 θεοφόρος
1094 417 1241 483 ἤγουν
1265 422 1391 468 Θεοῦ
1426 417 1622 485 μέτοχος
1659 420 1683 468 ὁ

92 498 213 549 κατὰ
248 499 399 568 φύσιν
427 499 578 562 Θεός;
623 500 727 551 οὐδὲ
761 500 854 567 γὰρ
888 500 945 550 ἂν
975 501 1140 551 ἑαυτοῦ
1175 499 1409 567 μετάσχοι
1443 501 1576 550 ποτέ·
1624 504 1685 554 εἷς

50 581 142 631 5τί
174 580 268 647 γὰρ
306 582 485 646 οἰκήσει
523 582 646 637 Θεὸς
684 584 732 633 ἐν
760 587 882 652 Θεῷ,
918 585 980 636 ὡς
1020 582 1174 649 ἕτερος
1211 583 1260 632 ἐν
1294 581 1466 651 ἑτέρῳ;
1516 587 1553 632 εἰ
1592 581 1686 648 γὰρ

92 664 309 715 τουτέστι
347 663 466 715 κατὰ
506 664 655 733 φύσιν
690 665 744 716 τὸ
785 664 1050 732 δεχόμενον,
1079 664 1193 730 ὅπερ
1232 662 1291 714 ἂν
1326 669 1478 715 νοοῖτο
1517 667 1593 715 καὶ
1630 665 1685 715 τὸ

93 747 317 809 ἐνοικοῦν,
347 748 460 798 ποία
494 748 576 797 οῦν
607 747 832 811 λοιπὸνὴ
867 750 950 811 τῆς
981 749 1182 814 μετοχῆς
1217 746 1400 812 γε’νοιτο
1438 747 1603 813 χρεία;
1648 750 1686 796 εὶ

93 827 142 878 δὲ
174 826 339 894 ὥσπερ
374 828 513 883 αὐτὸς
547 828 755 898 ἐνειόκησε
791 834 857 899 τῷ
891 828 1090 898 Παύλῳ,
1121 828 1203 879 τὸν
1236 828 1377 879 αὐτὸν
1412 829 1469 893 δὴ
1508 827 1686 895 τρόπον

94 911 169 960 καὶ
209 911 234 960 ὁ
271 909 441 977 Πατὴρ
479 913 527 961 ἐν
565 912 704 980 αὐτῷ,
743 916 845 964 πῶς
889 912 942 962 οὐ
987 909 1217 979 θεοφόρος
1261 910 1397 961 ἔσται
1441 910 1562 960 κατὰ
1604 908 1687 961 τὸν

26 1010 74 1036 10
97 995 312 1055 Παῦλον,
339 992 392 1044 τὸ
432 992 544 1044 εῖναι
577 992 700 1047 Θεὸς
734 992 853 1044 κατὰ
888 993 1038 1062 φύσιν
1070 991 1327 1056 οὐδαμόθεν
1358 993 1478 1060 ἔχων
1504 992 1582 1055 ἔτι,
1610 991 1686 1043 διὰ

93 1074 148 1125 τὸ
186 1077 447 1142 κρείττονος
486 1078 704 1140 δεηθῆναι
741 1081 824 1126 τοῦ
864 1077 1149 1129 ἐνοικοῦντος
1189 1079 1345 1135 Θεοῦ;
1400 1073 1499 1126 εἶτα
1537 1074 1684 1126 πάλιν
1702 1085 1728 1125 b

94 1158 169 1208 ἐπὶ
210 1157 391 1212 τούτοις
433 1160 457 1209 ὁ
496 1157 724 1224 γεννάδας
767 1159 877 1222 ἡμῖν
915 1159 1080 1208 οὑτοσὶ
1121 1162 1445 1223 προσεπινοεῖ,
1491 1159 1566 1207 καὶ
1609 1156 1686 1208 διὰ

94 1244 296 1291 πολλῶν
331 1241 628 1309 ἀποδείξεων,
662 1242 724 1293 ὡς
763 1241 1026 1308 ὑπείληφεν
1065 1240 1216 1302 αὐτὸς,
1248 1239 1331 1290 τὸν
1365 1242 1531 1289 οἰκεῖον
1567 1242 1681 1304 θρυ-

95 1328 213 1373 λοῦν
250 1327 463 1389 πειρᾶται
502 1321 666 1388 λόγον.
736 1321 871 1390 ἄξιον
899 1321 992 1388 γὰρ
1031 1320 1158 1386 οἶμαι
1198 1321 1274 1373 διὰ
1311 1320 1504 1373 πάντων
1543 1322 1685 1371 αὑτοῦ

28 1418 75 1456 15
95 1408 190 1455 τῶν
215 1404 438 1472 ῥημάτων
463 1406 628 1468 ἐλθεῖν,
657 1406 732 1455 καὶ
759 1407 842 1468 τῆς
869 1404 1066 1468 ἐνούσης
1092 1404 1217 1473 αὐτῷ
1244 1402 1480 1471 θεομάχου
1505 1405 1687 1465 βουλῆς

97 1488 326 1538 ἁπλῶσαι
356 1487 442 1551 τὴν
466 1493 649 1549 πεῦσιν,
676 1487 751 1537 ἵνα
778 1486 1077 1554 διελέγχηται
1101 1490 1294 1555 σαφῶς,
1325 1485 1396 1536 ὅτι
1421 1490 1517 1538 τοῖς
1543 1486 1681 1549 ποιή-

96 1592 247 1633 μασιν
273 1570 537 1636 ἐναρίθμιον
563 1569 738 1621 τίθεται
774 1567 857 1620 τὸν
883 1571 1151 1635 Μονογενῆ,
1177 1570 1254 1619 καὶ
1288 1567 1688 1636 κεκομψευμέναις

99 1650 301 1706 ἀπάταις
328 1650 414 1716 τὴν
440 1656 502 1705 εἷς
528 1651 670 1703 αὑτὸν
696 1651 921 1714 ἀσέβειαν
947 1651 1233 1719 καταχώσας
1261 1651 1285 1701 ὁ
1312 1650 1530 1712 δείλαιος,
1562 1649 1687 1700 Θεὸν
1704 1669 1726 1696 0

95 1732 181 1797 μὲν
213 1732 328 1785 εἶναι
366 1739 697 1800 συνομολογεῖ,
730 1737 813 1797 τῆς
851 1732 1001 1799 γεμὴν
1032 1735 1224 1798 ἀληθῶς
1263 1735 1339 1783 καὶ
1377 1730 1498 1783 κατὰ
1537 1731 1687 1799 φύσιν

28 1835 78 1861 20
98 1814 317 1880 θεότητος
355 1818 603 1878 ἐκπεμπων
635 1815 777 1867 αὐτὸν
811 1815 958 1866 οἴεταί
988 1839 1089 1869 πως
1122 1815 1355 1866 δύνασθαι
1388 1818 1550 1865 λαθεῖν
1580 1811 1688 1866 τοὺς

97 1901 160 1951 εἷς
186 1897 332 1962 αὐτὴν
356 1897 627 1959 βλέποντας
652 1896 738 1962 τὴν
764 1897 1006 1960 ἀλήθειαν.

174 1979 357 2048 Γράφει
398 1981 553 2030 τοίνυν
593 1980 680 2030 ὡδί
715 2019 742 2041 ,,
762 1977 904 2029 Ἀλλ’
945 1977 1110 2044 ὥσπερ
1151 1979 1280 2042 ἡμεῖς
1322 1980 1370 2029 ἐν
1407 1979 1532 2046 αὐτῷ
1574 1974 1689 2027 εἶναι

98 2103 126 2125 ,,
154 2061 418 2127 λεγόμενοι,
466 2064 632 2129 φησιν,
677 2063 824 2125 ἀμιγῆ
869 2060 987 2127 πρὸς
1037 2059 1180 2111 αὐτὸν
1224 2061 1391 2128 ε”χομεν
1434 2059 1520 2124 τὴν
1566 2058 1685 2110 ὑπό-

97 2185 125 2207 ,,
152 2161 349 2195 στασιν·
413 2143 495 2194 τὸν
540 2143 681 2194 αὐτὸν
725 2142 903 2208 τρόπον
948 2144 1023 2193 καὶ
1074 2144 1099 2192 ὁ
1149 2140 1265 2196 Υἱὸς
1315 2143 1363 2192 ἐν
1415 2146 1480 2209 τῷ
1533 2143 1689 2208 Πατρὶ

30 2248 78 2286 25
102 2267 130 2290 ,,
156 2225 405 2294 τυγχάνων
431 2225 778 2291 διακεκριμένην
802 2229 885 2274 τοῦ
912 2223 1140 2290 ἀγενήτου
1166 2224 1259 2291 ἔχει
1285 2223 1371 2287 τὴν
1397 2223 1612 2274 οὐσίαν.”

154 2311 274 2371 ,Φεῦ
309 2330 363 2373 γε
397 2312 480 2357 τοῦ
515 2304 835 2370 τολμήματος·
880 2307 943 2358 ὡς
980 2305 1128 2359 δεινὸς
1159 2307 1184 2356 ὁ
1215 2305 1375 2370 λόγος,
1403 2306 1480 2355 καὶ
1513 2302 1691 2367 μεστὸς

100 2389 338 2450 ἀπονοίας,
373 2393 566 2451 μᾶλλον
604 2387 651 2438 δὲ
692 2387 984 2449 δυσβουλίας
1023 2386 1214 2452 ἀπάσης
1254 2389 1329 2438 καὶ
1368 2385 1687 2453 ἀποπληξίας.

99 2471 442 2537 ἐμωράνθησαν
477 2469 623 2523 ὅντως
658 2468 926 2538 φάσκοντες
960 2466 1073 2519 εἶναι
1108 2470 1268 2536 σοφοὶ,
1297 2470 1372 2518 καὶ
1406 2470 1877 2542 φρονοῦντεςᾶξὶῗῃῆ·

102 2554 223 2603 οὕτω
255 2553 361 2617 περὶ
394 2557 476 2601 τοῦ
504 2555 806 2616 Μονογενοῦς
836 2549 919 2600 τὸν
945 2549 1255 2615 ἀγοράσαντα
1291 2548 1458 2601 αὐτοὺς
1484 2547 1683 2598 Δεσπό-
1749 2565 1771 2629 121
1782 2557 1813 2628 *1
1826 2555 1899 2585 Pet.

33 2661 84 2697 30
101 2657 187 2698 την
214 2633 496 2700 ἠρνήσαντο,
526 2631 644 2682 κατὰ
670 2629 724 2681 τὸ
751 2631 1093 2696 γεγραμμένον.
1143 2634 1180 2681 εἰ
1206 2629 1293 2694 μὲν
1319 2629 1413 2695 γὰρ
1437 2630 1688 2694 ἄνθρωπον
1775 2624 1781 2629 ’
1818 2623 1824 2629 ’

101 2714 220 2766 εἷναί
257 2721 382 2782 φασι
425 2715 500 2764 καὶ
542 2713 622 2763 ἕνα
664 2716 758 2763 τῶν
797 2713 905 2763 καθ’
942 2712 1062 2775 ἡμᾶς
1104 2711 1186 2762 τὸν
1224 2717 1307 2762 τοῦ
1347 2715 1472 2761 Θεοῦ
1509 2709 1687 2775 Λόγον,

103 2796 235 2847 οὐδὲν
266 2796 330 2846 ε”τι
369 2794 422 2846 τὸ
462 2794 648 2845 κωλύον
684 2797 826 2844 εἰπεῖν
863 2794 1010 2845 οὕτως
1049 2791 1272 2860 ὑπάρχειν
1306 2790 1449 2842 αὐτὸν
1483 2793 1531 2842 ἐν
1558 2795 1687 2861 Θεῷ,

151 2903 184 2938 8,
210 2901 352 2949 ἐνῴκηκε
371 2902 413 2936 Ε.
606 2911 660 2945 13.
685 2898 819 2942 πολλὴν
838 2899 879 2933 E.
1082 2908 1136 2943 25.
1163 2898 1326 2943 ιῖγενὴτου
1346 2898 1491 2932 correxi.
1509 2898 1692 2943 ιῖγεννὴτου

106 2948 172 2983 Ed.
269 2949 391 2983 οὐσίαν
410 2948 450 2983 Ε.
470 2948 570 2992 χάριν
589 2947 656 2981 Ed.

840 3012 956 3054 3L2
