1971 3272
93 154 176 194 viii.
200 156 266 195 28.
354 156 425 196 IN
468 156 510 197 S.
545 156 879 196 JOANNEM.
946 156 1067 195 12113.
1095 157 1143 195 V.
1207 157 1338 195 (JAP.
1370 158 1415 195 V.
1620 157 1666 194 -Η

91 264 522 328 ἀπολιμπάνεσθαι,
549 271 738 328 μᾶλλον
769 265 816 316 δὲ
857 264 968 315 αὐτὸ
1008 264 1126 315 κατὰ
1165 265 1314 333 φύσιν
1345 263 1458 314 εἶναι
1494 266 1713 330 σοφίανῑι
1747 279 1829 312 523
1846 278 1896 311 A.

92 348 167 396 καὶ
194 346 405 411 δύναμιν·
447 350 494 398 ἐν
521 348 567 398 δὲ
604 351 661 415 τῇ
698 349 851 416 σοφίᾳ
888 350 1112 400 διδακτῶς
1145 347 1293 397 οὐδέν·
1348 345 1458 395 ἀλλ’
1489 347 1586 395 οὐδ’
1618 345 1673 395 ἂν

90 428 139 477 ἐν
165 432 222 495 τῇ
253 429 416 497 πρώτῃ
451 453 499 480 τε
536 431 611 480 καὶ
647 432 835 493 άληθῶς
871 428 1094 496 νοουμένῃ
1130 428 1320 492 δυνάμει
1354 428 1408 478 τὸ
1444 427 1679 478 δύνασθαί

90 532 206 559 ποτε
232 511 554 576 θεωρήσαιμεν
579 510 797 562 ἐπακτόν.

50 607 72 646 5
157 589 262 642 Ἵνα
289 591 337 643 δὲ
364 595 438 643 καὶ
469 592 613 657 αὐτὴν
639 593 926 661 ἐξετάζοντες
951 596 1046 642 τῶν
1068 590 1363 659 πραγμάτων
1389 591 1474 654 τὴν
1502 591 1669 659 φύσιν,

90 671 150 722 τὰ
188 674 404 739 εἰρημένα
440 675 569 740 παρὰ
602 679 817 740 Χριστοῦ
854 674 1196 737 βασανίσωμεν
1222 674 1572 739 ἀκριβέστερον,
1600 676 1674 723 καὶ

90 755 196 805 τόδε
234 761 329 809 τοῖς
367 756 614 822 εἰρημένοις
653 757 919 819 ἐποίσομεν.
975 756 1022 805 τί
1056 760 1285 806 τοσοῦτον
1317 756 1562 822 εἴργασται
1598 778 1674 818 γε-

91 837 242 901 γονὼς
282 837 528 904 ἅνθρωπος
567 839 592 887 ὁ
626 836 916 902 Μονογενὴς,
946 836 971 887 ’ὃ
1010 835 1095 901 τὴν
1126 838 1327 887 ἐνοῦσαν
1360 838 1484 905 αὐτῷ
1522 844 1670 887 πλεο-

91 918 302 982 νεκτήσει
339 920 563 982 δύναμιν,
617 919 734 973 εἰκὸς
772 918 865 985 γὰρ
904 917 1054 983 δήπου
1090 917 1235 986 φάναι
1274 918 1400 972 τινας
1439 917 1543 969 τότε
1581 917 1675 983 γὰρ

5 992 73 1049 ἰο
91 999 293 1064 ἠνύσθαι
319 1000 594 1068 πρεπόντως
618 1006 772 1063 εἰπεῖν,
793 1000 872 1052 ἅτε
899 1000 954 1064 δὴ
981 1000 1111 1066 παρὰ
1137 1006 1218 1051 τοῦ
1240 1004 1364 1051 Θεοῦ
1386 1003 1460 1051 καὶ
1484 1000 1674 1065 Πατρὸς

90 1081 145 1133 τὸ
180 1083 409 1134 δύνασθαι
445 1082 780 1146 δανεισάμενον
804 1087 906 1134 Ἀπ’
935 1084 1124 1151 ἐμαυτοῦ
1158 1082 1273 1134 vocam)
1306 1080 1430 1145 οὐδὲν,
1458 1082 1527 1132 ὅτι
1567 1085 1667 1132 δαι-
1693 1092 1718 1131 b

90 1164 252 1228 μόνιον
290 1165 487 1229 ἤλασεν,
527 1165 597 1216 ὅτι
638 1170 733 1216 τῶν
770 1164 1157 1232 άῤῥωστημάτων
1196 1166 1348 1232 ἀφῆκε
1392 1163 1473 1214 τὸν
1513 1164 1668 1229 παρά-

91 1252 249 1309 λυτον,
302 1247 374 1299 ὅτι
423 1247 601 1315 λεπρὸν
650 1253 734 1298 τοῦ
784 1246 962 1300 πάθους
1013 1246 1310 1315 ἀπήλλαξεν,
1356 1246 1426 1296 ὅτι
1472 1250 1672 1315 τυφλοῖς

91 1328 288 1380 δέδωκεν
315 1331 448 1396 ὁρᾶν,
478 1330 549 1380 ὅτι
583 1329 772 1393 πληθὺν
799 1329 1061 1394 ἀνθρώπων
1088 1329 1170 1379 οὐκ
1204 1328 1512 1394 εὐαρίθμητον
1536 1328 1673 1378 πέντε

23 1428 70 1466 15
91 1410 398 1476 κατεκόρεσεν
423 1412 593 1478 ἄρτοις,
619 1410 690 1461 ὅτι
729 1410 990 1462 θάλασσαν
1015 1411 1353 1476 ἀγριαίνουσαν
1379 1409 1674 1472 κατεκοίμισε

91 1490 238 1562 λόγῳ,
266 1492 336 1543 ὅτι
374 1493 457 1544 τὸν
484 1492 701 1558 Λάζαρον
727 1492 908 1560 ἤγειρεν
940 1494 988 1543 ἐκ
1027 1497 1218 1559 νεκρῶν·
1261 1490 1353 1558 ἆρα
1391 1494 1465 1542 καὶ
1504 1491 1673 1552 ἀμείνω

91 1576 175 1638 τῆς
220 1574 417 1638 ἐνούσης
461 1575 625 1642 ἰσχύος
671 1575 797 1644 αὐτῷ
839 1574 925 1639 τὴν
968 1575 1017 1625 ἐν
1061 1579 1158 1629 τοῖς
1205 1573 1431 1627 τοιούτοις
1482 1575 1674 1639 ἐροῦμεν

90 1656 343 1724 ἐπίδειξιν,
401 1653 499 1707 εἶτα
548 1661 649 1710 πῶς
694 1657 798 1708 εἰπέ
840 1679 919 1720 μοι
969 1655 1052 1707 τὸν
1104 1657 1225 1707 οὕτω
1275 1656 1426 1721 με’γαν
1470 1655 1675 1719 ἔστησεν

92 1737 305 1803 οὐρανὸν,
332 1739 408 1789 καὶ
435 1739 663 1793 διατείνας
698 1741 760 1793 ὡς
794 1737 977 1802 σκηνὴν
1001 1743 1241 1801 κατοικεῖν,
1267 1742 1367 1791 πῶς
1394 1738 1672 1800 ἐθεμελίωσε
1691 1758 1712 1784 e

22 1843 71 1868 20
91 1818 176 1883 τὴν
201 1822 306 1885 γῆν,
332 1824 432 1874 πῶς
465 1820 512 1871 δὲ
548 1821 684 1884 ἡλίου
718 1822 794 1871 καὶ
829 1819 1037 1885 σελήνης
1072 1823 1149 1871 καὶ
1183 1824 1277 1871 τῶν
1303 1822 1351 1870 ἐν
1375 1823 1441 1888 τῷ
1468 1818 1670 1885 στερεώ-

89 1923 202 1964 ματι
227 1902 419 1967 γε’γονεν
444 1901 672 1968 ἐργάτης,
715 1907 817 1956 πῶς
842 1901 890 1952 δὲ
918 1902 1100 1953 ε”κτισεν
1126 1901 1360 1968 ἀγγέλους
1387 1904 1461 1951 καὶ
1488 1901 1668 1967 ἀρχαγ-

92 1980 278 2048 γέλους,
322 1983 515 2049 θρόνους
557 1987 632 2034 καὶ
673 1981 959 2050 κυριότητας,
1002 1985 1077 2034 καὶ
1120 1983 1239 2049 πρὸς
1279 1983 1461 2035 τούτοις
1505 1982 1570 2032 ἔτι
1614 1982 1674 2032 τὰ

91 2065 310 2133 Σεραφίμ
327 2086 339 2127 ;
386 2066 411 2116 ὁ
439 2064 486 2116 δὲ
512 2066 560 2115 ἐν
585 2069 681 2118 τοῖς
711 2066 832 2115 οὕτω
866 2063 1091 2131 μεγάλοις
1128 2067 1203 2116 καὶ
1239 2064 1541 2133 ὑπερφυέσιν,
1569 2065 1673 2114 οὔτε

89 2145 328 2210 δυνάμεως
364 2148 468 2198 οὔτε
503 2146 596 2211 μὴν
622 2147 799 2215 σοφίας
833 2149 916 2211 τῆς
948 2145 1058 2213 παρ’
1086 2147 1242 2213 ἑτέρου
1273 2148 1462 2210 δεηθεὶς,
1488 2149 1588 2198 πῶς
1614 2143 1673 2195 ἂν

20 2244 67 2283 25
88 2226 317 2292 ἠτόνησεν
349 2229 397 2279 ἐν
427 2233 523 2282 τοῖς
557 2229 678 2279 οὕτω
712 2233 904 2294 μικροῖς,
931 2227 960 2293 ἢ
999 2233 1100 2282 πῶς
1138 2227 1194 2278 ἂν
1220 2227 1383 2292 ἐδεήθη
1417 2232 1499 2277 τοῦ
1538 2225 1667 2276 διδά-

87 2332 220 2361 σκειν
244 2310 534 2379 ὀφείλοντος,
562 2309 592 2360 ἃ
615 2312 736 2377 χρῆν
762 2313 978 2373 λαλῆσαι
1003 2309 1121 2376 πρὸς
1145 2310 1409 2371 Ἰουδαίους,
1437 2309 1462 2358 ὁ
1489 2309 1564 2359 καὶ
1597 2306 1672 2358 διὰ

85 2390 181 2442 τῶν
225 2392 373 2457 ἁγίων
416 2396 676 2461 προφητῶν
715 2393 777 2445 ὡς
827 2392 979 2460 σοφία
1029 2390 1462 2460 δοξολογούμενοςς
1515 2389 1668 2439 ἀκούω

86 2472 179 2540 γάρ
205 2496 327 2527 τινος
353 2472 575 2538 λε’γοντος
602 2479 629 2502 “
653 2471 825 2538 Κύριος
857 2474 882 2523 ὁ
917 2471 1122 2537 ποιήσας
1152 2472 1238 2537 τὴν
1263 2475 1354 2538 γῆν
1379 2474 1426 2522 ἐν
1453 2476 1510 2538 τῇ
1537 2471 1710 2537 ἱσχύϊᾱ
1730 2472 1822 2545 {jes-
1842 2482 1873 2503 Χ·

87 2561 116 2583 “
141 2556 296 2617 αὑτοῦ,
323 2556 348 2605 ὁ
386 2554 664 2620 ἀνορθώσας
701 2554 786 2617 τὴν
818 2555 1089 2618 οἰκουμένην
1120 2556 1178 2622 τῇ
1218 2552 1372 2621 σοφίᾳ
1410 2554 1563 2613 αὐτοῦ,
1591 2554 1667 2601 καὶ

18 2646 68 2682 30
88 2641 114 2664 “
141 2636 189 2686 ἐν
227 2640 284 2703 τῇ
323 2636 554 2704 φρονήσει
592 2636 734 2686 αὐτοῦ
772 2635 964 2703 ἐξέτεινε
997 2634 1080 2686 τὸν
1111 2634 1349 2700 οὐρανὸν,”
1376 2632 1495 2699 πρὸς
1529 2631 1584 2682 δέ
1614 2654 1668 2697 γε

137 2802 167 2826 Ι.
195 2790 277 2825 αὐτὸ
295 2802 325 2825 a.
343 2790 432 2837 αὐτῷ
451 2790 493 2824 Β.
515 2790 634 2824 Holst.
651 2791 752 2825 αὐτὸν
769 2790 864 2824 Aub.
1028 2801 1060 2824 2.
1087 2790 1249 2824 διδακτῶς
1268 2789 1344 2823 B.a.
1363 2789 1518 2823 διδακτὰς
1538 2788 1599 2822 Ht.
1619 2789 1668 2822 δι-

86 2854 209 2889 δακτὸν
225 2854 321 2888 Aub.
401 2852 472 2887 οὐδ’
491 2853 530 2887 ἂν
549 2853 624 2887 B-a.
646 2845 762 2898 [οὗδεσν
781 2854 841 2899 Β.]
862 2854 938 2888 οὐδὲ
959 2853 1022 2887 Ht.
1043 2854 1109 2888 Ed.
1254 2864 1284 2900 7.
1312 2854 1495 2899 ἐποίσομεν
1515 2854 1555 2888 Β.
1575 2855 1667 2888 ἕποι’-

87 2915 202 2981 Ξαὲΐεν
219 2901 286 2935 Ed.
434 2909 486 2946 17.
514 2900 573 2944 τὴν
590 2900 787 2935 emendavit
804 2900 898 2934 Aub.
918 2903 988 2936 τοῖς
1007 2900 1049 2935 Β.
1067 2902 1126 2944 τῆς
1144 2901 1208 2935 Ht.
1363 2902 1418 2935 26.
1445 2901 1465 2934 ἃ
1484 2901 1525 2935 Β.
1547 2902 1610 2936 Ht.
1630 2901 1668 2935 ὃν

143 3013 238 3043 VOL.
262 3014 310 3042 11.
897 3013 923 3041 G
