2001 3231
267 115 322 153 80
672 118 721 158 Β.
756 118 1032 158 CYRILLI
1073 119 1455 160 ALEXANDR.
1600 120 1685 161 viii.
1705 133 1773 175 39,
1790 133 1860 172 40.

267 227 488 292 πανταχῆ
523 225 608 290 μὲν
634 228 782 296 ἑαυτῷ
819 228 1079 295 φυλάττων
1105 227 1160 278 τὸ
1198 227 1492 297 ἀδιάφθορον
1518 231 1579 283 ὡς
1607 232 1716 298 Θεῷ
1743 228 1863 279 κατὰ

269 306 434 374 φύσιν,
460 307 591 372 πλὴν
619 309 672 359 οὐ
708 310 922 375 διορίσας
958 311 1124 360 ἑαυτοῦ
1159 308 1241 361 τὸν
1268 311 1384 361 ’ίδιον
1410 310 1536 373 ναὸν,
1564 312 1675 361 ἀλλ’
1705 313 1766 364 ὡς
1801 310 1864 365 εἷς

272 387 498 456 ὑπάρχων
528 389 656 451 Υἱὸς,
691 392 764 440 καὶ
806 391 881 440 ὅτε
922 391 1116 456 γε’γονεν
1155 391 1425 458 ἄνθρωπος·
1470 393 1674 453 ἀλήθειαν
1713 392 1865 458 γεμὴν

270 473 492 534 λαλῆσαί
526 476 695 540 φησιν.
766 473 819 522 οὐ
860 472 953 538 γὰρ
993 475 1041 523 ἐν
1079 474 1243 527 τύποις
1285 474 1350 524 ε”τι
1394 478 1469 525 καὶ
1515 474 1738 542 σχήμασι
1779 474 1865 539 τὴν

271 553 516 615 εὐσέβειαν
542 555 825 617 ἐπιτηδεύειν
856 555 980 618 ἡμᾶς
1015 557 1039 605 ὁ
1074 561 1158 606 τοῦ
1192 559 1413 621 Σωτῆρος
1450 556 1662 607 διδάσκει
1696 557 1861 623 λόγος,
1885 568 1907 606 5

272 634 403 685 ἀλλά
455 635 540 699 τὴν
583 638 630 686 ἐν
675 635 904 700 πνεύματι
957 640 1031 687 καὶ
1083 637 1314 702 ἀληθινὴν
1359 639 1582 705 λατρείαν
1629 640 1866 690 ἀναπείθει

273 718 478 782 ἀγαπᾶν.

228 795 255 835 d
339 797 498 849 ’Ὀταν
524 799 572 850 δὲ
605 800 723 868 λε’γῃ
755 800 824 851 ὅτι
841 799 909 851 *A
938 802 1124 866 ἥκουσα
1149 800 1279 867 παρὰ
1305 807 1388 852 τοῦ
1415 801 1622 869 Πατρος,
1650 806 1861 854 σκανδα-

273 881 465 931 λιστεόν
492 883 722 944 οὐδαμῶς.
776 882 932 947 ἐπειδὴ
968 883 1062 949 γὰρ
1096 882 1261 935 ἑαυτὸν
1293 884 1508 950 ἄνθρωπον
1540 882 1659 935 εἶναί
1692 890 1863 952 φησιν,

272 964 688 1030 ἀνθρωποπρεπῷς
723 967 798 1015 καὶ
834 971 973 1016 τοῦτο
1008 971 1160 1018 λαλεῖ.
1221 967 1282 1019 ὡς
1321 965 1415 1032 γὰρ
1454 966 1774 1031 ἀποθνήσκειν
1805 969 1867 1020 ὡς
1891 984 1940 1010 10

272 1044 521 1110 ἄνθρωπος
549 1047 752 1111 λέγεται,
780 1047 999 1113 λεγέσθω
1027 1051 1102 1098 καὶ
1129 1048 1312 1098 ἀκούειν
1339 1050 1401 1102 ὡς
1429 1048 1695 1114 ἄνθρωπος.
1749 1047 1869 1102 εἰκὸς

273 1126 321 1176 δὲ
351 1126 419 1177 ὅτι
447 1126 533 1191 τὴν
559 1128 769 1196 ε”μφυτον
796 1134 992 1194 γνῶσιν,
1020 1129 1077 1193 ἢν
1105 1130 1196 1197 ε”χει
1223 1134 1329 1196 περὶ
1357 1135 1450 1182 τῶν
1477 1129 1760 1195 θελημοῖτων
1786 1137 1869 1181 τοῦ

274 1209 390 1259 ἰδίου
418 1209 720 1276 Γεννήτορος,
747 1214 808 1264 ὡς
835 1213 883 1261 ἐν
909 1216 975 1280 τῷ
1000 1214 1235 1263 Ἀκοῦσαι
1261 1213 1463 1277 τίθησιν·
1500 1213 1622 1263 οὕτω
1648 1211 1742 1278 γὰρ
1767 1212 1870 1267 ε”θος

274 1293 351 1341 καὶ
377 1293 494 1360 αὐτῇ
523 1293 678 1358 λέγειν
703 1293 941 1347 πολλάκις
974 1298 1032 1360 τῇ
1067 1295 1368 1364 θεοπνεύστῷ
1396 1299 1564 1362 γραφῇ
1590 1297 1696 1361 περὶ
1723 1298 1866 1345 Θεοῦ”

275 1373 389 1424 ὅταν
424 1373 516 1441 γὰρ
555 1374 661 1442 ε’ίπῃ
702 1377 794 1425 Καὶ
828 1375 1003 1439 ἤκουσε
1043 1376 1230 1443 Κύριος,
1256 1377 1360 1443 οὐχὶ
1399 1375 1456 1440 δὴ
1494 1375 1682 1430 πάντως
1720 1375 1870 1441 ἱδικὴν
1893 1396 1939 1434 15

237 1459 350 1506 θκαῖ
401 1457 742 1525 ἀφωρισμένην
785 1457 872 1522 τὴν
917 1457 1204 1522 ἀκουστικὴν
1249 1459 1375 1527 αὐτῷ
1426 1457 1746 1525 περιθήσομεν
1796 1459 1866 1509 α’ί-

275 1543 471 1602 σθησιν,
498 1538 714 1605 καθάπερ
741 1540 824 1590 οὖν
851 1541 983 1590 ἐστιν
1010 1542 1058 1590 ἐν
1082 1540 1208 1603 ἡμῖν.
1265 1541 1398 1604 ἁπλῆ
1430 1539 1523 1606 γάρ
1559 1542 1691 1591 ἐστιν
1717 1541 1744 1604 ἡ
1770 1542 1871 1591 θεία

276 1619 439 1689 φύσις,
467 1623 542 1671 καὶ
568 1621 839 1676 συνθέσεως
867 1621 1059 1686 ἁπάσης
1092 1623 1462 1688 ἀπηλλαγμένη·
1504 1622 1871 1691 παραδεξόμεθα

277 1701 325 1753 δὲ
355 1707 549 1766 μᾶλλον
576 1706 638 1756 ὡς
673 1704 818 1765 ἀκοὴν
844 1703 930 1768 τὴν
957 1709 1152 1770 γνῶσιν,
1180 1707 1255 1755 καὶ
1291 1704 1377 1768 τὴν
1404 1709 1586 1770 γνῶσιν
1610 1707 1672 1758 ὡς
1707 1704 1866 1769 ἀκοήν·

277 1784 510 1836 σύνθετον
545 1785 592 1836 δὲ
632 1786 764 1837 οὐδὲν
799 1788 846 1837 ἐν
881 1788 1035 1856 ἁπλῷ,
1064 1787 1277 1853 καθάπερ
1317 1785 1579 1851 εἰρήκαμεν.
1630 1787 1789 1853 τρίτον
1823 1786 1871 1837 δὲ
1892 1807 1941 1831 20

277 1867 459 1921 τούτοις
509 1869 764 1932 ἐποίσομεν
809 1869 973 1934 λόγον,
1020 1871 1103 1920 οὐκ
1153 1869 1247 1920 ἀπὸ
1297 1875 1380 1920 τοῦ
1423 1867 1683 1934 πρέποντος
1726 1868 1870 1923 ἰόντες

279 1955 481 2000 σκοποῦ.
536 1950 627 2017 ἔφη
666 1974 759 2001 που
797 1953 903 2017 περὶ
943 1955 1162 2017 Χριστοῦ
1199 1949 1319 2018 πρὸς
1360 1950 1577 2002 Μωυσέα
1622 1950 1704 2002 τὸν
1743 1951 1872 2017 ἱερώ-

57 2049 145 2082 550
160 2048 210 2082 Α.
241 2057 262 2080 a
280 2055 422 2083 τατον
450 2034 474 2082 ὁ
497 2032 618 2086 Θεὸς
646 2034 721 2083 καὶ
744 2033 928 2100 Πατὴρ,
947 2034 1017 2083 ὅτι
1042 2042 1068 2063 “
1088 2032 1356 2102 Προφήτην
1383 2033 1646 2097 ἀναστήσω
1673 2034 1869 2086 αὐτοῖς“”

56 2098 213 2172 ffliss'ffi,
280 2116 428 2177 δῆλον
468 2113 515 2164 δὲ
558 2114 628 2165 ὅτι
667 2120 764 2169 τοῖς
808 2115 864 2183 ἐξ
898 2115 1119 2180 Ἰσραήλ·
1179 2123 1204 2145 “
1232 2117 1282 2166 ἐκ
1321 2120 1416 2166 τῶν
1455 2117 1680 2182 ἀδελφῶν
1719 2115 1872 2166 αὐτῶν

279 2202 307 2225 “
334 2193 499 2262 ὥσπερ
525 2195 596 2258 σὲ,
626 2200 702 2247 καὶ
730 2197 866 2261 θήσω
893 2196 1000 2250 τοὺς
1027 2196 1202 2263 λόγους
1226 2220 1318 2259 μου
1343 2201 1406 2251 εἷς
1431 2197 1485 2248 τὸ
1513 2196 1674 2260 στόμα
1704 2198 1867 2260 αὐτοῦ,
1893 2210 1942 2249 25

279 2284 305 2306 ‘⁶
333 2279 409 2327 καὶ
436 2277 643 2342 λαλήσει
672 2279 827 2332 αὐτοῖς
853 2278 973 2329 κατὰ
999 2278 1156 2329 πάντα
1183 2278 1279 2329 ὅσα
1305 2277 1364 2329 ἀν
1387 2279 1664 2342 ἐντείλωμαι
1700 2281 1869 2349 αὐτῷ.”

278 2359 354 2410 διὰ
392 2359 568 2424 ταύτην
604 2362 686 2411 οὖν
722 2358 848 2425 οἶμαι
887 2359 973 2424 τὴν
1006 2361 1158 2411 αἰτίαν
1190 2362 1214 2411 ὁ
1249 2359 1423 2426 Κύριος
1461 2361 1593 2424 ἡμῶν
1618 2362 1807 2425 Ἰησοῦς
1846 2364 1871 2412 ὁ

278 2441 493 2507 Χριστὸς
546 2443 753 2493 ἀκοῦσαί
800 2447 924 2510 φησι
976 2441 1106 2511 παρα
1155 2444 1227 2494 τοῦ
1280 2441 1472 2509 Πατρὸς
1526 2440 1595 2502 τὴν
1643 2441 1867 2505 ἀλήθειαν,

276 2524 452 2589 ταύτην
490 2547 539 2575 τε
583 2528 801 2589 λαλῆσαι
839 2530 935 2579 τοῖς
972 2524 1227 2586 Ἰουδαίοις,
1268 2525 1386 2587 ὁμοῦ
1431 2525 1506 2574 καὶ
1548 2525 1674 2592 αὐτῷ
1713 2547 1865 2592 μαχο-

276 2605 442 2669 μένους
492 2606 701 2674 ἐλέγχων
753 2605 919 2660 αὐτοὺς
971 2610 1038 2676 τῷ
1083 2610 1192 2675 Θεῷ
1243 2608 1318 2656 καὶ
1365 2608 1534 2672 Πατρῖ,
1579 2608 1656 2657 καὶ
1705 2606 1872 2657 ἑαυτὸν
1892 2622 1942 2658 30

328 2755 358 2778 1.
384 2746 541 2790 πανταχῆ
562 2745 636 2780 B.a.
656 2745 775 2780 Holst.
792 2747 969 2790 πανταχοῦ
988 2745 1082 2779 Aub.
1165 2745 1251 2780 Θεὸς
1268 2756 1299 2779 a.
1319 2744 1396 2779 Cat.
1419 2745 1521 2779 Harl.
1677 2744 1710 2778 6.
1737 2744 1872 2790 ἀγαπᾶν

278 2789 449 2824 ἀναπείθει
468 2792 607 2826 inverso
625 2792 748 2826 ordine
766 2804 796 2826 a.
940 2794 972 2826 8.
999 2792 1051 2826 ὅτι
1071 2791 1113 2825 Β.
1134 2791 1198 2825 Ht.
1218 2792 1256 2825 τὸ
1275 2804 1293 2825 e
1313 2791 1389 2825 Cat.
1408 2792 1504 2825 Aub.
1567 2790 1695 2825 Statim
1713 2790 1734 2824 ἂ
1751 2803 1821 2826 om.
1839 2803 1869 2826 a.

280 2836 356 2870 Cat.
381 2837 481 2871 Harl.
630 2850 682 2883 13.
709 2838 795 2873 οὕτω
812 2840 879 2884 γὰρ
897 2838 974 2874 ἔθος
992 2850 1023 2872 a.
1041 2838 1128 2872 οὕτω
1145 2839 1212 2883 γὰρ
1230 2837 1376 2872 ἀκοῦσαι
1394 2839 1471 2873 ἔθος
1490 2837 1557 2872 Ed.
1696 2847 1749 2880 19.
1776 2838 1820 2873 ὡς
1837 2843 1870 2872 et

277 2883 339 2926 τὴν
355 2884 414 2916 alt.
434 2885 632 2927 transponit
650 2886 738 2920 bene
757 2892 795 2919 ut
813 2885 883 2919 vid.
906 2885 1040 2930 Migne.
1186 2895 1242 2919 22.
1266 2883 1362 2930 περὶ]
1382 2889 1419 2925 -1-
1436 2886 1496 2918 τοῦ
1514 2896 1544 2918 a.
1690 2892 1746 2928 27.
1772 2885 1791 2917 ὁ
1808 2885 1868 2918 alt.

278 2936 503 2974 assumptum
522 2942 561 2963 ex
584 2930 625 2964 B.
