2016 3246
272 170 354 210 120
674 165 724 205 Β.
758 158 1034 203 CYRILLI
1075 150 1454 197 ALEXANDR.
1685 140 1771 182 viii.
1791 149 1858 193 53.

274 275 441 331 αὐτοὺς
480 272 886 342 ἀποτεθνήξεσθαι
926 267 1035 338 φῂς,
1067 263 1245 331 μείζους
1284 260 1436 326 δήπου
1474 255 1662 309 πάντως
1702 250 1777 301 καὶ
1815 249 1864 298 ἐν

275 360 491 423 ἀμείνοσι
535 361 630 408 τῶν
670 352 923 421 εἰρημένων
968 352 1075 411 εἶσὶ,
1115 346 1213 398 κατ’
1256 341 1370 394 αὐτὸ
1416 339 1472 404 δὴ
1517 342 1656 388 τοῦτο
1700 331 1754 383 τὸ
1799 328 1864 394 μὴ

276 440 507 494 τεθνάναι.
561 436 630 504 ἆρ’
660 437 754 488 οὖν·
795 432 893 486 εἰπὲ
927 431 1035 498 γὰρ,
1061 430 1199 497 φασὶ,
1228 428 1303 476 καὶ
1330 420 1578 488 ἀπόκριναι
1605 416 1863 467 διαπυνθα-

279 523 487 588 νομένοις
541 522 703 571 ἐκεῖνο·
764 517 920 585 μείζων
972 510 1110 564 αὐτὸς
1161 507 1198 561 εἶ
1245 508 1316 559 τοῦ
1359 501 1583 571 ζΑβροιέιμ
1640 498 1716 549 καὶ
1774 497 1869 545 τῶν

278 608 556 674 προφητῶν,
584 604 608 652 ὁ
647 602 722 651 καὶ
757 598 936 664 μείζους
973 593 1158 645 ἐκείνων
1191 589 1373 655 ἑτέρους
1408 585 1656 636 ἀποτελεῖν
1687 579 1863 643 ὑπισχ-
1889 589 1911 627 5

282 689 532 751 νούμενος;
576 682 646 750 ἆρ’
677 684 731 733 οὐ
766 677 970 747 τεθνήξῃ
1005 672 1298 738 τεθνηκότων
1333 667 1533 727 ἐκείνων,
1564 664 1789 725 διαμενεῖς
1824 655 1872 707 δὲ

61 784 144 820 577
159 781 209 817 A·
245 769 531 830 ἃάθάνατος,
558 766 805 832 ἄνθρωπος
841 760 918 821 ὧν,
945 762 1021 811 καὶ
1057 756 1150 808 ἀπὸ
1186 757 1272 821 γῆς
1312 751 1432 819 ε”χων
1465 747 1519 799 τὸ
1556 749 1730 807 σῶμα;
1773 743 1874 793 πῶς

286 854 368 905 οὖν
408 851 465 903 ἂν
503 848 706 912 ἐπιδοίης
747 844 916 910 ἑτέροις
959 840 983 892 ὃ
1025 841 1107 890 οὐκ
1149 837 1266 905 ἔχεις
1309 831 1481 892 αὐτός;
1538 824 1738 893 τεθνήξῃ
1782 820 1875 889 γὰρ

285 934 476 989 πάντως
511 932 759 997 ἄνθρωπος
798 925 879 977 ὧν.
936 928 973 974 εἰ
1009 922 1056 974 δὲ
1093 922 1175 971 οὐκ
1212 917 1251 970 εἶ
1281 916 1438 986 μείζων
1462 909 1686 980 Ἀβραάμ
1718 928 1766 957 τε
1802 905 1877 955 καὶ

285 1022 380 1068 τῶν
405 1017 683 1083 προφητῶν,
709 1009 791 1061 τὸν
820 1006 974 1059 κοινὸν
1001 1004 1185 1055 ἐκείνοις
1222 994 1617 1061 ὑποστησόμενος
1651 988 1874 1047 θάνατον,
1903 1004 1950 1030 10

288 1100 372 1150 οὐκ
417 1098 509 1163 ἄρα
560 1094 727 1146 δώσεις
775 1090 944 1155 ἑτέροις
998 1086 1022 1137 ἶ)
1075 1084 1197 1148 μηδέ
1243 1103 1323 1132 σοι
1368 1077 1634 1144 πρόσεστιν
1679 1067 1876 1136 ἀγαθόν·

289 1179 509 1243 τοιαύτην
548 1176 653 1228 τινὰ
696 1174 782 1238 τὴν
827 1170 1034 1223 διάνοιαν
1080 1167 1173 1234 ἔχει
1216 1164 1270 1215 τὸ
1314 1159 1532 1225 πλαγίως
1576 1154 1685 1220 παρ’
1728 1152 1883 1202 αὐτῶν

291 1261 544 1330 εἰρημένον.
599 1260 674 1310 καὶ
713 1255 777 1323 μὴ
818 1252 1083 1319 θαυμάσῃς,
1110 1252 1147 1299 εἰ
1181 1245 1330 1298 πλέον
1362 1240 1494 1294 οὐδὲν
1530 1240 1745 1289 ἐννοοῦσι
1779 1233 1885 1297 περὶ

293 1349 528 1411 Χριστοῦ.
598 1343 660 1395 ὡς
704 1337 797 1405 γὰρ
843 1333 1081 1388 πολλάκις
1125 1330 1215 1394 ἤδη
1258 1325 1333 1378 διὰ
1373 1327 1574 1376 πολλῶν
1615 1316 1881 1384 εἰρήκαμεν,

297 1428 547 1493 ἄνθρωπον
604 1422 745 1473 αὐτὸν
802 1417 916 1470 εἶναι
974 1414 1126 1484 ψιλὸν
1183 1412 1257 1462 καὶ
1317 1412 1411 1458 τῶν
1469 1403 1575 1455 καθ’
1627 1401 1749 1464 ἡμᾶς
1808 1397 1887 1446 ἕνα
1911 1415 1957 1453 15

252 1508 558 1574 1)νομίζουσι,
611 1503 694 1556 τὸν
748 1499 978 1553 ἑνωθέντα
1034 1496 1179 1562 σαρκὶ
1234 1490 1489 1554 Μονογενῆ
1549 1481 1675 1535 Θεὸν
1727 1479 1889 1544 Λόγον

300 1593 546 1643 παντελῶς
597 1583 940 1652 ἀγνοήσαντες,
996 1580 1092 1629 τίνοι
1144 1576 1322 1627 σεαυτὶν
1375 1571 1529 1625 ποιεῖς,
1583 1565 1639 1633 ἐξ
1688 1561 1890 1626 ἀμέτρου

302 1670 684 1742 φρενοβλαβείας
724 1666 974 1730 μονονουχὶ
1015 1662 1090 1711 καὶ
1127 1658 1418 1721 ἐπανορθοῦν
1457 1649 1631 1701 οἴονται
1672 1651 1892 1706 πλημμε-

304 1760 483 1806 λοῦντα
512 1753 595 1803 τὸν
627 1750 816 1816 Κύριον,
844 1747 918 1797 καὶ
957 1744 1119 1806 ὥσπερ
1158 1734 1410 1804 ἠγνοηκότι
1448 1730 1502 1782 τὸ
1540 1729 1735 1795 πρέπον,
1762 1747 1890 1787 συμ-

305 1835 593 1898 βουλεύουσι
622 1835 812 1901 φρονεῖν
838 1851 882 1879 τι
909 1823 1233 1891 μετριώτερον.
1287 1815 1521 1883 ἠγνόηκας
1548 1811 1640 1878 γὰρ
1676 1808 1712 1859 ῶ
1747 1807 1893 1867 οὗτος,
1917 1826 1966 1850 20

308 1920 446 1988 φασὶ,
474 1916 559 1980 τὴν
584 1917 749 1966 ἑαυτοῦ
783 1910 947 1979 φύσιν,
975 1905 1207 1958 ἐπελάθου
1245 1901 1292 1952 δὲ
1327 1899 1490 1963 ὥσπερ
1530 1895 1778 1959 ἄνθρωπος
1817 1888 1895 1949 ῶν,

310 2002 393 2051 οὐκ
420 1998 655 2066 ἠρκέσθης
681 1997 747 2064 τῷ
774 1992 954 2044 δοθέντι
980 1986 1111 2053 παρὰ
1133 1990 1258 2036 Θεοῦ
1286 1982 1456 2049 μέτρῳ·
1481 1980 1577 2028 τίνα,
1600 1973 1694 2040 γὰρ
1721 1970 1899 2022 now-1³01}

311 2086 467 2140 ποιεῖς,
497 2083 521 2132 ὁ
561 2084 637 2130 καὶ
674 2081 757 2141 τῆς
795 2076 902 2141 παρ’
933 2074 1075 2123 αὑτοῦ
1116 2066 1387 2137 φιλοτιμίας
1426 2059 1485 2111 τὰ
1524 2057 1695 2122 ἀμείνω
1730 2053 1901 2104 δώσειν

274 2160 795 2230 Οκαθυπισχνούμενος,
846 2159 920 2207 καὶ
978 2153 1163 2218 μείζονα
1223 2144 1544 2211 κατορθώσειν
1595 2141 1678 2202 τῆς
1731 2135 1903 2186 ἐκείνου

314 2245 551 2308 δυνάμεως
604 2238 947 2310 ῥιψοκινδύνως
1000 2233 1176 2293 εἰπών,
1245 2226 1580 2292 κατακρίνουσι
1632 2219 1789 2270 τοίνυν
1842 2216 1902 2268 ὡς
1926 2230 1974 2268 25

314 2324 719 2394 δυσφημήσαντα,
771 2322 847 2371 καὶ
906 2317 1152 2382 σκορπίων
1209 2311 1340 2373 δίκην
1390 2307 1656 2368 ἐπιπηδῶσι
1713 2296 1902 2358 λοιπὸν,

314 2412 530 2472 ἐπιτιμᾶν
557 2405 603 2456 δὲ
638 2407 805 2473 χρῆναι
841 2402 916 2451 καὶ
951 2396 1146 2466 σφόδρα
1182 2391 1368 2443 δικαίως
1407 2380 1807 2446 ὑπολαμβάνουσι
1841 2382 1907 2446 τῷ

315 2493 533 2558 Χριστῷ,
572 2489 634 2540 ὡς
671 2485 726 2536 τὸ
767 2482 851 2547 μὲν
890 2483 972 2544 τῆς
1011 2474 1374 2543 ἀνθρωπότητος
1414 2466 1681 2532 ἀτιμάζοντι
1721 2460 1908 2526 μέτρον,

318 2574 619 2636 ἀναπηδῶντι
678 2566 726 2618 δὲ
783 2567 858 2616 καὶ
915 2558 1220 2631 ἐξαλλομένῳ
1281 2558 1525 2611 τοσοῦτον,
1579 2549 1639 2600 ὡς
1702 2542 1911 2594 ἐπέκεινα

321 2655 553 2724 φέρεσθαι
598 2653 681 2714 τῆς
726 2647 922 2710 ἐνούσης
967 2642 1109 2711 δόξης
1153 2642 1220 2708 τῷ
1264 2634 1456 2688 πάντων
1496 2626 1740 2693 Δεσπότῃ,
1779 2620 1912 2673 ἀλλὰ
1932 2636 1982 2672 30

372 2806 405 2839 3.
432 2794 608 2835 ἀπόκριναι
626 2789 729 2823 edidi.
745 2787 940 2834 [ἀπόκριναι
959 2784 994 2817 δέ
1016 2783 1145 2827 ΗΕὙΞΕ,
1165 2778 1227 2813 sed
1244 2776 1361 2822 potius
1381 2775 1557 2816 ἀπόκριναι
1574 2767 1642 2812 τε]
1657 2763 1854 2807 ἆποκρίνετε
1869 2760 1912 2794 Β.

326 2839 539 2882 ἀποκρίνεται
560 2838 680 2871 Holst.
701 2836 766 2869 Ed.
787 2834 884 2867 deest
903 2831 1061 2866 clausula
1078 2830 1112 2861 in
1132 2839 1163 2860 a.
1287 2836 1320 2865 4.
1348 2822 1453 2855 ἐκεῖνο
1471 2817 1575 2852 edidi.
1596 2814 1708 2848 ἐκείνω
1728 2811 1769 2844 Β.
1789 2809 1914 2841 ἐκεῖνον

329 2887 393 2921 Ht.
414 2885 481 2919 Ed.
608 2883 641 2917 6.
666 2881 736 2927 ἆρ’]
756 2881 856 2916 αὐτὸς
874 2891 904 2913 a.
1036 2885 1067 2920 7.
1094 2871 1179 2917 ἀπὸ]
1199 2871 1234 2905 ἐκ
1251 2883 1282 2904 a.
1404 2868 1437 2902 8.
1464 2865 1504 2898 ἂν
1522 2858 1687 2903 ἐπιδοίης]
1709 2855 1865 2901 ἐπιδίδως
1882 2864 1913 2886 a.

329 2945 363 2979 9.
388 2929 526 2976 μείζων]
552 2934 587 2969 -1-
611 2930 710 2963 αὐτὸς
728 2940 758 2961 a.
920 2935 975 2958 21.
1001 2923 1091 2968 φησι
1110 2926 1143 2954 et
1162 2919 1292 2953 σαυτοῦ
1309 2927 1341 2949 a.
1484 2921 1540 2944 22.
1566 2906 1698 2942 δοθέντι
1715 2902 1807 2947 παρὰ
1826 2901 1914 2934 Θεοῦ

329 2980 396 3013 hoc
414 2977 535 3012 ordine
554 2976 631 3009 B.a.
698 2974 842 3009 σεαυτὸν
860 2972 903 3005 Β.
921 2971 1040 3005 ἑαυτὸν
1059 2968 1123 3002 Ht.
1143 2965 1211 3000 Ed.
