2011 3266
293 119 378 158 246
702 117 753 158 B.
788 117 1064 158 CYRILLI
1105 118 1489 160 ALEXANDR.
1673 133 1887 176 x.19-21.

247 239 273 279 b
293 226 412 278 καθὸ
465 225 513 277 δὲ
565 227 759 292 γέγονεν
810 226 1060 293 ἅνθρωπος
1111 229 1186 278 καὶ
1238 228 1561 279 ε’ταπείπωσεν
1606 227 1784 290 ἑαυτὸν,
1828 227 1888 280 τὰ

291 307 535 374 πρέποντα
561 313 619 377 τῇ
647 310 975 375 ἀνθρωποτητι
1001 313 1147 359 λαλεῖ
1170 309 1359 376 ῥήματα
1392 313 1709 374 οἰκονομικῶς.
1763 310 1889 374 ὅμως

290 389 345 441 τὸ
384 394 467 454 τῆς
503 393 698 455 ἐντολῆς
734 390 883 454 ὄνομα
915 390 1089 458 ἔξωθεν
1118 393 1201 453 τῆς
1240 391 1403 445 οὐσίας
1443 391 1672 459 ὑπάρχον,
1710 393 1792 443 οὐκ
1831 390 1888 443 ἂν

289 472 472 538 γένοιτο
514 477 597 537 τῆς
636 474 802 526 οὐσίας
841 473 1074 538 ἔγκλημα.
1144 473 1198 523 οὐ
1244 473 1337 539 γὰρ
1378 474 1427 523 ἐν
1466 477 1532 542 τῷ
1575 472 1887 525 ἐντέλλεσθαι

289 554 372 605 τὸν
402 556 609 621 Πατέρα,
636 554 689 606 τὸ
725 552 845 605 εἷναί
875 557 978 606 ἐστι
1011 559 1078 623 τῷ
1105 558 1226 624 Υὶῲ,
1257 554 1361 606 οὐδὲ
1394 561 1532 606 τοῦτο
1564 555 1745 622 γένοιτό
1771 579 1886 608 ποτε

289 639 373 700 τῆς
412 637 577 690 οὐσίας
617 637 736 702 ὅρος.
790 635 882 687 οἶδε
920 636 1076 687 τοίνυν
1113 638 1138 687 ὁ
1170 635 1299 699 Υἱὸς,
1328 639 1389 690 ὡς
1423 637 1580 702 βουλὴ
1620 639 1696 688 καὶ
1734 639 1887 707 σοφία

289 724 373 769 τοῦ
412 717 617 784 Πατρὸς,
651 716 705 769 τὸ
744 719 987 784 ἀραρότως
1026 718 1295 785 κεκριμένον
1324 720 1432 786 παρ’
1463 720 1620 770 αὐτοῦ·
1661 723 1698 771 εἰ
1737 719 1785 771 δὲ
1824 723 1887 774 ὡς

291 799 489 864 ἐντολὴν
517 801 712 868 δέχεται,
740 800 804 864 μὴ
833 799 1100 868 θαυμάσῃς.
1155 801 1465 867 ἀνθρωπίνοις
1499 801 1592 867 γὰρ
1631 801 1793 868 λόγοις
1826 802 1886 854 τὰ

292 882 407 948 ὑπὲρ
434 880 585 947 λόγον
605 883 901 947 σημαίνεται,
922 884 997 933 καὶ
1024 881 1082 933 τὰ
1108 887 1209 936 ταῖς
1233 883 1475 949 ἡμετέραις
1501 883 1680 950 ἄῤῥητα
1706 888 1887 952 φωναῖς

252 964 610 1029 οκατεσπάσθη
654 964 774 1031 πρὸς
817 964 900 1016 τὸν
943 965 1093 1030 λόγον
1138 964 1221 1015 τὸν
1263 967 1311 1016 ἐν
1353 966 1480 1030 ἡμῖν,
1521 966 1595 1016 ἵνα
1643 968 1720 1016 καὶ
1765 971 1885 1017 νοεῖν

291 1046 586 1113 ἰσχύσωμεν.
653 1046 977 1110 αἷτιασώμεθα
1027 1046 1195 1109 τοίνυν,
1241 1047 1295 1097 οὐ
1341 1047 1427 1111 τὴν
1471 1052 1554 1098 τοῦ
1605 1047 1885 1113 πράγματος

289 1129 504 1190 ἀτοπίαν,
544 1128 674 1178 ἀλλὰ
718 1128 804 1193 τὴν
841 1133 937 1179 τῶν
974 1128 1199 1195 ῥημάτων
1238 1128 1486 1180 ἀσθένειαν
1524 1130 1577 1179 οὐ
1617 1130 1886 1194 δυναμένων

288 1209 549 1278 ἐφικέσθαι,
581 1212 687 1262 καθ’
724 1209 778 1261 ὃν
816 1211 904 1262 ε”δει
942 1209 1139 1277 τρόπον,
1170 1213 1253 1275 τῆς
1291 1215 1386 1262 τῶν
1420 1210 1716 1278 πραγμάτων
1752 1209 1885 1263 ποιό-

288 1315 427 1356 τητος
453 1294 529 1343 καὶ
555 1294 779 1359 ἀκριβοῦς
805 1294 1064 1359 ἑρμηνείας.

225 1510 271 1545 19
291 1505 453 1561 Σχίσμα
490 1506 618 1547 Πάλιν
645 1505 814 1553 ἐγένετο
848 1505 892 1546 ἐν
919 1502 1007 1546 τοῖς
1028 1503 1255 1545 Ἰουδαίοις
1283 1503 1351 1545 διὰ
1379 1504 1477 1545 τοὺς
1509 1505 1660 1552 λόγους
1693 1506 1880 1546 τούτους·

224 1602 273 1627 20
361 1589 508 1637 ἕλει-ον
547 1588 591 1630 δὲ
632 1589 786 1629 Πολλοὶ
826 1588 872 1632 ἐξ
911 1588 1054 1629 αὐτῶν
1087 1588 1318 1637 Δαιμόνιον
1352 1588 1437 1643 ἔχει
1477 1588 1544 1628 καὶ
1582 1586 1791 1635 μαίνεται·
1846 1587 1886 1630 τί

223 1685 267 1708 21
360 1673 490 1713 αὐτοῦ
536 1672 742 1725 ἀκούετε,
791 1672 919 1713 ἄλλοι
961 1672 1111 1719 ἕλει-ον
1151 1671 1298 1712 Ταῦτα
1351 1671 1398 1712 τὰ
1449 1671 1620 1727 ριἰματα
1665 1671 1741 1712 οὐκ
1794 1671 1884 1712 ἔστι

359 1755 722 1812 δαιμονιζομένου·
795 1756 851 1803 μή
904 1755 1125 1804 δαιμόνιον
1177 1754 1354 1795 δύναται
1406 1754 1582 1809 τυφλῶν
1631 1754 1883 1810 ὀφθαλμοὺς

359 1835 555 1890 ἀνοῖξαι,

245 1958 271 1999 d
368 1952 569 2005 Κάτεισι
601 1959 684 2005 τοῦ
720 1957 941 2021 Σωτῆρος
981 1955 1005 2004 ὁ
1042 1952 1188 2019 λόγος
1227 1957 1289 2007 εἷς
1324 1951 1407 2007 τὰς
1442 1957 1537 2004 τῶν
1572 1952 1882 2019 ἀκροωμένων

290 2037 494 2102 καρδίας,
538 2038 612 2087 καὶ
659 2036 1015 2103 τρυφερωτέρας
1053 2035 1138 2099 μὲν
1177 2034 1322 2101 εὑρὼν
1360 2034 1680 2098 μεταπλάττει
1722 2057 1877 2102 παρα·

290 2121 462 2186 χρῆμα,
507 2121 582 2169 καὶ
632 2118 752 2184 πρὸς
802 2118 901 2186 ἕξιν
945 2118 1232 2182 μεθίστησιν
1276 2115 1480 2182 ἀγαθήν·
1552 2121 1786 2183 σκληραῖς
1833 2116 1882 2168 δὲ

289 2199 552 2268 περιτυχὼν
579 2200 897 2252 ἀπανίσταται
933 2202 1009 2250 καὶ
1045 2198 1257 2250 ἀπονεύει
1292 2198 1470 2264 τρόπον
1495 2197 1613 2251 τινα.
1664 2199 1830 2250 οὐκοῦν
1855 2200 1880 2249 ὁ

289 2281 374 2344 μὲν
419 2282 603 2352 ἕτοιμόν
648 2305 748 2336 πως
799 2286 861 2334 εἰς
911 2280 1278 2347 εὐγνωμοσύνην
1324 2280 1444 2347 ἔχων
1488 2278 1570 2330 τὸν
1623 2286 1751 2343 νοῦν,
1798 2279 1883 2331 τὸν

290 2364 529 2430 σωτήριον
568 2364 786 2428 ἀσμένως
829 2362 1141 2431 παραδέξεται
1187 2361 1350 2428 λόγον,
1390 2363 1414 2412 ὁ
1459 2361 1507 2412 δὲ
1545 2361 1609 2426 μὴ
1647 2368 1877 2426 τοιοῦτος,

290 2447 458 2496 οὐκέτι.
513 2445 724 2496 τοιοῦτόν
763 2469 807 2496 τι
850 2445 1029 2509 συνέβη
1074 2448 1242 2496 παθεῖν
1281 2443 1390 2498 τοὺς
1433 2443 1674 2494 Ἰουδαίων
1714 2443 1877 2497 λαούς.

290 2527 446 2593 ἐπειδὴ
483 2527 577 2594 γὰρ
611 2533 706 2579 τῶν
731 2533 814 2579 τοῦ
848 2530 1069 2593 Σωτῆρος
1103 2524 1494 2593 κατηκροάσαντο
1528 2524 1702 2591 λόγων,
1730 2548 1875 2576 κατα·

338 2722 369 2746 2.
396 2712 497 2745 λαλεῖ
513 2710 644 2755 ῥήματα
663 2710 729 2744 hoc
748 2709 871 2744 ordine
889 2710 959 2744 a.k.
1084 2717 1116 2754 7.
1143 2708 1232 2754 αὐτῷ
1251 2708 1322 2742 a.k.
1450 2718 1503 2741 10.
1530 2707 1588 2741 τὸν
1606 2706 1704 2751 prius
1721 2718 1792 2742 om.
1809 2709 1878 2742 a.k.

293 2769 306 2792 1
318 2770 346 2792 Ι.
373 2758 598 2801 αἰτιασόμεθα
615 2758 685 2791 a.k.
846 2768 898 2799 15.
929 2756 1065 2801 Σχίσμα
1083 2756 1119 2790 k.
1138 2756 1275 2799 Σχίσμα
1293 2753 1351 2788 οὖν
1369 2754 1463 2788 Aub.
1625 2762 1749 2798 15—19.
1776 2754 1879 2788 διὰ-

290 2805 421 2847 ἀνοῖξαι
438 2805 474 2838 k.
495 2805 546 2838 καὶ
565 2820 605 2838 τα
623 2805 701 2847 ἑξῆς
719 2803 812 2837 Aub.
977 2814 1032 2837 21.
1060 2801 1323 2846 τρυφερωτέραν
1340 2801 1410 2834 a.k.
1571 2810 1626 2833 22.
1653 2802 1785 2843 σκληρᾷ
1805 2802 1876 2836 a.k.

291 2861 346 2893 23.
372 2851 545 2896 ἀπονεύει]
565 2850 769 2895 ἀπαγορεύει
788 2862 817 2884 a.
836 2849 991 2884 ἇπονεὺει
1009 2849 1113 2883 habet
1131 2849 1166 2883 k.
1336 2848 1391 2882 26.
1417 2849 1487 2882 τοῖς
1503 2845 1677 2880 Ἰουδαίων
1694 2848 1791 2882 λαοῖς
1808 2849 1876 2882 a.k.

314 2906 359 2923 Ους
614 2907 661 2924 θὶς

288 2931 360 2964 τοῖς
375 2930 547 2965 Ἰουδαίων
564 2933 661 2966 λαοῖς
679 2930 756 2965 Cat.
779 2929 877 2964 Harl.

1907 572 1930 610 5

1909 989 1957 1014 10

1907 1513 1953 1551 15

1903 1974 1953 2000 20

1901 2379 1950 2418 25
