2037 3266
350 139 434 179 660
758 137 808 177 B.
840 136 1116 177 CYRILLI
1158 135 1541 176 ALEXANDR.
1779 134 1879 175 xvii.
1902 147 1939 174 1.

351 254 525 300 λοντας
564 250 840 316 φιλοθηρεῖν
878 247 928 298 εὖ
958 244 1091 310 μάλα
1129 246 1215 310 τὴν
1252 250 1346 297 τῶν
1388 243 1638 310 δογμάτων
1676 243 1935 310 ἀκρίβειαν.

353 330 500 398 Πάτερ
538 329 693 380 τοίνυν
721 332 873 397 φησὶν
900 327 1097 389 ἐλήλυθεν
1133 332 1154 389 ἦ
1186 328 1288 396 ὧροι,
1325 325 1506 397 δόξασόν
1546 351 1623 379 σου
1660 326 1726 379 τὶν
1752 326 1845 377 ”sibu
1866 326 1940 376 ’ἶνα

354 415 431 462 καὶ
467 416 484 463 o‘
516 412 614 467 ’Υἱός
648 436 723 463 σου
763 408 927 484 δοξάσῃ
968 435 1031 462 σε.
1091 412 1166 461 καὶ
1205 409 1323 461 ὅσον
1361 408 1445 472 μὲν
1483 409 1588 474 ἧκεν
1628 413 1691 463 εἷς
1724 407 1810 472 τὴν
1846 411 1941 458 τῶν

349 494 602 560 εἰρημένων
650 491 914 557 διασκευὴν,
966 492 1139 557 οἰηθείη
1183 490 1269 555 μὲν
1313 491 1370 542 ἄν
1413 514 1483 545 τις
1533 492 1740 545 εὐκλείας
1784 491 1941 541 ἐπιδεᾶ

351 575 636 626 καθεστάναι
666 574 809 642 τυχὸν
835 575 918 625 τὸν
944 579 1135 625 τοιαῦτα
1167 575 1386 639 λε’γοντα·
1440 572 1667 638 ἐννοήσας
1703 572 1852 638 γεμὴν
1886 573 1940 624 τὸ

349 664 433 709 τοῦ
462 662 763 723 Μονογενοῦς
791 656 991 725 ἀξίωμα,
1021 656 1190 725 ῥᾳδίως
1225 653 1283 706 ἂν
1309 653 1435 719 οἶμαι
1461 659 1555 706 τῶν
1588 656 1734 709 οὕτως
1761 655 1941 706 ἀθλίων

350 738 656 804 ἀποπηδήσαι
692 742 959 803 λογισμῶν.
1016 738 1201 802 ἠλίθιον
1227 737 1320 804 γὰρ
1346 739 1513 806 κομιδῇ
1549 735 1603 789 τὸ
1638 737 1780 806 δόξης
1817 736 1943 791 τινὸς

304 828 331 869 b
350 822 530 872 οἴεσθαι
565 823 721 872 ἐπιδεᾶ
748 823 823 871 καὶ
849 824 932 883 τῆς
959 821 1084 889 αὐτῷ
1118 820 1394 887 πρεπούσης
1419 823 1673 886 ἀμοιρῆσαι
1699 822 1835 884 τιμῆς
1861 818 1943 870 τὸν

127 908 279 983 ἓθὸῡῇἐῑο·
349 902 483 966 Υἱὸν,
521 905 668 954 καίτοι
706 905 789 967 τῆς
829 902 970 971 δόξης
1010 902 1124 954 ὄντα
1163 903 1357 968 Κύριον·
1419 903 1541 954 οὕτω
1586 902 1679 969 γὰρ
1718 901 1860 953 αὑτὸν
1896 905 1943 952 αἱ

126 996 159 1026 ii·
179 1004 206 1027 1·
349 984 654 1037 θεόπνευστοι
698 991 901 1036 καλοῦσι
944 986 1144 1053 γραφαί.
1214 985 1379 1038 ἄλλως
1418 1008 1467 1036 τε
1509 987 1585 1036 καὶ
1622 984 1815 1050 ἑτέρωθί
1852 1007 1942 1036 που

127 1082 223 1166 Infra5
350 1068 586 1133 θεωρήσαι
613 1091 681 1121 τις
709 1066 765 1118 ἂν
793 1068 997 1133 λέγοντα
1022 1067 1138 1133 πρὸς
1168 1066 1249 1118 τὸν
1278 1068 1470 1134 Πατέρα
1497 1075 1522 1097 “
1547 1066 1707 1133 Πάτερ
1734 1065 1944 1135 δόξασόν

127 1136 192 1156 VGI'.
229 1149 235 1156 .

351 1157 376 1179 “
400 1172 457 1213 με
491 1153 548 1217 τῇ
585 1148 700 1218 δόξῃ
734 1147 761 1216 ᾗ
802 1148 928 1216 εἶχον
954 1149 1047 1214 πρὸ
1075 1155 1157 1200 τοῦ
1193 1148 1276 1201 τὸν
1302 1149 1485 1213 κόσμον
1511 1146 1623 1199 εἶναι
1658 1148 1787 1214 παρὰ
1821 1148 1940 1200 σοι’.”

349 1229 446 1282 εἶτα
495 1232 583 1282 τίνι
630 1231 799 1282 λοιπὸν
845 1233 1132 1300 ἀμφίλογον,
1178 1231 1247 1285 τίς
1292 1230 1339 1282 δὲ
1383 1233 1504 1282 οὕτω
1543 1230 1627 1282 τὸν
1666 1236 1775 1282 νοῦν
1819 1229 1940 1281 ἀπό-

347 1323 559 1378 πληκτος
587 1316 663 1364 καὶ
689 1313 851 1378 πάσης
882 1315 1106 1378 ἀληθείας
1139 1313 1320 1381 ἐχθρὸς,
1352 1315 1413 1366 ὡς
1449 1312 1514 1377 μὴ
1541 1312 1749 1364 συνιέναι
1783 1335 1833 1363 τε
1868 1313 1944 1363 καὶ

349 1396 600 1462 ὁμολογεῖν
626 1396 697 1447 ὅτι
725 1395 868 1464 δόξης
894 1395 980 1459 μὲν
1007 1397 1089 1446 οὐκ
1115 1396 1359 1461 ἐστέρηται
1393 1397 1476 1459 τῆς
1504 1399 1791 1461 θεοπρεποῦς
1827 1393 1944 1445 ὅσον

126 1488 213 1562 ghil-
226 1499 260 1519 11
310 1502 331 1529 c
349 1481 409 1531 εἰς
437 1478 606 1528 οἰκείαν
632 1478 782 1546 φύσιν
810 1480 833 1527 ὁ
860 1478 1152 1544 Μονογενής·
1197 1477 1352 1542 ἐπειδὴ
1379 1477 1426 1529 δὲ
1455 1476 1681 1544 ὑπάρχων
1707 1478 1754 1527 ἐν
1779 1480 1944 1544 μορφῇ

151 1555 158 1563 ’
348 1562 423 1610 καὶ
462 1563 519 1625 τῇ
556 1559 675 1610 κατὰ
713 1564 809 1610 πᾶν
837 1560 1020 1623 ἰσότητι
1055 1565 1138 1611 τοῦ
1166 1563 1290 1611 Θεοῦ
1322 1563 1397 1610 καὶ
1426 1559 1631 1626 Πατρδς,
1659 1560 1746 1627 οὐχ
1786 1560 1939 1624 ἁρπα-

347 1640 470 1706 γμὸν
512 1641 727 1707 ἡγήσατο
766 1641 819 1692 τὸ
861 1641 974 1692 εἶναι
1014 1642 1098 1693 ἰ’σα
1138 1644 1264 1711 Θεῷ,
1298 1641 1592 1705 καταβέβηκε
1635 1640 1720 1704 μὲν
1755 1644 1818 1694 εἷς
1854 1639 1941 1704 τὴν

347 1724 452 1774 καθ’
495 1724 616 1787 ἡμᾶς
660 1725 956 1785 ταπείνωσιν,
997 1724 1159 1774 ἑαυτὸν
1199 1723 1246 1774 δὲ
1285 1724 1517 1786 κεκένωκε,
1559 1723 1613 1774 τὸ
1649 1722 1940 1792 ἀδοξότατον

347 1807 474 1856 τουτὶ
509 1805 782 1874 πεφορεκὼς
807 1811 951 1869 σῶμα
983 1808 1057 1856 καὶ
1084 1809 1166 1868 τῆς
1194 1805 1487 1872 ἀνθρωπίνης
1514 1804 1827 1871 σμικρότητος
1855 1804 1939 1869 τὴν

348 1888 575 1951 ὁμοίωσιν
601 1888 658 1956 ἐξ
680 1887 867 1952 ἀγάπης
893 1888 1080 1951 ὑποδὺς,
1106 1890 1166 1941 ὡς
1194 1887 1282 1951 ἤδη
1308 1887 1541 1952 παρόντος
1568 1910 1616 1938 τε
1649 1889 1724 1938 καὶ
1751 1889 1939 1952 ἐνεστη-

347 1969 481 2024 κότος
515 1975 598 2020 τοῦ
629 1969 915 2034 καθήκοντος
950 1972 1136 2037 χρόνου,
1164 1971 1270 2021 καθ’
1302 1968 1354 2020 ὃν
1391 1969 1479 2020 ἔδει
1514 1969 1662 2021 πάλιν
1688 1969 1830 2020 αὐτὸν
1854 1969 1941 2034 τὴν

347 2058 430 2104 τοῦ
465 2053 727 2117 μυστηρίου
763 2052 923 2119 χρείαν
956 2051 1393 2118 ἀποπληρώσαντα,
1427 2051 1513 2116 τὴν
1543 2052 1744 2120 ἀρχαίαν
1780 2075 1830 2103 τε
1866 2054 1941 2103 καὶ

347 2133 553 2198 οὐσιώδη
578 2134 998 2202 μεταμφιέσασθαι
1026 2131 1173 2203 δόξαν,
1195 2133 1314 2196 ὅλην
1337 2133 1661 2184 ἀνασώσαντα
1685 2132 1771 2198 τὴν
1792 2138 1941 2185 οἰκου-

304 2222 331 2262 d
349 2217 506 2281 με’νην,
538 2215 863 2267 ἀνασώσαντά
899 2240 947 2267 τε
986 2215 1105 2283 πρὸς
1143 2215 1263 2281 ζωὴν
1298 2217 1373 2266 καὶ
1412 2216 1706 2280 θεογνωσιάν
1745 2215 1854 2270 τοῦς
1892 2218 1941 2267 ἐν

350 2299 481 2364 αὐτῇ,
509 2296 855 2362 συνευδοκητὴν
882 2300 957 2348 καὶ
990 2297 1312 2361 συνεθελητὴν
1338 2297 1487 2347 πάλιν
1523 2299 1609 2348 κάν
1635 2297 1785 2366 τούτῳ
1812 2300 1934 2348 δεικ-

351 2379 430 2433 νὺς
469 2379 551 2430 τὸν
580 2380 786 2445 Πατέρα·
834 2377 919 2443 τὴν
953 2379 1071 2444 πρὸς
1109 2378 1250 2430 αὐτὸν
1287 2384 1483 2430 ποιεῖται
1522 2377 1744 2447 διάλεξιν,
1771 2381 1940 2446 χρῆναι

350 2459 407 2524 δὴ
452 2461 640 2515 πάντως
686 2459 851 2512 ἑαυτὸν
894 2461 1257 2528 ἀνακομίζεσθαι
1304 2461 1458 2527 λέγων
1503 2464 1566 2514 εἰς
1604 2459 1658 2512 τὸ
1700 2464 1783 2525 τῆς
1825 2462 1941 2515 ἰδίας

350 2543 542 2611 φύσεως
572 2543 756 2612 ἀξίωμα
779 2566 791 2605 3

417 2622 604 2675 ’Άνεισι
653 2624 702 2676 δὲ
746 2629 879 2687 πῶς;
939 2624 966 2689 ὴ
1011 2626 1229 2690 δηλονότι
1270 2630 1363 2676 τῶν
1407 2628 1489 2689 τῆς
1532 2625 1751 2690 θεότητος
1791 2624 1941 2691 ε”ργων

350 2705 671 2770 ἀποτελεστὴς
699 2709 771 2756 καὶ
799 2705 915 2768 μετὰ
942 2705 1119 2771 σαρκὸς
1146 2705 1541 2769 ἀναδεικνύμενος,
1565 2707 1652 2774 οὐχ
1679 2708 1740 2760 ὡς
1767 2707 1940 2771 ὑπουρ-

395 2899 427 2935 5.
454 2890 653 2926 καθεστάναι
674 2892 713 2926 Ε.
732 2891 929 2927 καθιστάναι
950 2891 1017 2927 Ed.
1226 2905 1277 2928 10.
1304 2893 1466 2938 ἐτέρωθέν
1485 2894 1525 2928 Ε.
1733 2903 1784 2927 12.
1811 2906 1875 2936 μου
1894 2891 1935 2926 Ε,

349 2947 403 2971 22.
431 2937 531 2972 αὐτὸν
549 2937 589 2972 Ε.
608 2939 709 2983 αὐτὴν
728 2938 793 2973 Ed.
984 2950 1042 2984 30.
1068 2941 1256 2985 τῴ-ἕργῳ
1277 2940 1315 2975 E.

1963 591 1984 630 5

1966 1009 2015 1034 10

1968 1414 2014 1452 15

1962 1828 2011 1852 20

1963 2640 2013 2676 30
