1971 3272
140 154 311 207 viii.50.
528 155 597 194 IN
642 154 683 193 S.
718 154 1053 193 JOANN'EM.
1119 154 1239 193 MR.
1271 154 1344 194 VI.
1649 153 1717 190 11]

140 262 257 330 τιμῶ
280 262 344 314 τᾶν
377 262 565 332 Πατέρα,
592 266 674 326 τῆς
700 263 818 329 πρὸς
846 263 987 313 αὑτὸν
1015 263 1292 325 οἰκειότητος
1328 262 1418 329 ε’·’ξω
1455 263 1593 313 τιθεὶς
1619 260 1725 311 τους

139 345 206 395 ἐπ’
250 343 439 412 ἀκράτῳ
488 345 691 413 πονηρίᾳ
736 345 1164 410 κατεγνωσμένους,
1210 347 1329 411 ὑμεῖς
1375 342 1422 393 δὲ
1468 344 1541 392 καὶ
1587 347 1726 391 τοῦτο

139 431 361 477 ποιοῦντα
399 425 547 477 πάλιν
579 427 838 496 ἀτιμάζετε,
875 427 950 476 καὶ
989 431 1084 479 τοῖς
1123 426 1326 478 ἐπαίνοις
1364 429 1461 478 τοῖς
1499 425 1605 487 περὶ
1643 428 1726 472 τοῦ

140 507 331 573 Πατρὸς
359 508 744 573 ε’πισκήπτοντες,
771 509 846 559 ἵνα
872 507 936 571 μὴ
963 507 1110 570 μόνον
1136 512 1198 561 εἷς
1233 506 1315 557 τὸν
1339 505 1470 568 Υἱὸν,
1497 506 1607 554 ἀλλ’
1638 504 1726 569 ἤδη

95 591 213 643 5καὶ
250 594 312 643 εἷς
346 589 488 641 αὐτὸν
519 593 870 652 δυσσεβοῦντες
905 590 1190 653 ἀλίσκησθε.
1243 594 1279 640 εἰ
1318 587 1411 655 γὰρ
1450 590 1634 655 ἐμαυτῷ
1668 585 1727 637 τὰ

137 669 380 723 κάλλιστα
411 678 662 739 μαρτυρῶν
688 671 809 741 τιμῶ
835 671 918 723 τὸν
943 672 1255 738 γεννήσαντα,
1282 670 1507 739 ἀτιμάσει
1538 669 1725 723 πάντως

137 751 300 816 δήπου,
341 758 507 822 φησὶν,
547 757 571 805 ὁ
616 753 698 805 τὸν
736 755 793 823 ἐξ
828 756 970 805 αὐτοῦ
1013 759 1110 808 τοῖς
1155 753 1374 821 ἐσχάτοις
1413 751 1726 818 περιβάλλων

136 836 348 889 ὀνείδεσι.
425 836 722 904 πανταχόθεν
771 842 1023 903 τοιγαροῦν
1072 838 1148 887 καὶ
1200 840 1296 889 τοῖς
1346 835 1512 885 ἑαυτοῦ
1561 833 1764 898 λόγοιςο

135 919 421 969 συνίσταται
453 918 682 985 Χριστὸς,
711 921 784 970 καὶ
825 919 896 970 ὅτι
934 918 1056 973 Θεὸς
1095 917 1215 969 κατὰ
1253 918 1403 985 φύσιν
1439 918 1570 967 ἐστὶν
1602 918 1721 967 ἀπο-

69 1020 117 1045 10
138 1000 292 1067 φαίνει
329 1006 516 1070 σαφῶς,
553 1004 627 1052 καὶ
667 1002 723 1052 δι’
751 999 816 1052 ὧν
853 1005 1083 1063 τιμᾶσθαι
1121 999 1204 1051 τὸν
1234 1000 1426 1066 Πατέρα
1466 1000 1604 1068 φησὶ,
1641 1001 1725 1062 τῆς

134 1081 254 1149 πρὸς
292 1083 434 1134 αὐτὸν
466 1083 745 1148 οἰκειότητος
782 1087 865 1147 τῆς
903 1087 997 1134 τῶν
1029 1083 1235 1134 ἀνοσίων
1266 1083 1481 1146 πληθύος
1521 1081 1725 1149 ἐξωθου-

134 1165 288 1230 μένης,
326 1166 609 1231 ἀλλοτρίους
646 1166 900 1219 Ἰουδαίους
937 1165 1247 1216 παντάπασιν
1285 1165 1537 1234 ἀποφαίνει
1577 1167 1719 1214 Θεοῦ.

134 1249 183 1298 τί
204 1246 297 1314 γὰρ
322 1252 417 1299 τῶν
442 1249 590 1299 ἐκεῖνα
616 1247 856 1313 λεγόντων
883 1247 1199 1314 ἀνοσιώτερον
1221 1269 1232 1309 ;

185 1402 303 1451 ἘΓὼ
341 1404 389 1444 οὐ
428 1404 538 1461 ζΗτώ
575 1403 651 1445 τήν
691 1402 820 1447 δόξαν
858 1415 952 1451 μου·
1002 1402 1115 1444 ἔστιν
1154 1402 1176 1444 ὁ
1214 1401 1347 1459 ζΗτὼν
1388 1401 1456 1441 καὶ
1496 1400 1664 1457 κρίνων.
1744 1416 1795 1453 50

68 1522 114 1560 15
207 1512 413 1577 Ἀληθές
447 1514 495 1563 ἐν
526 1511 707 1565 τούτοις
746 1512 908 1578 ὁρᾶται
946 1513 1187 1580 διαφανῶς
1219 1509 1273 1561 τὸ
1309 1508 1384 1560 διὰ
1420 1515 1502 1560 τοῦ
1537 1508 1722 1575 Πέτρου

133 1597 239 1660 περὶ
273 1600 356 1646 τοῦ
383 1597 604 1660 Σωτῆρος
640 1595 772 1658 ἡμῶν
799 1593 1040 1660 εἰρημένον
1068 1591 1208 1646 ζζόΟς
1243 1591 1602 1657 λοιδορούμενος
1637 1592 1719 1642 οὐκ
1739 1614 1761 1638 a
1804 1607 1881 1664 5⁴71
1895 1605 1945 1640 A.

134 1684 160 1707 “
186 1675 514 1743 ἀντελοιδόρει,
546 1675 753 1743 πάσχων
795 1676 878 1726 οὐκ
916 1675 1108 1740 ἠπείλει,
1141 1675 1393 1741 παρεδίδου
1434 1673 1482 1725 δὲ
1520 1677 1586 1742 τῷ
1624 1673 1722 1739 κρί-
1784 1655 1932 1738 &sigen

133 1766 160 1789 ‘⁶
187 1783 313 1810 νοντι
366 1759 600 1812 δικαίως.”
661 1758 863 1819 βλέπετε
914 1757 1007 1824 γὰρ
1059 1757 1186 1810 ὅπως
1235 1756 1295 1807 τά
1338 1753 1529 1807 πάντων
1574 1757 1723 1806 καίτοι

132 1841 350 1909 χείριστά
375 1864 425 1892 τε
453 1843 527 1892 καὶ
555 1840 868 1908 ἀπηχέστατα
893 1839 953 1891 τὰ
977 1838 1107 1906 παρὰ
1137 1843 1232 1889 τῶν
1259 1839 1463 1892 ἀνοσίως
1493 1839 1719 1904 ἐμπαροι-

65 1942 115 1966 20
134 1923 339 1975 νούντων
359 1924 500 1992 αὐτῷ,
517 1926 592 1974 καὶ
618 1929 757 1974 τοῦτο
783 1922 1020 1975 πολλάκις
1051 1923 1141 1981 [καὶ
1168 1921 1266 1977 οὐκ]
1290 1919 1502 1988 εἰσάπαξ
1525 1919 1721 1982 ἀκούων,

132 2005 333 2068 ἐπιμένει
358 2009 416 2072 τῇ
443 2005 585 2073 οἰκείᾳ
611 2005 920 2072 χρηστότητι,
950 2005 1025 2054 καὶ
1053 2009 1136 2053 τοῦ
1163 2003 1427 2068 πρέποντος
1457 2003 1583 2070 αὐτῷ
1619 2002 1718 2052 κατ’

132 2086 297 2138 οὐδένα
332 2085 509 2153 τρόπον
536 2087 793 2154 ἐξίσταται,
820 2085 939 2152 πρὸς
977 2084 1285 2136 ὑποτύπωσιν
1311 2088 1386 2135 καὶ
1421 2089 1558 2134 τοῦτο
1596 2086 1720 2149 δρῶν

131 2168 372 2236 ἡμετέραν,
398 2169 474 2219 ἵνα
500 2176 527 2198 “
547 2173 644 2222 τοῖς
685 2168 866 2236 ἰ’χνεσιν
900 2167 1079 2218 αὐτοῦ”
1107 2170 1472 2217 κατακολουθεῖν
1498 2164 1714 2217 σπουδά-
1780 2180 1831 2212 Ib.
1854 2189 1904 2211 22.

132 2249 305 2316 ζοντες,
336 2250 400 2315 μὴ
428 2258 454 2280 “
474 2251 715 2316 λοιδορίαν
741 2252 843 2301 ἀντὶ
875 2249 1151 2316 λοιδορίας,”
1180 2247 1245 2313 μὴ
1271 2247 1428 2315 ἕτερόν
1453 2271 1498 2298 τι
1525 2254 1552 2276 “
1572 2245 1717 2298 κακὸν
1734 2259 1761 2300 b
1786 2271 1893 2303 miii.
1912 2282 1944 2316 9.

65 2340 159 2395 25‘}
186 2334 288 2383 ἀντὶ
334 2333 511 2383 κακοῦ”
548 2337 645 2386 τοῖς
685 2330 908 2383 ἐθέλουσι
952 2336 1118 2383 λυπεῖν
1156 2330 1464 2383 ἀντιδιδόντες
1506 2329 1716 2380 ἁλισκώ-

130 2419 266 2478 μεθα,
300 2419 499 2478 νικῶμεν
537 2412 586 2464 δὲ
623 2419 815 2478 μᾶλλον
841 2420 869 2443 ‘⁶
890 2416 937 2464 ἐν
976 2417 1042 2482 τῷ
1082 2415 1247 2483 ἀγαθῷ
1285 2411 1338 2463 τὸ
1379 2410 1567 2462 κακόν.”
1628 2409 1717 2476 ἐγῶ
1779 2401 1942 2475 ξξῖωψ·

129 2501 381 2563 τοιγαροῦν
409 2500 450 2546 οὐ
479 2495 592 2566 ζητῶ
615 2495 684 2556 τὴν
711 2493 839 2565 δόξαν
865 2520 965 2563 μου,
995 2497 1131 2564 φησὶ,
1160 2496 1235 2544 καὶ
1266 2495 1354 2562 οὐχ
1385 2496 1446 2547 ὡς
1473 2493 1719 2543 ἀκίνδυνον

130 2577 360 2631 καθιστὰς
403 2576 458 2629 τὸ
501 2579 797 2644 ἐμπαροινεῖν
835 2578 962 2646 αὐτῷ
998 2576 1107 2630 τοὺς
1145 2575 1418 2638 ἐθέλοντας,
1460 2575 1571 2624 ἀλλ’
1612 2572 1717 2624 οὐδὲ

179 2729 210 2752 2.
238 2716 292 2762 δέ]
317 2721 352 2758 -}-
374 2732 415 2761 με
434 2729 464 2751 a.
608 2729 642 2759 4.
671 2716 897 2761 ἐπισκήπτετε
915 2729 945 2751 a.
966 2716 1043 2751 Cat.
1064 2716 1166 2750 Harl.
1255 2717 1314 2749 τὸν
1332 2714 1463 2749 correxi
1482 2719 1562 2758 post
1580 2713 1715 2758 Migne.

130 2767 190 2809 τῆς
208 2764 276 2798 Ed.
419 2763 451 2797 6.
477 2764 611 2799 πάντως
628 2764 805 2808 assumpsi
822 2775 863 2797 ex
882 2775 925 2803 a.‚
945 2763 1005 2808 qui
1023 2769 1140 2796 tamen
1159 2761 1266 2805 δήπου
1284 2761 1427 2795 omittit.
1567 2769 1597 2804 7.
1622 2774 1716 2803 περι-

129 2813 272 2852 βάλλων
289 2811 435 2845 ὀνείδεσι
453 2823 483 2844 a.
502 2810 650 2844 ὀνείδεσι
667 2811 864 2853 περιβαλών
882 2809 948 2843 Ed.
1077 2820 1090 2842 1
1102 2820 1130 2842 Ι.
1157 2808 1305 2843 ἀνοσίων
1324 2807 1366 2841 Β.
1383 2807 1577 2850 ἀλλοτρίων
1597 2806 1715 2840 Holst.

131 2858 199 2892 Ed.
347 2869 399 2891 12.
423 2856 609 2892 Ἰουδαίους
625 2857 842 2891 παντάπασιν
859 2856 926 2890 hoc
943 2855 1065 2889 ordine
1086 2855 1127 2889 B.
1276 2865 1329 2897 15.
1355 2852 1506 2898 Πέτρου]
1527 2853 1668 2887 Παύλου
1686 2865 1715 2886 a.

133 2904 186 2938 16.
213 2903 266 2939 ὅτι
283 2916 346 2949 pro
365 2903 401 2939 ὃς
418 2915 448 2937 a.
548 2914 602 2937 20.
628 2903 681 2937 καὶ
699 2903 758 2937 οὐκ
776 2914 848 2937 om.
869 2902 910 2936 B.
931 2902 994 2935 Ht.
1013 2901 1161 2935 inseruit
1179 2913 1286 2935 sensu
1303 2907 1343 2935 ut
1360 2900 1431 2935 vid.
1447 2901 1607 2946 exigente
1620 2899 1716 2934 Aub.

131 2959 184 2995 27.
211 2951 323 2985 τοίνυν
339 2952 519 2996 τοιγαροῦν
536 2954 578 2984 ut
599 2961 700 2994 Saepe
720 2949 762 2984 Β.
908 2949 963 2983 28.
990 2948 1118 2983 ἐθέλων
1137 2948 1179 2982 Β.
1199 2947 1397 2982 emendavit
1417 2947 1481 2982 Ht.
