1971 3272
91 156 259 209 ix.2,3.
337 153 408 193 IN
456 153 498 193 S.
534 152 854 193 JOANNEM
924 152 1047 191 12113.
1078 152 1151 191 w.
1216 153 1350 192 (τΛι).
1388 152 1420 192 1.
1605 153 1680 191 143

89 288 239 316 ποντα
276 263 450 330 καιρόν.
509 268 545 314 εἰ
573 263 668 330 γὰρ
694 264 1043 329 ἐπαγγέλλεται
1072 262 1125 313 τὸ
1158 267 1489 328 μακροθυμεῖν,
1518 264 1592 311 καὶ
1629 261 1682 310 τὸ

89 346 423 397 κατατιθεσθαι
447 348 556 396 λιαν
576 346 781 400 εὐκόλως
803 345 1100 412 προσάπτων
1117 346 1399 411 εὑρίσκεται,
1420 349 1502 394 τοῦ
1523 343 1579 407 δὴ
1607 346 1681 392 καὶ

87 428 225 495 χάριν
266 429 434 527 ὁρᾶται
474 428 823 493 προστεθεικώς
863 435 889 456 “
917 426 1146 492 Επάγων
1191 428 1421 492 ἁμαρτιας
1466 448 1681 490 πατερων
1744 429 1876 503 {iffi-8.

89 511 216 561 “ε’πι
243 533 381 561 τεκνα
408 510 492 563 ἕως
518 511 678 577 τρίτης
705 534 781 561 και
808 511 1034 576 τετάρτης
1061 513 1255 574 γενεᾶς·
1245 551 1256 570 ,
1264 510 1286 524 ”
1329 531 1457 559 τουτι
1494 507 1587 573 γὰρ
1624 505 1681 570 ἧν
1698 530 1720 556 e

47 602 68 640 5
88 614 244 658 ετερον
269 597 352 642 τοῦ
379 594 584 658 δρῶντος
612 591 807 653 οὐδὲν,
786 617 814 656 η
841 596 1122 643 καταπτοεῖν
1147 591 1394 644 ἐθέλοντος
1425 613 1532 642 τους
1559 591 1682 639 ἐκδε-

88 674 314 742 χομένους
358 675 469 739 παρ’
510 675 654 725 αὐτοῦ
704 679 800 725 τῶν
846 673 1219 737 διεπταισμένων
1257 672 1343 737 τὴν
1382 672 1573 741 ἄφεσιν,
1621 672 1682 723 ὡς

90 756 351 819 οὐδαμόθεν
387 757 542 810 αὐτοῖς
583 755 780 825 ὑπάρξει
815 755 870 808 τὸ
905 758 953 807 ἐν
989 756 1194 818 ἐλπίσιν,
1230 755 1355 820 εἴπερ
1395 756 1541 808 οὕτως
1580 755 1684 803 ἐστὶ

88 840 382 902 μνησίκακος
435 840 509 889 καὶ
558 838 738 904 μακρὸς
789 843 852 892 εἷς
901 838 1051 905 ὀργὴν
1096 839 1120 888 ὁ
1171 839 1240 889 ἐπ’
1289 839 1445 890 αὐτοῖς
1496 834 1683 888 εἰκότως

89 919 430 984 λελυπημένος.
487 922 535 971 τί
571 921 618 971 δὲ
658 921 763 971 εἶπέ
793 944 872 984 μοι
912 923 988 971 καὶ
1023 919 1163 973 αὐτὸς
1198 920 1307 984 ἡμῖν
1341 921 1364 969 ὁ
1403 919 1684 986 ἱεροφάντης

21 1019 70 1044 10
91 1005 338 1066 Μωυσῆςς
380 1000 451 1069 ἆρ’
475 1003 578 1070 οὐχὶ
604 1002 810 1067 ποιήσας
838 1004 1002 1069 ὁρᾶται
1029 1007 1230 1069 πρᾶγμα
1256 1001 1682 1068 παραλογώτατον,

87 1088 123 1135 εὶ
148 1084 586 1151 προσκεκρουκότος
612 1091 694 1136 τοῦ
719 1084 924 1151 Ἰσραὴλ
962 1087 1038 1136 καὶ
1075 1083 1361 1150 κολάζεσθαι
1394 1082 1678 1148 μέλλοντος,

88 1166 318 1233 πρόσεισι
353 1166 438 1229 μὲν
460 1172 771 1234 παρακαλῶν,
800 1168 1069 1232 ἀμνηστίαν
1096 1167 1143 1218 δὲ
1178 1166 1265 1231 τὴν
1289 1166 1419 1233 παρὰ
1447 1170 1572 1216 Θεοῦ
1607 1167 1682 1215 καὶ

91 1249 458 1317 φιλανθρωπίαν
501 1253 644 1300 αἰτῶν
689 1251 771 1300 οὐκ
816 1250 1036 1314 εὐκαίρως
1081 1251 1206 1318 φησὶ
1251 1248 1370 1314 πρὸς
1412 1247 1536 1300 Θεόν
1566 1247 1723 1299 “Oua
1749 1263 1836 1297 593
1852 1262 1904 1296 A.

89 1331 305 1399 πέφυκας
332 1329 447 1382 εἶναι
473 1337 682 1385 τοιοῦτος
715 1334 777 1385 ὡς
812 1329 1085 1382 ἀποδιδόναι
1111 1330 1327 1397 πατέρων
1354 1331 1583 1397 ἁμαρτίας
1609 1331 1683 1381 ἐπὶ

27 1426 72 1466 15
92 1415 232 1465 τέκνα
275 1413 465 1465 τέκνων.
538 1418 678 1464 τοῦτο
727 1412 821 1479 γὰρ
871 1412 929 1478 ἧν
972 1414 1335 1479 παραθήγοντος
1386 1417 1578 1476 μᾶλλον
1623 1416 1685 1466 εἷς

91 1494 253 1562 ὀργὴν,
286 1494 313 1560 ὴ
353 1501 612 1550 καλοῦντος
650 1498 714 1550 εἷς
752 1493 901 1558 ἐ’λεον,
932 1497 1008 1545 καὶ
1042 1496 1358 1560 μνησικακίαν
1391 1495 1686 1564 ἐξαιτοῦντος

94 1581 287 1642 μᾶλλον
311 1576 340 1642 ὴ
365 1578 709 1645 μακροθυμίαν.
763 1578 874 1628 ἀλλ’
905 1575 1033 1641 οἶμαι
1060 1581 1297 1629 δυσωπεῖν
1324 1576 1469 1628 ἐδόκει
1501 1579 1576 1628 καὶ
1610 1576 1686 1627 διὰ

91 1660 271 1711 τούτων
318 1659 475 1723 αὑτὸν,
522 1662 597 1710 καὶ
647 1661 900 1727 μονονουχὶ
950 1658 1069 1726 πρὸς
1121 1658 1389 1724 ὑπόμνησιν
1440 1660 1570 1725 ἄγειν
1622 1657 1686 1711 ὧν

93 1742 230 1796 αὐτὸς
262 1742 543 1811 ἐφθέγξατο,
569 1741 645 1793 ὅτε
680 1745 764 1806 τῆς
795 1741 994 1806 ἐνούσης
1029 1742 1155 1811 αὐτῷ
1192 1741 1518 1810 χρηστότητος
1554 1744 1680 1793 ἔποι-

25 1843 76 1867 20
94 1829 187 1876 εῖτο
223 1824 308 1889 τὴν
334 1825 613 1892 ἀνάῤῥησιν.
668 1824 796 1878 ὅπως
831 1823 925 1890 γὰρ
960 1823 1100 1878 αὐτός
1133 1826 1237 1875 ἐστι
1273 1822 1576 1890 μακρόθυμος
1609 1825 1686 1874 καὶ

92 1907 365 1969 πολυὲλεος,
394 1909 468 1957 καὶ
497 1906 568 1957 ὅτι
600 1907 811 1974 πέφυκεν
838 1906 1070 1971 ἁμαρτίας
1105 1907 1181 1956 καὶ
1216 1907 1409 1969 ἀνομίας
1445 1908 1679 1974 ἀφαιρεῖν,
1703 1915 1730 1954 b

93 1991 143 2040 ἐν
176 1989 358 2042 τούτοις
398 1990 447 2039 εὖ
484 1987 619 2051 μάλα
658 1986 1087 2054 διαγνωσθήσεται,
1119 1990 1166 2039 ἐν
1201 1987 1269 2041 οἷς
1306 1988 1524 2052 μάλιστα
1562 1990 1691 2038 δοκεῖ

93 2095 162 2126 τις
200 2070 316 2122 εἶναι
354 2070 534 2137 πικρός.

167 2152 288 2205 Τίνα
330 2153 486 2205 τοίνυν
523 2155 738 2219 προσῆκε
778 2156 947 2218 νοῆσαι
986 2152 1163 2220 τρόπον
1201 2152 1260 2204 τὰ
1299 2153 1516 2220 εἰρημένα
1554 2152 1685 2220 παρὰ

26 2240 74 2279 ²5
95 2239 235 2298 Θεοῦ,
263 2235 434 2286 λοιπὸν
469 2233 596 2298 οἶμαι
635 2258 830 2302 πρεπειν
865 2240 1023 2287 εἰπεῖν.
1069 2243 1095 2266 “
1118 2234 1306 2302 Κύριος,
1335 2238 1472 2305 φησὶ,
1497 2235 1676 2303 μαΚΡό·
1747 2244 1840 2319 1:de
1844 2269 1850 2276 ’
1876 2287 1896 2319 6

97 2324 124 2347 ‘⁶
150 2322 297 2381 θυμος
341 2340 418 2368 και
461 2315 741 2381 πολυὲλεος,
784 2319 1002 2386 ἀφαιρῶν
1047 2318 1241 2381 ἀνομίας
1285 2341 1361 2368 και
1406 2318 1667 2384 ἀμαρτίας·’
1746 2301 1777 2373 ζ
1829 2300 1858 2320 v*
1901 2311 1909 2326 ¹

95 2397 195 2450 εἶτα
232 2399 286 2450 τὸ
325 2400 504 2450 τούτων
535 2400 744 2463 κείμενον
776 2399 947 2468 ἐφεξῆς
986 2402 1048 2454 ὡς
1087 2401 1135 2451 ἐν
1164 2400 1391 2466 ἐρωτήσει
1429 2401 1535 2462 μεθ’
1566 2401 1683 2451 ὑπο-

95 2484 302 2546 στιγμῆς
341 2480 718 2548 ἀναγνωσόμεθα
755 2489 783 2511 “
813 2483 907 2532 Και
945 2485 1227 2551 καθαρισμῷ
1266 2482 1321 2532 οὐ
1359 2485 1571 2547 καθαριεῖ
1602 2481 1686 2532 τὸν
1747 2501 1798 2533 112.
1818 2510 1846 2542 7·

96 2569 122 2593 “
148 2563 373 2631 ε”νοχον;”
414 2563 490 2614 ἵνα
527 2586 572 2614 τι
610 2569 823 2615 τοιοῦτον
861 2563 1088 2631 ἐννοήσῃς
1121 2565 1183 2614 Ὁ
1222 2562 1522 2629 μακρόθυμός
1561 2567 1686 2630 φησι

145 2739 177 2763 2.
204 2727 442 2762 κατιθεισσθαι
463 2727 544 2772 (Sic)
567 2728 608 2762 Β.
631 2728 873 2763 κατατίθεσθαι
900 2727 1100 2762 emendavit
1127 2728 1246 2762 Holst.
1298 2727 1401 2762 Forte
1427 2726 1686 2761 κατατιθασεύε·

97 2775 190 2810 σθαι.
269 2775 481 2820 προσάπτων
499 2774 541 2809 Β.
559 2775 646 2818 πρὸς
665 2775 767 2809 αὐτὸν
787 2774 850 2809 Ht.
869 2775 964 2809 unde
981 2775 1040 2809 τὸν
1057 2774 1162 2819 θυμὸν
1179 2774 1377 2808 emendavit
1395 2779 1434 2807 ut
1451 2773 1594 2808 adnotat
1610 2774 1685 2818 ipse

97 2821 192 2856 Aub.
348 2830 380 2866 7.
407 2820 513 2856 οὕτως
532 2821 574 2855 Β.
597 2821 660 2855 Ht.
678 2820 782 2856 ὅντως
799 2821 895 2855 Aub.
1055 2832 1108 2855 12.
1134 2822 1298 2865 πρόσεισι
1318 2820 1359 2855 Β.
1376 2822 1514 2865 πρόεισι
1534 2820 1596 2854 Ht.
1616 2820 1684 2855 Ed.

102 2878 154 2912 13.
175 2867 254 2901 ‘'O-n
271 2874 495 2912 assumptum
514 2879 555 2901 ex
575 2867 619 2902 Β.
742 2877 796 2912 15.
821 2867 944 2901 τέκνων
961 2874 1186 2913 assumptum
1204 2880 1245 2902 ex
1264 2867 1306 2901 B.
1417 2878 1473 2902 20.
1499 2867 1687 2912 ἀνάρρησιν

99 2914 203 2949 edidi.
220 2915 366 2958 άρρησιν
383 2915 464 2957 (sic)
480 2914 521 2948 B.
541 2914 735 2958 παρρησίαν
753 2914 952 2949 emendavit
972 2914 1035 2948 Ht.
1216 2925 1271 2948 21.
1296 2913 1458 2959 ἁμαρτίας
1478 2914 1531 2948 καὶ
1548 2914 1686 2959 ἀνομίας

101 2959 168 2994 hoc
186 2960 309 2995 ordine
328 2961 370 2996 B.
437 2960 564 2995 Statim
582 2961 742 3007 ἀφαιρεῖν
761 2961 804 2996 Β.
821 2961 969 3005 ἀναιρεῖν
989 2960 1052 2995 Ht.
1071 2960 1138 2996 Ed.
