2001 3261
233 278 304 314 34'

262 430 283 456 θ

84 1147 170 1180 629
185 1145 235 1180 Α.
267 1154 288 1178 a

266 1878 293 1918 b

295 117 377 156 196
696 116 745 156 Β.
780 115 1057 156 CYRILLI
1099 115 1479 156 ALEXANDR.
1739 113 1795 153 ix.
1815 125 1883 167 34.

316 276 611 333 ΑΠεκρίθΗσοιν
644 277 711 318 καὶ
750 273 870 318 εἶπον
904 277 1021 330 αὐτῷ
1046 276 1121 317 Ἐν
1154 276 1383 333 ἁμαρτίαις
1418 275 1465 317 σὺ
1503 275 1735 322 ἐπεννύθΗο
1773 274 1886 322 ὅλος,

470 360 538 401 καὶ
577 360 623 402 σὺ
663 360 877 402 διδάσκεις
915 360 1054 411 ἡμᾶς,
1105 360 1174 400 καὶ
1210 359 1417 409 ἐξέβαλον
1455 358 1584 402 αὐτὸν
1621 357 1722 399 ἔξω.

377 473 760 540 Δυσπαράδεκτα
787 478 883 526 τοῖς
909 477 1113 526 πολλοῖς
1139 472 1199 523 τὰ
1224 472 1280 541 ἐξ
1306 472 1516 539 ἐλέγχων
1542 469 1787 537 τραύματα
1815 469 1889 518 καὶ

302 557 330 620 ἡ
370 558 424 606 δι’
466 557 619 607 αὐτῶν
656 555 995 621 ἐπανόρθωσις.
1071 553 1212 605 οἶστά
1256 554 1342 618 μὲν
1379 554 1472 620 γὰρ
1517 556 1592 604 καὶ
1638 551 1749 616 ἡδεά
1793 554 1889 603 τοῖς

302 642 488 707 σοφοῖς,
516 639 703 703 ἐπείπερ
739 638 830 704 ἔχει
866 635 1058 700 πολλὴν
1091 638 1139 687 ἐν
1172 638 1350 689 ἑαυτοῖς
1385 634 1472 699 τὴν
1503 635 1668 699 ὄνησιν
1695 634 1771 684 καὶ
1805 630 1890 696 τὴν
1911 654 1932 691 5

303 723 364 773 εἷς
414 718 468 770 τὸ
520 720 709 782 ἄμεινον
756 718 1057 782 ἀνακομιδὴν,
1104 716 1192 769 κᾶν
1236 718 1547 785 συνεισβαίνῃ
1595 716 1648 768 τὸ
1700 715 1886 765 δοίκνον.

304 800 450 867 πικρὰ
476 800 523 851 δὲ
550 805 647 854 τοῖς
675 799 1087 870 φιλαμαρτήμοσι,
1112 802 1186 850 καὶ
1215 799 1289 850 διὰ
1315 799 1455 851 ποίαν
1481 799 1660 859 αἰτίαν,
1701 795 1888 864 ε’ῤῥιζώ-

303 905 474 936 σαντες
513 881 607 948 γὰρ
646 887 747 936 ταῖς
785 886 847 936 εἰς
886 881 940 933 τὸ
980 887 1171 949 φαῦλον
1207 882 1392 946 ἡδοναῖς
1430 881 1516 946 τὴν
1551 880 1770 942 διάνοιαν,
1807 877 1893 941 τὴν

304 966 516 1015 ἐντεῦθεν
566 963 732 1017 αὐτοὺς
782 964 1130 1030 ἀποκείρουσαν
1183 965 1434 1015 νουθεσίαν
1482 966 1543 1017 ὡς
1599 962 1653 1014 τὸ
1710 965 1894 1012 λυποῦν

305 1046 621 1112 ἐκτρέπονται,
658 1048 733 1096 καὶ
772 1046 941 1112 ζημίαν
980 1047 1203 1111 ἡγοῦνται
1243 1045 1328 1110 τὴν
1367 1048 1416 1097 ἐκ
1455 1051 1549 1097 τῶν
1586 1044 1732 1108 ἡδέων
1768 1045 1890 1093 ἀπο·
1917 1069 1964 1094 10

307 1127 497 1193 δρομὴν,
525 1126 689 1178 οὐδένα
719 1133 802 1178 τοῦ
830 1133 1100 1179 λυσιτελεῖν
1125 1127 1392 1196 πεφυκότος
1424 1128 1691 1191 ποιούμενοι
1726 1125 1891 1190 λόγον.

307 1209 449 1274 ὅνπερ
500 1208 594 1275 γὰρ
649 1209 828 1274 τρόπον
881 1212 923 1260 οἱ
978 1209 1088 1264 νεὼς
1139 1211 1499 1273 ἀποπίπτοντες,
1553 1213 1628 1261 καὶ
1681 1207 1895 1274 ποταμίῳ

306 1291 500 1358 ῥεύματι
554 1290 800 1357 γεγονότες
858 1292 1098 1355 ἁλώσιμοι
1155 1291 1483 1357 ἀντιπράττειν
1538 1290 1623 1356 μὲν
1681 1291 1895 1351 οὐδαμῶς

308 1374 548 1440 ισχύουσι,
585 1373 639 1424 τὸ
679 1373 726 1424 δὲ
765 1373 1100 1441 ἀντινήχεσθαι
1141 1379 1237 1427 τοῖς
1280 1375 1419 1424 ὕδασι
1458 1372 1709 1442 σφαλερὸν
1746 1370 1890 1435 ἡγού-

308 1478 451 1518 μενοι,
478 1454 598 1522 μόνῃ
636 1455 859 1524 φερονται
895 1459 952 1522 τῇ
988 1455 1129 1523 ῥύμῃ·
1173 1456 1254 1506 τὸν
1283 1455 1424 1506 αὐτὸν
1455 1454 1582 1519 οἶμαι
1618 1454 1794 1521 τρόπον
1820 1475 1894 1503 και
1920 1475 1966 1514 15

310 1538 448 1599 οὗτοι,
496 1560 600 1603 περι
648 1535 711 1586 ὡν
758 1537 927 1603 α’ρτίως
979 1539 1003 1587 ὁ
1047 1536 1209 1636 λόγος,
1254 1540 1319 1633 τῇ,
1357 1542 1451 1588 τῶν
1497 1538 1675 1588 οἷκειων
1718 1536 1897 1599 ηδονῶν

308 1618 543 1685 τυραννίδι
593 1618 849 1681 νικώμενοι,
893 1642 1055 1672 πασας
1099 1619 1220 1686 ἐχειν
1266 1620 1426 1672 αὑταῖς
1471 1619 1771 1684 ε’πιτρεπουσι
1815 1615 1899 1668 τὰς

309 1701 452 1764 ἡνίας,
481 1699 535 1751 τὸ
571 1702 868 1750 ἀντιστατεῖν
901 1699 1020 1750 κατά
1055 1723 1098 1750 τι
1135 1705 1251 1765 γοῦν
1276 1699 1651 1764 ἀπαυδήσαντες.
1707 1701 1894 1767 δυσφο-

309 1787 448 1848 ροῦσι
485 1788 736 1847 τοιγαροῦν
763 1786 804 1832 οἱ
841 1783 1034 1833 δείλαιοι
1063 1786 1330 1848 Φαρισαῖοι,
1359 1785 1433 1832 καὶ
1469 1788 1535 1851 τῷ
1571 1787 1665 1832 τῶν
1691 1782 1900 1846 ἀρίστων

311 1866 539 1930 εἶσηγητῇ
577 1868 903 1930 θηριοπρεπῶς
939 1863 1256 1929 ἐπιτρίζοντες,
1284 1865 1358 1915 ἐπὶ
1398 1863 1457 1915 τὰ
1496 1868 1577 1928 τῆς
1616 1865 1760 1929 ὀργῆς
1798 1861 1900 1929 χαί-
1921 1892 1970 1917 20

310 1968 450 2009 ρουσι
495 1946 730 2010 προοίμια,
777 1948 851 1996 καὶ
902 1946 1070 2008 μανίας
1118 1946 1381 2011 ἀπρόσιτον
1426 1944 1645 2013 ἀπαρχὴν
1689 1944 1900 2006 ἀναβλύ-

312 2027 466 2093 ζοντες
512 2030 817 2092 λοιδοροῦσιν
856 2030 1091 2090 ἀθέσμως,
1131 2030 1460 2091 ἀναπηδῶντες
1499 2028 1545 2078 δὲ
1585 2027 1761 2093 τρόπον
1799 2023 1902 2076 τινὰ

311 2107 431 2174 πρὸς
457 2107 542 2171 τὴν
569 2107 845 2175 σύντροφον
872 2110 1027 2161 αὐτοῖς
1055 2109 1333 2176 ὑπεροψίαν,
1363 2111 1399 2160 ἐν
1425 2112 1672 2177 ἁμαρτίαις
1697 2107 1896 2175 γεγεννῆ-

313 2190 433 2240 σθαί
474 2194 599 2258 φασι
644 2188 727 2239 τὸν
766 2189 965 2257 τυφλὸν,
1005 2191 1281 2243 Ἰουδαϊκαῖς
1326 2191 1558 2243 ὑπονοίαις
1603 2189 1722 2256 πρὸς
1765 2195 1904 2240 τοῦτο

315 2271 674 2336 διαπαιζόμενοι,
702 2272 775 2321 καὶ
810 2269 1070 2340 άσυστοῖτῳ
1106 2271 1307 2336 δόγματι
1343 2272 1740 2338 συναγορεύοντες
1774 2274 1899 2335 ἁμα·
1924 2294 1972 2333 25

317 2357 425 2406 θῶς.
495 2353 565 2403 ὅτι
606 2352 699 2418 γὰρ
745 2357 840 2402 τῶν
881 2351 1035 2402 ὄντων.
1072 2354 1219 2407 οὐδεὶς
1264 2355 1368 2404 οὔτε
1411 2355 1465 2403 δι’
1509 2353 1673 2404 ἑαυτὸν
1714 2352 1899 2419 κυρίως,

318 2436 421 2485 οὕτε
461 2433 555 2498 μὴν
594 2433 670 2484 διὰ
711 2432 818 2487 τοῦς
856 2433 1075 2488 τεκόντας
1115 2433 1257 2485 αὐτὸν
1295 2434 1324 2499 ἦ
1363 2433 1547 2505 τυφλὸς
1585 2436 1899 2497 ἀποτίκτεται,

368 2601 398 2624 1.
425 2589 513 2625 cmm
531 2589 573 2624 B.
750 2602 783 2631 4.
811 2590 910 2624 οἷστὰ
931 2590 1004 2623 Ra.
1024 2589 1073 2625 οἷς
1090 2591 1131 2624 τὰ
1152 2590 1269 2624 Holst.
1290 2590 1377 2633 ἡστὰ
1396 2603 1412 2624 e
1432 2590 1508 2625 Cat.
1530 2590 1630 2625 Harl.
1649 2590 1847 2624 emendavit
1865 2598 1905 2624 ut

319 2636 463 2670 adnotat
481 2637 553 2680 ipse
572 2635 665 2669 Aub.
734 2637 786 2669 καὶ
805 2637 998 2680 assumpsit
1016 2649 1032 2670 e
1053 2636 1131 2671 Cat.
1153 2637 1252 2671 Harl.
1268 2637 1363 2672 Aub.
1383 2644 1415 2671 et
1432 2638 1479 2671 ita
1496 2650 1526 2671 a.
1623 2637 1655 2670 6.
1683 2637 1904 2680 συιιεισβαίνῃ

320 2683 396 2717 B.a.
417 2681 646 2723 συνεισβιιίνει
666 2682 742 2716 Cat.
764 2683 862 2717 Harl.
883 2684 1053 2727 συμβαίνῃ
1076 2683 1137 2718 Ht.
1158 2683 1223 2717 Ed.
1456 2695 1485 2728 7.
1513 2682 1637 2728 ala-lav]
1663 2688 1699 2723 4-
1720 2683 1818 2716 ἷίκουε
1837 2683 1904 2717 Ed.

319 2729 437 2762 invitis
458 2729 534 2762 B.a.
599 2729 724 2763 Statim
743 2729 986 2773 ε’ρριζώσαντες
1003 2742 1033 2763 a.
1053 2730 1293 2775 ε’νριζώσαντες
1312 2730 1354 2764 Β.
1375 2731 1615 2774 εὐριζώσαντες
1633 2730 1699 2764 Ed.
1808 2741 1840 2774 9.
1865 2730 1904 2763 τὸ

318 2777 448 2809 λυποῦν
466 2775 570 2809 habet
590 2775 631 2809 B.
651 2777 830 2809 λυποῦσαν
848 2787 877 2809 a.
899 2776 976 2809 Cat.
998 2776 1097 2810 Harl.
1222 2777 1274 2810 16.
1300 2776 1446 2821 οἰκείων]
1469 2777 1560 2810 ἰδίων
1578 2776 1707 2809 οἶκείων
1727 2776 1766 2809 Β.
1786 2787 1904 2809 emen-

321 2821 415 2854 davit
436 2821 498 2854 Ht.
630 2833 682 2867 19.
709 2822 820 2856 τοίνυν
837 2833 867 2856 a.
998 2833 1053 2856 20.
1079 2823 1240 2866 χαίρουσι
1262 2823 1420 2868 [χὲρουσι
1442 2821 1500 2867 8.]
1524 2823 1564 2856 B.
1570 2834 1600 2856 a.
1620 2822 1696 2856 Cat.
1718 2821 1819 2855 Harl.
1840 2822 1903 2856 Ht.

321 2869 473 2910 χωροῦσι
492 2868 586 2901 Aub.
701 2879 756 2902 21.
783 2867 992 2912 ἀπορχην]’
976 2871 1080 2914 οργὴν
1097 2881 1127 2902 a.
1148 2869 1224 2903 Cat.
1246 2869 1345 2903 Harl.
1462 2879 1517 2911 24.
1544 2869 1633 2913 φασὶ
1651 2868 1855 2912 γεγενῆσθαι
1872 2880 1903 2903 a.

321 2913 492 2948 ι’πονοίαις
513 2914 649 2948 B.Cat.
672 2914 1044 2951 Ha11.Ht.‹1⁷.-ovoaeat9
1062 2915 1157 2949 Aub-
1303 2924 1358 2959 27.
1385 2931 1431 2957 η
1422 2917 1645 2959 assumptum
1664 2926 1704 2948 ex
1723 2926 1752 2948 a.
