1971 3272
99 146 184 187 viii.
207 148 272 189 28.
350 147 420 187 IN
465 147 506 187 S.
541 147 877 187 JOANNEM.
942 146 1063 186 11113.
1095 146 1141 186 V.
1204 146 1338 185 ('Al'.
1375 145 1449 184 lx'.
1632 147 1682 185 31

97 260 291 317 μοῦντες
326 255 419 321 γὰρ
457 256 746 324 ἀφυλάκτως
782 257 835 307 οὐ
871 254 1250 319 καταλήγουσιν,
1286 253 1416 303 ἀλλὰ
1451 252 1563 304 ποτὲ
1603 253 1688 314 μὲν

97 337 270 403 ἄκυρον
300 339 442 388 αὐτοῦ
477 344 666 389 ποιοῦσι
700 337 786 402 τὴν
817 337 994 406 φωνὴν,
1022 339 1098 387 καὶ
1131 336 1352 405 ψεύστην
1387 338 1686 386 ἀποκαλοῦσι

97 421 366 480 δυσσεβῶς·
409 419 463 470 τὸ
488 419 582 486 γὰρ
610 420 724 471 ὅλον
747 424 889 471 εἰπεῖν
916 427 942 448 “
962 420 1026 470 ‘H
1055 419 1286 484 μαρτυρία
1311 440 1403 467 σου
1437 418 1518 467 οὐκ
1556 417 1687 467 ε”στιν

98 508 124 531 “
151 501 373 564 ἀληθὴς,”
402 502 450 553 τί
480 501 538 553 ἂν
565 502 720 568 ἕτερον
748 502 814 565 ε’ίη
848 502 1018 552 λοιπὸν
1044 500 1072 565 ἢ
1101 506 1269 560 τοῦτος
1310 499 1422 550 ποτὲ
1457 498 1503 549 δὲ
1539 499 1686 549 πάλιν

55 583 154 652 5ἐξ
193 584 379 649 ἀγάπης
426 585 580 637 αὐτοῖς
625 583 684 634 τὰ
729 588 791 637 εἷς
835 584 1075 649 σωτηρίαν
1114 582 1449 650 εἷσηγουμένῳ,
1491 583 1565 631 καὶ
1611 579 1686 630 διά

98 670 238 716 τοῦτο
265 666 467 731 λέγοντι,
496 666 567 717 ὅτι
594 672 620 696 “
640 665 759 716 Ἐὰν
782 664 847 729 μὴ
874 666 1164 729 πιστεύσητε
1201 664 1271 714 ὅτι
1306 663 1398 729 ἐγώ
1430 667 1534 726 εἰμι,
1561 665 1680 713 ἀπο-

100 754 127 777 “
152 751 370 798 θανεῖσθε
409 748 456 798 ἐν
491 753 591 801 ταῖς
630 749 878 814 ἁμαρτίαις
919 746 1088 810 ὑμῶν,”
1115 746 1444 812 ἀντηγείροντο
1486 749 1682 811 θερμῶς,
1704 764 1725 791 e

99 831 175 880 καὶ
203 834 297 883 τοῖς
324 830 380 898 ἐξ
403 828 591 895 ἀγάπης
618 831 772 883 αὐτοῖς
798 829 979 897 ῥήμασι
1006 828 1113 882 τοὺς
1149 829 1205 897 ἐξ
1236 829 1457 882 ἀπονοίας
1484 825 1680 895 ἀντεξά-

98 933 261 975 γοντες
289 911 475 977 λόγους,
504 912 719 981 ἔφασκον
747 910 816 962 Σὺ
843 913 913 965 τίς
943 910 1014 973 εἶ;
1059 910 1146 962 ἔδει
1172 912 1327 961 τοίνυν
1353 915 1448 962 τοῖς
1475 909 1686 976 ἀκράτως

32 999 79 1042 ἰο
99 994 245 1047 οὕτως
277 994 684 1059 ἐγκεκυλισμένοις
710 998 771 1048 εἷς
798 994 1079 1061 παράλογον
1106 993 1285 1060 θράσος
1320 998 1403 1043 τοῦ
1438 994 1682 1061 σωφρονί-

98 1077 256 1141 ζοντος
291 1076 453 1142 λόγου,
483 1078 558 1127 καὶ
593 1077 901 1142 μετριώτερον
927 1076 1046 1144 ἔχειν
1074 1076 1405 1128 ἀναπείθοντος
1441 1074 1683 1143 φρόνημα,

98 1157 296 1224 χαλινὸν
332 1157 379 1208 δὲ
415 1157 586 1210 λοιπὸν
619 1158 902 1212 ἐπιτιθέντος
937 1161 1013 1208 καὶ
1049 1159 1135 1225 οὐχ
1172 1157 1345 1225 ἑκούσῃ
1381 1161 1438 1224 τῇ
1473 1157 1683 1225 γλώττῃ.

99 1237 175 1289 διὰ
209 1238 384 1299 ταύτην
411 1241 566 1294 αὐτοῖς
596 1241 780 1304 ἠπείλει
806 1240 891 1304 τὴν
917 1241 1067 1291 αἰτίαν
1093 1239 1416 1306 ἐναργέστατα
1442 1239 1598 1304 λέγων
1625 1242 1688 1292 ὡς

100 1321 154 1370 οὐ
193 1322 526 1390 διαφεύξονται
565 1321 651 1386 τὴν
688 1323 761 1390 ἐφ’
801 1321 869 1376 οἷς
909 1325 1210 1383 δυσσεβοῦσι
1248 1321 1463 1383 κόλασιν,
1501 1322 1611 1371 ἀλλ’
1649 1325 1686 1371 εἱ

1749 415 1855 452 Supra.

1751 467 1812 486 ver.
1837 465 1882 495 ¹3·

1748 673 1797 704 11».
1819 682 1866 713 ²4·

1749 925 1798 956 Ib.
1822 934 1871 965 ²5·

34 1419 80 1457 15
101 1404 175 1453 καὶ
201 1402 320 1470 πρὸς
347 1403 399 1454 τὸ
426 1404 580 1471 παρὸν
607 1404 972 1473 ἀνεξικακοῦντα
998 1404 1278 1467 βλέπουσιν,
1304 1404 1414 1454 ἀλλ’
1445 1407 1507 1456 εἷς
1542 1403 1685 1468 πέρας
1705 1428 1725 1452 a
1765 1419 1841 1454 517
1856 1418 1907 1453 A.

99 1486 255 1539 αὐτοῖς
294 1485 348 1537 τὸ
390 1485 540 1537 δεινὸν
579 1486 922 1555 διεξοιχομένης
962 1489 1046 1551 τῆς
1091 1490 1152 1541 εἷς
1197 1485 1340 1537 αὐτὸν
1379 1486 1681 1548 δυσσεβείας,

98 1567 314 1619 τουτέστι
349 1574 439 1633 τοῦΙ
467 1567 672 1620 θανάτου
707 1571 783 1620 καὶ
820 1573 903 1620 τοῦ
937 1575 1162 1635 σταυροῦ,
1187 1568 1434 1620 πάνδεινον
1467 1567 1682 1632 ὑποστή-

98 1672 266 1700 σονται
305 1650 450 1714 δίκην,
478 1653 553 1702 καὶ
589 1649 833 1720 ἀφόρητον
865 1651 1183 1720 ἀντιδέξονται
1218 1649 1489 1719 συμφορὰν,
1519 1648 1605 1714 τὴν
1637 1651 1686 1700 ἐκ

98 1737 182 1783 τοῦ
215 1732 426 1793 πολέμου
465 1732 684 1797 δηλονότι
722 1738 806 1784 τοῦ
843 1733 963 1799 πρὸς
986 1734 1261 1795 Ῥωμαίους,
1289 1731 1338 1786 ὃς
1375 1733 1529 1785 αὐτοῖς
1567 1730 1684 1792 μετὰ

33 1832 82 1858 20
99 1813 181 1865 τὸν
222 1820 306 1865 τοῦ
350 1818 572 1882 Σωτῆρος
615 1815 796 1880 συνέβη
842 1815 1053 1882 σταυρὸν
1097 1816 1154 1884 ἐξ
1194 1816 1337 1882 ὀργῆς
1381 1817 1464 1878 τῆς
1508 1814 1686 1864 ἄνωθεν

98 1896 228 1964 παρὰ
255 1901 392 1949 Θεοῦ.
444 1896 514 1948 ὅτι
541 1896 591 1948 δὲ
615 1897 820 1961 ἔμελλον
848 1899 1088 1961 ὑπομεῖναι
1114 1897 1173 1948 τά
1199 1897 1505 1965 παγχάλεπα,
1532 1895 1686 1964 σαφέ-

98 1979 271 2045 στερόν
296 2002 388 2030 που
413 1977 562 2031 πάλιν
588 1980 744 2034 αὐτοῖς
768 1980 792 2029 ὁ
820 1979 989 2045 Σωτὴρ
1024 1978 1339 2044 κατεσήμαινε
1373 1979 1544 2044 λέγων,
1571 1977 1686 2028 ποτὲ

97 2058 183 2122 μὲν
208 2058 326 2124 πρὸς
353 2059 436 2113 τὰς
462 2059 723 2112 κλαιούσας
750 2064 972 2125 γυναῖκας
999 2066 1026 2088 “
1049 2059 1316 2124 Θυγατέρες
1341 2058 1679 2125 Ἰερουσαλὴμ,

99 2147 125 2170 66

819 2222 1023 2275 ((’Όταν
1061 2223 1184 2288 ’ίδητε
1232 2223 1555 2289 κυκλουμένην
1594 2224 1683 2276 ὑπὸ

0 2228 124 2281 ¹25“
152 2224 326 2285 ὑμῶν·”
381 2223 494 2274 ποτὲ
539 2222 587 2273 δὲ
631 2223 780 2275 πάλιν

98 2310 125 2334 “
151 2306 489 2371 στρατοπέδων
532 2303 619 2369 τὴν
668 2305 1000 2372 Ἰερουσαλὴμ,
1051 2305 1155 2357 τότε
1208 2308 1348 2372 ἐρεῖτε
1405 2311 1500 2360 τοῖς
1552 2306 1683 2373 ὄρεσι

98 2392 126 2416 “
154 2386 424 2454 Καλύψατε
457 2388 593 2452 ἡμᾶς,
621 2390 696 2438 καὶ
727 2393 823 2441 τοῖς
858 2393 1046 2449 βουνοῖς
1081 2388 1272 2439 Πέσατε
1307 2389 1378 2457 ἐφ’
1407 2387 1575 2452 ἡμᾶς,”
1624 2393 1685 2442 εἷς

97 2474 236 2519 τοῦτο
262 2468 356 2535 γὰρ
381 2470 622 2523 Ἰουδαίοις
659 2469 717 2520 τὰ
753 2471 802 2520 ἐκ
838 2475 921 2521 τοῦ
955 2470 1166 2533 πολέμου
1203 2471 1413 2536 περίεστι
1452 2470 1596 2533 πάθη,
1624 2473 1685 2523 ὡς

97 2553 180 2614 τῆς
219 2552 404 2602 ἐκείνων
435 2553 597 2618 πείρας
632 2556 728 2602 πᾶν
763 2549 882 2605 εἶδος
917 2551 1121 2602 θανάτου
1157 2552 1378 2617 γενέσθαι
1412 2550 1608 2615 γλύκιον
1635 2573 1684 2600 τε

29 2655 80 2693 3ο
98 2634 173 2683 καὶ
200 2633 518 2700 αἱρετώτερον·
562 2632 648 2696 τὴν
674 2633 721 2683 δὲ
755 2636 838 2697 τῆς
869 2634 1027 2700 χώρας
1055 2635 1208 2684 αὐτῶν
1235 2632 1578 2701 ἐξανάστασιν,
1608 2634 1684 2682 καὶ

145 2829 179 2862 3.
206 2818 288 2852 ὅλον
310 2817 348 2851 ss.
372 2817 489 2851 Holst.
509 2817 597 2852 ὅλως
614 2817 812 2851 emendavit
830 2824 868 2852 ut
886 2817 1031 2852 adnotat
1051 2817 1124 2861 ipse
1141 2816 1236 2850 Aub.
1497 2826 1549 2860 19.
1577 2815 1613 2851 ὃς
1631 2827 1686 2849 as-

100 2867 285 2909 sumptum
304 2877 345 2898 ex
364 2877 407 2904 a„
426 2872 458 2898 et
476 2865 522 2897 ita
539 2864 686 2909 conjecit
708 2864 834 2908 Heyse.
1043 2874 1098 2897 20.
1125 2863 1162 2906 ἐξ
1180 2863 1283 2907 ὀργῆς
1300 2863 1357 2905 τῆς
1374 2862 1537 2896 emendat
1557 2863 1686 2907 Heyse.

100 2911 315 2956 ἐξοργισθεὶς
332 2911 399 2945 Ed.
452 2911 548 2945 Haec
567 2911 694 2944 desunt
712 2911 748 2944 in
767 2923 797 2944 a.
938 2920 993 2956 27.
1022 2909 1201 2954 καλύψατε
1221 2910 1262 2944 Β.
1284 2910 1441 2954 κάμψατε
1461 2908 1515 2954 ἐφ’
1538 2909 1601 2943 Ht.
1621 2909 1687 2943 Ed.

102 2957 238 2992 Πέσατε
258 2958 299 2992 Β.
316 2957 439 2992 πέσετε
460 2957 522 2992 Ht.
546 2957 612 2991 Ed.

1748 2072 1780 2103 S.
1797 2072 1877 2103 Luc.

1746 2117 1838 2147 xxiii.

152 2140 217 2204 μὴ
246 2142 429 2192 κλαίετε
456 2139 524 2192 ἐπ’
552 2143 665 2203 ἐμοὶ,
693 2141 878 2192 κλαίετε
906 2141 953 2192 δὲ
979 2141 1052 2209 ἐφ’
1084 2143 1202 2205 ὑμᾶς
1234 2144 1308 2192 καὶ
1344 2143 1418 2192 ἐπὶ
1453 2141 1512 2192 τὰ
1547 2142 1684 2192 τέκνα
1701 2155 1728 2196 b
1748 2160 1799 2190 28.

1746 2225 1797 2256 ΙΙ).
1816 2225 1884 2255 xxi.

1749 2278 1799 2299 20.

1746 2320 1799 2350 ΙΙ),
1814 2319 1904 2351 xxiii.

1748 2372 1799 2402 30.
